2352 3736
148 2844 206 2874 Fol.

235 2853 280 2881 37·

358 162 453 207 172
704 145 1033 189 Saue-*rr

317 232 435 275 italique
444 241 534 266 manu
543 253 551 261 .
578 234 645 263 Nos
657 235 783 264 inermes
797 241 831 263 ac
844 230 940 268 nudi,
953 233 1002 269 qui
1013 236 1144 262 terrenos
1155 229 1193 263 β·

313 285 452 317 carnales
466 286 609 314 exercitus
622 291 679 314 non
690 281 829 314 babemus
841 302 850 317 ‚
879 283 1049 311 invocamus
1076 281 1195 313 Princi-

314 340 385 375 pem
395 339 539 365 exercitus
555 338 648 363 omnis
661 339 801 364 creaturae
811 325 961 369 sedentem
973 333 1005 360 in
1013 331 1091 362 coelis
1105 354 1113 361 .
1127 328 1196 364 Uti

320 382 477 414 Ravenna
490 380 699 418 Exarchum,
729 381 772 410 ita
786 377 939 411 Romana
963 379 1078 413 civitas
1101 378 1197 414 habe-

319 430 372 464 bat
385 432 515 466 Ducem
538 430 595 463 fibi
616 431 657 463 ab
677 428 874 470 Imperatore
895 427 1084 464 Praefessum
1106 452 1117 469 ,
1142 430 1196 465 cui

318 487 409 530 juxta
421 485 589 523 antiquum
601 477 731 519 Imperii
755 488 881 511 morem
901 478 1022 512 militia
1045 478 1196 522 parebat.

319 539 363 572 Et
378 536 454 569 hinc
467 530 633 564 laudatum
647 526 848 561 Pontificem
862 551 872 566 ,
893 527 935 561 ab
945 528 1050 571 impio
1063 528 1199 572 Impera·

319 581 565 627 rorequaesitum
588 578 669 611 serio
691 577 730 610 ad
754 587 914 618 mortem,
935 578 954 611 a
975 577 1137 613 Venetica
1167 579 1201 613 δε

319 630 570 675 Pentapolitana
591 626 707 662 militia
731 628 823 660 fuisse
840 628 1011 662 defensum
1033 627 1143 663 scribit
1164 629 1199 662 in

318 686 385 728 ejus
396 682 462 715 vita
476 678 664 713 Anastafius
685 677 960 716 Bibliothecarius
977 703 984 711 .
1012 678 1124 713 Etiam
1149 679 1201 712 ad·

318 735 445 768 versum
484 727 727 772 Longobardos
747 752 759 767 ,
784 726 978 770 Apostolica
1002 729 1200 772 patrimonia

318 784 478 817 vastantes
485 791 523 814 ac
539 778 727 812 invadentes
737 800 747 816 ,
758 777 816 811 sub
827 777 938 812 Caroli
952 778 1073 823 Magni
1085 780 1118 814 &
1133 779 1200 821 ejus

317 833 522 879 posterorum
533 829 673 871 Imperio
685 827 813 862 nullum
831 829 1012 862 exercitum
1036 840 1093 864 aut
1116 829 1201 864 mili-

315 895 388 922 eem
401 880 545 917 habuiffe
558 879 679 923 legitur
703 878 856 912 Romana
880 878 1041 913 Ecclesia.
1068 879 1200 924 Nempe

317 930 535 969 Constantini
546 929 664 974 Magni
677 927 816 963 donatio
831 928 987 963 militiam
1001 929 1035 964 &
1049 930 1199 975 gladium

317 984 475 1029 Augusto
486 980 633 1023 Principi
650 979 835 1014 reservarat.

370 1032 416 1068 Et
436 1032 517 1067 hinc
536 1030 641 1064 oritur
661 1028 820 1072 quaestio,
845 1028 1009 1077 Qisnam
1031 1030 1200 1065 Romano·

319 1096 392 1119 rum
404 1080 611 1117 Pontificum
632 1081 757 1123 primus
779 1080 982 1123 assumpserit
1003 1080 1053 1123 jus
1073 1079 1197 1124 gladii,

312 1136 353 1169 v&3
363 1131 590 1175 conscripserit
601 1130 797 1164 exercitum?
824 1130 1019 1164 Leodienses
1031 1131 1065 1164 in
1077 1131 1198 1164 famosa

314 1185 471 1219 adversus
493 1179 682 1216 Paschalem
706 1179 882 1214 secundum
900 1179 1103 1214 Pontificem
1138 1182 1207 1223 pro·

318 1235 473 1269 Henrico
499 1233 698 1274 Imperatore
734 1229 882 1273 Epistola
910 1230 1074 1264 affirmant
1103 1229 1198 1264 fuisse

317 1284 517 1328 Gregorium
530 1281 703 1325 septimum
716 1278 732 1312 :³
752 1283 834 1323 ,Quis
851 1277 1020 1319 Pontificem
1031 1282 1198 1313 Romanum

318 1345 462 1376 umquam
479 1330 544 1376 suis
569 1334 701 1364 Decretis
717 1330 941 1370 *auamzavm
966 1338 1001 1361 ut
1021 1329 1127 1363 debeat
1131 1330 1197 1374 gla-

316 1385 366 1417 dio
384 1393 418 1416 ac
438 1382 509 1416 bello
530 1386 565 1414 in
586 1387 744 1422 peccantes
770 1385 816 1414 uti
838 1379 856 1412 ,ἲ
893 1382 1054 1424 Gregorius
1076 1386 1197 1422 primus

317 1434 408 1476 hujus
426 1437 553 1466 nominis
584 1433 674 1472 Papa
688 1454 700 1470 ‚
739 1431 818 1472 quid
837 1440 938 1463 omnes
957 1439 1029 1463 ante
1046 1428 1081 1472 je
1102 1433 1198 1472 Papae

313 1483 405 1529 saper
424 1481 477 1517 boc
490 1478 660 1524 senserint,
683 1480 718 1512 Θ
739 1480 816 1521 quid
841 1490 939 1512 omnes
955 1479 1021 1520 post
1036 1478 1070 1521 se
1085 1478 1199 1524 sentire

317 1534 467 1574 debeant,
491 1529 616 1571 ostendit
620 1527 755 1573 scribens
766 1529 926 1562 Sabiniano
935 1527 1081 1562 Diacono.
1110 1529 1197 1564 Lau-

314 1584 428 1618 datam
440 1581 545 1616 Sausti
554 1579 707 1623 Gregorii
720 1577 901 1622 Epistolam
913 1579 946 1611 in
962 1579 1079 1612 eodem
1090 1579 1195 1613 nobis·

314 1645 394 1669 cum
408 1633 502 1667 sensu
512 1638 706 1674 exponunt,
731 1629 767 1662 &
790 1639 929 1672 pergunt
943 1642 954 1661 .-
981 1633 1041 1662 Hoc
1063 1629 1195 1670 exemplo

315 1695 416 1717 omnes
427 1685 448 1715 ἱ
453 1687 552 1724 primo
563 1683 701 1724 Gregorio
709 1685 853 1716 contenti,
877 1677 1036 1710 utebantur
1053 1676 1113 1720 solo
1128 1679 1195 1721 gla-

315 1735 365 1767 dio
371 1731 526 1776 spirituali
535 1728 624 1773 usque
634 1730 679 1762 ad
693 1729 830 1767 ultimum
851 1730 1028 1770 §regorium
1042 1751 1054 1767 ,
1079 1729 1116 1760 id
1133 1726 1192 1767 est,

315 1781 582 1821 Hildebrandum,
605 1783 656 1821 qui
663 1784 782 1820 primus
791 1776 845 1821 se,
871 1777 907 1810 (st
914 1775 967 1818 suo
978 1778 1192 1818 exemploalios

315 1834 476 1875 Pontifices
497 1839 600 1864 cmtra
618 1833 814 1870 Imperatores
840 1832 969 1859 accinxit
986 1827 1089 1870 gladio
1104 1826 1191 1860 belli.

315 1882 477 1918 Etinfra:
505 1879 660 1918 madentis
680 1878 875 1920 Evangelicis
901 1900 912 1918 ‚
939 1877 1101 1918 Apostolicis
1122 1901 1134 1918 ,
1159 1878 1192 1910 cb·

310 1932 500 1975 &raphanis
514 1929 682 1970 testimoniis
693 1933 759 1960 inni
765 1927 899 1960 rebamur
915 1950 925 1965 ,
951 1928 984 1959 er
1000 1928 1079 1969 quod
1096 1931 1192 1959 minus

312 1982 447 2017 babebat
457 1985 608 2018 materia,
634 1977 761 2021 augebat
782 1977 1105 2019 exemplorum'copia.
1135 1980 1192 2012 Hic

314 2035 387 2066 vera
399 2033 477 2074 quid
488 2032 586 2063 dicam
598 2026 705 2070 nefiio.
735 2028 805 2068 ‚Quo
814 2038 858 2058 me
874 2034 993 2058 vertam
1012 2038 1069 2060 non
1084 2027 1170 2060 vldeo
1183 2051 1191 2057 .

313 2085 346 2115 51'
358 2087 438 2115 enim
447 2078 600 2122 utriusque
610 2080 685 2120 legis
692 2085 786 2108 totam
796 2074 1013 2108 Bibliothecam
1025 2100 1036 2117 ,
1058 2075 1086 2117 fi
1094 2087 1191 2109 omnes

310 2138 405 2165 totius
441 2128 632 2162 Bibliotheca
670 2134 788 2159 veteres
813 2124 987 2166 expofitores
1005 2127 1187 2166 revolvam,

313 2180 481 2223 exemplum
497 2177 588 2219 hujus
607 2175 754 2218 Apostolici
770 2180 915 2216 praeceptt
933 2186 990 2208 non
1017 2181 1190 2210 inveniam.

315 2234 399 2265 solus
410 2228 634 2263 Hildebrandus
647 2229 735 2266 Papa
742 2225 878 2257 ultimam
889 2237 1010 2258 manum
1017 2224 1113 2268 sacris
1133 2228 1191 2258 Ca-

313 2280 442 2315 monibus
453 2277 587 2321 imposuit
599 2301 610 2317 ,
633 2287 719 2318 quem
744 2276 869 2318 legimus
886 2276 1051 2317 praecepisse
1071 2274 1193 2309 Matbil-

314 2333 349 2364 di
369 2328 583 2372 Marchioniffae
604 2332 637 2359 in
655 2326 839 2365 remissionem
857 2333 1038 2367 peccatorum
1052 2325 1191 2369 suorum,

314 2391 349 2414 ue
385 2380 544 2414 debellaret
581 2379 740 2410 nomicum
772 2379 983 2416 Imperatorem
1003 2400 1011 2407 .
1046 2375 1193 2410 Ecclesiae

316 2431 426 2466 hostes
436 2430 470 2463 &
483 2428 615 2473 proprio
624 2427 658 2460 ἀ
670 2426 779 2460 alieno
790 2425 902 2469 gladio
914 2424 1065 2459 invadere
1076 2451 1087 2467 ,
1114 2426 1196 2460 istis-

314 2492 381 2524 que
391 2478 551 2514 militibus
562 2478 693 2521 plenam
713 2485 921 2519 peccatorum
948 2475 1194 2520 Indulgentiam

312 2529 477 2573 impartiri
501 2536 709 2570 nequaquam
732 2524 831 2567 coepit
852 2524 890 2557 in
909 2525 1046 2567 Synodo
1083 2526 1195 2560 Claro-

312 2586 475 2614 montana
499 2576 662 2612 Urbanus
693 2573 879 2608 secundus:
917 2575 1013 2608 antea
1039 2576 1117 2609 fecit
1161 2577 1194 2610 &

316 2629 500 2673 Gregorius
519 2626 693 2669 septimus,
720 2623 870 2665 illiusque
886 2624 1003 2657 fatiam
1027 2625 1061 2658 in
1073 2625 1195 2660 Henri-

315 2681 347 2712 ci
360 2677 566 2722 Imperatoris
575 2675 713 2720 gratiam
727 2673 893 2707 damnavit
905 2672 1020 2707 Clerus
1032 2674 1194 2709 Leodien-

317 2729 357 2763 fis
368 2754 382 2761 ..
403 2726 557 2772 Ejusdem
580 2725 751 2769 opinionis
762 2723 826 2757 fuit
833 2724 973 2757 famosus
984 2724 1126 2758 Henrici
1139 2725 1193 2760 ad-

316 2780 423 2813 versus
434 2775 633 2821 Gregorium
646 2773 822 2818 Apologus
833 2797 845 2813 ,
871 2773 905 2806 in
917 2773 1021 2808 Libro
1040 2774 1084 2808 de
1105 2775 1194 2809 Uni-

317 2838 384 2863 tate
396 2827 542 2862 Ecclefiae
561 2825 745 2859 Veneticus
765 2823 945 2866 Episcopus
958 2823 1191 2859 Vercellenfis:

319 2879 497 2912 Hildebrant
509 2879 598 2917 Papa
608 2881 641 2907 in
651 2873 731 2918 usum
742 2874 808 2907 belli
828 2874 971 2906 conduxit
990 2875 1101 2906 milites
1126 2878 1192 2907 Rei-

315 2929 462 2969 publice,
485 2937 550 2961 cum
573 2926 736 2958 militantes
756 2927 819 2956 Deo
842 2923 991 2965 implicare
1005 2921 1041 2965 se
1064 2934 1120 2956 non
1142 2925 1191 2957 de-

321 2978 411 3011 beant
421 2982 544 3022 negotiis
549 2974 745 3019 soecularibus
758 2997 769 3012 ,
794 2974 828 3006 (9
848 2980 972 3015 propter
987 2971 1191 3015 supplementa

318 3025 576 3066 stipendiariorum
595 3023 739 3068 spoliavit
756 3027 922 3055 Romanam
942 3022 1097 3064 Ecclcfiam
1115 3024 1191 3056 obla-

323 3076 449 3108 tionibus
481 3078 612 3118 fidelium
633 3099 644 3115 ,
669 3073 773 3118 quibus
798 3072 941 3106 baHenus
958 3070 1070 3115 solebat
1084 3071 1193 3115 susten-

323 3132 388 3155 tare
410 3126 603 3167 indigentiam
619 3133 783 3166 pauperum
805 3148 813 3155 .
840 3124 974 3157 Fatetur
995 3123 1190 3167 Gregorium

324 3173 459 3215 propriis
474 3184 539 3206 non
553 3175 707 3217 pugnasse
722 3172 893 3213 manibus,
904 3183 1049 3208 attamen
1059 3172 1191 3208 damnat

319 3222 374 3256 uti
396 3223 534 3264 primum
557 3221 685 3264 Papalis
705 3223 830 3260 militiae
848 3224 1036 3262 auctorem,
1059 3223 1116 3267 qui
1133 3223 1193 3257 Ec-

320 3271 494 3304 clesiastica
507 3282 680 3314 pauperum
694 3272 781 3306 bona
791 3284 866 3306 cum
889 3273 1014 3307 Carolo
1035 3272 1192 3307 Martello

323 3321 488 3356 inmilites
497 3318 658 3354 diviserit,

321 3390 324 3395 -
376 3372 419 3405 Et
443 3369 571 3413 quidem
592 3368 776 3411 Gregorius
799 3371 951 3405 militiam
972 3372 1113 3407 omnino
1137 3369 1193 3407 ha-

321 3421 396 3456 buit
410 3445 417 3453 .
443 3421 546 3455 Lucet
557 3428 597 3452 ex
609 3417 676 3461 ejus
687 3418 833 3452 adversus
844 3420 1040 3456 Guibertum
1065 3423 1191 3457 Raven-

1102 143 1440 189 Lnouts

1511 145 1748 197 Nou!

1255 227 1633 274 naeArchiepiscopum,
1663 234 1719 277 qui
1747 234 1908 281 Papatum
1929 237 1972 274 ab
1993 236 2144 278 Henrico

1256 279 1401 315 intrusus
1414 279 1594 321 invaserat,
1622 282 1792 321 &dicaam
1811 286 1972 324 Romanae
1994 291 2141 326 Ecclesiae
2178 315 2183 321 -

1255 330 1426 365 civitatem
1447 329 1483 363 in
1508 329 1688 364 rebellione
1719 334 1887 371 detinebat
1908 361 1920 378 ‚
1950 340 1993 374 ad
2019 353 2138 376 omnes
2155 315 2283 395 {gssstsq

1256 379 1481 415 Orthodoxos
1506 380 1692 424 Episcopos.
1713 383 1830 418 litteris
1850 397 1861 419 t
1885 381 2044 430 cupiente:
2063 393 2138 424 san·
2232 378 2239 385 ⁶
2284 377 2294 386 ⁹

1254 431 1335 465 tiam
1348 433 1556 464 Ravennatem
1569 430 1734 473 Ecclesiam
1740 434 1777 467 de
1787 434 1924 470 manibus
1935 443 2036 482 inpiis
2044 447 2137 483 ηιμ.

1256 492 1289 514 re
1306 504 1317 520 ,
1327 481 1362 514 <a
1375 478 1524 522 Patrisuo
1535 481 1619 515 beato
1645 485 1734 518 'Petro
1758 483 1904 523 restituere
1914 509 1926 526 ‚
1940 494 2044 528 panes
2065 492 2138 525 mas

1257 538 1381 563 armata
1393 540 1485 563 manu
1490 538 1634 572 petemus:
1646 556 1658 573 ,
1683 534 1716 566 ἐν
1730 541 1788 576 per
1808 533 1894 576 ipfius
1915 540 2060 573 manilium
2081 550 2135 574 nos

1257 591 1324 614 eam
1343 579 1520 613 liberaturos
1543 604 1554 619 ‚
1592 580 1682 617 haud
1701 584 1789 618 dubie
1809 586 1957 619 credimus
1983 611 1991 618 .
2031 589 2134 637 Qud

1260 631 1364 674 ipsum
1377 629 1488 663 scribit
1498 629 1540 663 ad
1551 629 1645 666 distae
1657 631 1798 668 civitatis
1820 635 1955 670 Clerum
1973 637 2008 670 δε
2027 636 2135 681 Popu-

1259 679 1329 714 lum
1345 700 1356 718 ,
1381 679 1421 712 ad
1443 678 1634 723 Regionem
1654 681 1960 727 Pentapolitanarn,
1985 685 2026 720 ad
2049 687 2136 723 Mat-
2150 704 2197 741 Ep.
2223 711 2267 738 ¹3·

1260 729 1368 763 chiam
1379 729 1572 765 Firmanam
1585 754 1597 771 ,
1623 732 1657 766 ἁ·
1678 732 1718 766 ad
1729 733 1897 768 Ducatum
1909 736 2114 779 Spoletinum
2125 762 2134 770 .
2155 753 2197 775 14.

1260 780 1467 814 Familiarem
1491 778 1651 815 Romanae
1673 782 1819 817 Ecclesm
1851 784 1991 820 militem
2026 786 2135 822 laudat
2152 783 2211 812 Lib.
2231 794 2263 819 9-

1256 830 1340 864 ,item
1353 829 1387 863 in
1397 829 1513 864 litteris
1522 831 1563 864 ad
1576 831 1782 867 Defiderium
1797 833 1961 871 Abbatem
1971 836 2137 871 Caffinen-
2154 826 2202 860 ΕΡ·
2229 829 2258 860 4'·

1258 880 1346 922 [em.
1372 878 1467 913 istius
1479 890 1591 915 tamen
1610 881 1738 917 militiae
1759 884 1826 927 ipse
1846 895 2051 930 nequaquam
2073 886 2137 921 fuit

1258 931 1391 969 austor.
1419 929 1553 965 Etenim
1561 931 1603 967 de
1615 933 1775 977 praesentis
1795 935 1944 969 Canonis
1963 937 2137 971 conditore

1259 980 1377 1016 Sancto
1389 979 1504 1014 Leone
1517 992 1584 1015 non
1597 982 1706 1017 scribit
1728 984 1899 1019 Marianus
1918 986 2048 1020 Scotus:
2076 990 2138 1020 Leo

1262 1033 1375 1074 Papa,
1399 1036 1560 1064 exercitum
1570 1033 1677 1066 ducens
1683 1042 1740 1075 per
1762 1036 1901 1076 Apuliam
1921 1045 2023 1070 contra
2044 1040 2138 1069 Nort-

1260 1090 1407 1119 mannos‚
1432 1080 1554 1120 infinita
1575 1082 1726 1125 utrobique
1746 1087 1828 1119 caede
1841 1086 1987 1127 peraaa,
2004 1085 2068 1129 fine
2091 1092 2139 1120 vi-

1259 1130 1352 1164 llaria
1361 1129 1440 1162 redit
1450 1153 1458 1161 .
1483 1129 1526 1164 Et
1538 1130 1718 1175 Sigibertus
1729 1132 1968 1169 Gemblacensis
1981 1149 1992 1169 .·
2005 1139 2066 1170 Leo
2080 1138 2138 1169 Pa·
2156 1131 2189 1159 Α·
2221 1134 2304 1162 ¹⁰5⁰·

1256 1189 1300 1223 pa
1313 1205 1324 1220 ,
1350 1180 1422 1213 dum
1433 1183 1639 1213 Nortmannos
1648 1182 1669 1212 a
1679 1185 1874 1216 Romanorum
1885 1190 2024 1218 terminis
2039 1187 2139 1218 detur·

1261 1231 1332 1264 bare
1343 1235 1450 1263 nititur
1470 1254 1483 1270 ,
1508 1232 1634 1265 multam
1654 1233 1854 1266 calamitatem
1874 1239 2004 1268 incurrit
2030 1257 2043 1275 ,
2066 1237 2138 1277 qidae

1261 1292 1327 1314 cum
1336 1281 1441 1314 multis
1450 1286 1542 1314 etiam
1558 1279 1620 1324 ipsi·
1646 1288 1762 1324 capitur
1775 1307 1783 1314 .
1809 1284 1869 1317 sed
1888 1293 1990 1318 tamen
2010 1282 2073 1328 ipse
2095 1295 2142 1319 re·

1259 1331 1359 1364 laxari
1380 1331 1473 1364 noluit
1490 1355 1501 1371 ‚
1537 1331 1595 1373 nisi
1611 1330 1785 1375 etiam‘sui's
1809 1335 1960 1367 relaxatis
1980 1357 1990 1367 .
2033 1332 2139 1380 Qod

1262 1382 1367 1423 ipsum
1379 1382 1520 1415 referunt
1534 1382 1568 1415 in
1579 1382 1723 1426 generali
1736 1382 1887 1417 Historia
1907 1382 2004 1421 Otho
2022 1383 2139 1418 Frisiu-

1259 1430 1365 1476 gensis
1388 1431 1587 1474 Episcopus,
1613 1434 1648 1466 &
1671 1433 1706 1467 in
1729 1430 1901 1467 Chronico
1925 1433 2139 1468 Hermannus
2195 1474 2203 1483 ·

1259 1481 1479 1521 Contractus,
1505 1482 1594 1524 ajens
1605 1481 1725 1516 bellum
1738 1483 1823 1517 istud
1835 1483 1956 1517 merito
1975 1482 2071 1518 fuisse
2090 1482 2140 1518 in·
2155 1496 2199 1525 Λ,
2221 1501 2302 1530 ¹⁰53-

1256 1531 1356 1564 felix:
1386 1534 1470 1573 ,Quia
1481 1540 1599 1564 tantum
1621 1534 1809 1568 Sacerdotem
1823 1531 1997 1576 spiritualis
2015 1538 2138 1576 potius,

1256 1592 1347 1623 quam
1355 1588 1409 1622 pro
1417 1582 1533 1613 caducis
1544 1582 1632 1614 rebus
1647 1584 1775 1615 carnalis
1795 1591 1902 1626 pugna
1924 1583 2063 1617 decebat·
2093 1582 2140 1617 Et

1257 1629 1424 1664 adversum
1448 1631 1547 1671 illos,
1573 1632 1628 1674 qui
1652 1631 1889 1675 Episcoporum
1910 1633 1943 1666 &
1968 1632 2139 1673 Abbatum

1257 1681 1380 1722 privata
1394 1681 1428 1713 in
1443 1680 1742 1716 Ecclesiasticarurn
1765 1693 1871 1716 rerum
1887 1692 2030 1725 raptores
2051 1681 2138 1716 bella

1259 1729 1379 1763 laudati
1391 1730 1516 1763 Leonis
1538 1731 1695 1774 exemplo
1715 1730 1896 1774 probabant
1909 1756 1920 1772 ‚
1945 1730 1987 1766 ad
2008 1730 2139 1767 Olderi-

1256 1790 1332 1813 cum
1344 1778 1372 1812 F
1373 1778 1535 1812 irmanum
1546 1779 1748 1823 Episcopum
1761 1781 1870 1814 scribit
1879 1782 2011 1816 sanstus
2022 1780 2139 1816 Petrus

1258 1829 1414 1863 Damiani
1428 1841 1436 1861 :
1462 1832 1534 1861 Dico
1545 1828 1739 1872 quodfi’ntio,
1765 1836 1906 1872 quoniam
1918 1842 1971 1865 nec
1982 1833 2092 1865 Petrus
2102 1831 2140 1863 ob

1255 1878 1305 1912 boc
1317 1878 1503 1920 Apostolicum
1514 1877 1624 1912 obtinet
1636 1882 1847 1923 Principatum
1858 1905 1869 1921 ‚
1894 1886 1966 1923 quia
1989 1885 2114 1925 negavit
2124 1892 2139 1922 ‚-

1256 1939 1306 1962 nec
1318 1929 1426 1962 David
1436 1929 1541 1960 idcirco
1551 1928 1710 1970 Propheta
1721 1939 1850 1963 meretur
1868 1932 2015 1963 oraculum
2026 1954 2038 1970 ,
2064 1935 2139 1973 quia

1257 1977 1375 2011 thorum
1390 1978 1479 2011 alieni
1490 1983 1554 2010 viri
1574 1978 1702 2020 invafit3
1727 1991 1792 2012 cum
1813 1980 1890 2013 bona
1909 1980 1961 2012 vel
1977 1980 2058 2012 mala
2079 1990 2138 2012 non

1250 2036 1306 2069 pro
1316 2033 1428 2061 meritis
1439 2026 1652 2065 confiderentur
1660 2027 1833 2062 habentium
1846 2052 1856 2068 ‚
1878 2026 1936 2071 sed
1942 2040 1980 2062 ex
1999 2034 2136 2073 propriis

1253 2077 1380 2110 debeant
1405 2077 1604 2119 qualitatibus
1636 2079 1774 2120 judicari
1796 2104 1803 2111 .
1843 2079 1993 2113 Leonem
2018 2079 2136 2113 fatetur
2155 2098 2210 2128 Lib.
2231 2110 2260 2133 4·

1254 2127 1346 2161 fuisse
1372 2127 1479 2160 virum
1506 2127 1656 2162 Sanctum
1679 2153 1690 2168 ,
1725 2128 1849 2163 addens
1876 2129 1974 2163 etiam
2012 2128 2136 2162 Sanctis
2154 2138 2234 2177 Epist,
2255 2150 2288 2176 q.

1255 2178 1309 2211 sua
1335 2177 1429 2211 fuisse
1455 2187 1587 2220 peccata
1610 2201 1621 2217 ‚
1658 2178 1797 2222 ideoque
1823 2178 2138 2212 laudatumPonti·

1254 2228 1349 2262 ficem
1375 2237 1431 2269 pet
1454 2227 1545 2271 gesta
1571 2228 1742 2262 adversum
1783 2227 2015 2262 Nortmannos
2050 2226 2136 2261 bella

1255 2278 1273 2311 ὲ
1301 2276 1410 2312 Sanffl
1434 2275 1591 2319 Gregorii
1615 2278 1736 2322 Magni
1760 2302 1772 2318 ‚
1806 2278 1915 2312 Sansti
1942 2276 2138 2318 Ambrosii,

1255 2329 1288 2361 &
1310 2327 1467 2375 similium
1491 2326 1730 2371 Episcoporum
1754 2326 2136 2373 moribus&regulisde·

1257 2377 1368 2411 viaffe.
1396 2377 1467 2412 Leo
1481 2388 1590 2411 nonus
1599 2388 1668 2411 erat
1681 2376 1803 2412 nobilis
1812 2378 1972 2419 Francus,
1995 2377 2135 2410 'quen-

1259 2428 1341 2462 fium
1353 2427 1492 2462 antesin
1509 2428 1610 2470 prima
1620 2428 1757 2472 Belgica
1771 2429 1969 2471 Episcopus,
1996 2426 2133 2469 ideoque
2188 2428 2190 2434 '

1258 2479 1457 2512 Francorum
1469 2477 1724 2521 Episcoporum,
1759 2478 1940 2511 exercitum
1963 2474 2133 2510 in‘hostes

1258 2528 1392 2567 ducere,
1418 2527 1599 2570 &propriis
1609 2527 1710 2561 etiam
1720 2526 1873 2560 manibus
1888 2536 2030 2570 pugnare
2054 2536 2133 2558 con-

1259 2580 1422 2613 suetorum
1445 2601 1456 2617 ,
1482 2577 1662 2610 solemnem
1682 2587 1808 2611 morem
1829 2577 1931 2610 factus
1951 2574 2039 2619 Papa
2061 2585 2132 2610 non

1259 2629 1366 2662 statim
1377 2626 1549 2669 dereliquit
1557 2651 1564 2657 .

1307 2679 1464 2713 Attamen
1481 2675 1616 2718 necipse
1629 2674 1758 2718 Papalis
1769 2675 1894 2709 militiae
1917 2675 1981 2708 fuit
2003 2673 2132 2709 institu-

1258 2737 1327 2761 tor.
1355 2727 1525 2760 lnstitutor
1537 2725 1631 2759 fuiffe
1653 2725 1782 2759 videtur
1803 2724 1982 2769 Gregorius
2005 2725 2128 2758 sextus.

1258 2778 1337 2820 Ejus
1348 2786 1493 2819 tempore
1514 2776 1559 2808 ob
1583 2775 1706 2809 invasas
1725 2776 1744 2809 a
1767 2775 1876 2809 Laicis
1892 2784 2006 2808 omnes
2029 2772 2129 2808 ferm&

1256 2827 1362 2861 Sanffl
1376 2825 1465 2859 Petri
1477 2824 1680 2869 possessiones
1695 2849 1705 2864 ‚
1717 2826 1915 2868 pauperrima
1926 2834 1993 2858 erat
2004 2823 2130 2860 Roma-

1260 2889 1300 2910 na
1311 2876 1452 2910 Ecclesia
1462 2901 1474 2916 ‚
1502 2874 1595 2908 Italia
1607 2875 1701 2918 plena
1716 2874 1895 2909 latronibus
1905 2898 1917 2915 ,
1941 2874 2079 2916 ipsorum
2089 2871 2127 2906 iu

1260 2926 1416 2970 potestate
1439 2936 1506 2959 erat
1526 2935 1602 2959 cum
1626 2925 1787 2958 Fidelium
1797 2922 2018 2959 oblationibus
2043 2923 2129 2955 Basi-

1260 2978 1320 3011 lica
1332 2977 1431 3010 etiam
1454 2975 1679 3009 Lateranensis
1691 3000 1702 3015 ‚
1729 2974 1857 3019 Papalis
1866 2971 2127 3007 excommunica-

1256 3027 1306 3061 tio
1330 3025 1535 3070 spernebatur
1556 3049 1566 3065 ,
1604 3025 1772 3059 Henricus
1806 3023 1916 3058 tertius
1948 3022 2126 3065 Imperator

1257 3075 1461 3110 Germanicis
1480 3084 1656 3118 occupatus
1681 3074 1774 3108 bellis
1809 3070 1948 3116 negabat
1967 3072 2126 3106 auxiliare

1257 3125 1441 3160 brachium:
1474 3126 1567 3159 Hinc
1579 3136 1659 3170 ergo
1668 3124 1806 3157 militem
1828 3122 2016 3165 conscripsit
2036 3121 2125 3156 Pon-

1255 3176 1337 3210 tifex
1350 3200 1361 3216 ,
1388 3176 1639 3210 Lateranensem
1652 3173 1820 3207 Basilicam
1832 3170 2007 3205 liber-avita
2030 3172 2124 3206 latro-

1256 3226 1374 3266 nibus,
1399 3226 1559 3270 insignem
1591 3221 1774 3266 Apostolici
1795 3222 1986 3264 patrimonii
2005 3222 2124 3264 portio·

1255 3287 1330 3310 nem
1343 3275 1384 3309 de
1393 3277 1550 3310 violentis
1560 3282 1722 3314 raptorum
1737 3272 1891 3305 manibus
1910 3270 2097 3305 efestucavit
2110 3293 2122 3309 ,

1253 3326 1421 3360 &Italicas
1434 3324 1475 3359 ad
1487 3324 1599 3358 urbem
1612 3321 1679 3354 vias
1692 3321 1757 3363 piis
1766 3319 2043 3366 peregrinantibus
2054 3318 2123 3352 red-

1253 3376 1337 3410 didit
1362 3378 1485 3409 securas
1503 3397 1511 3405 .
1535 3370 1614 3412 Ejus
1638 3370 1683 3404 rei
1707 3373 1800 3405 causa
1822 3371 1841 3405 ὲ
1861 3370 1994 3409 multis,
2019 3369 2121 3403 etiam

1254 3426 1326 3470 ipsis
1353 3426 1416 3460 suis
1439 3419 1689 3462 cardinalibus,
1715 3421 1809 3456 fuisse
1833 3419 2028 3465 appellatum
2055 3420 2121 3451 san-

1958 3469 2071 3513 guina·

2156 1014 2190 1043 A.
2221 1015 2304 1050 1055*

2156 1412 2217 1445 Lib·
2241 1419 2312 1448 aa«
