2352 3736
689 103 727 147 S.
799 102 1134 146 LEONrs

529 117 615 150 DE

1205 100 1436 146 N0N1
1505 103 1798 146 Acrls.

1861 151 1865 154 ⁴
1903 122 1999 167 445

259 190 419 225 mandatiS
431 191 524 225 variis
536 215 544 228 ,
573 201 715 234 quorum
739 187 803 221 hoc
815 197 880 221 erat
893 185 1032 230 palmare
1044 186 1129 218 circa
1182 183 1293 228 seipsos
1306 187 1477 229 magnopere
1495 186 1664 218 extollentes
1674 210 1684 226 ‚
1699 187 1733 220 (θ’
1746 196 1811 228 quae
1819 197 1865 219 eos
1875 198 1930 220 non
1942 191 2064 224 decebat

251 348 361 382 poterit
371 367 380 382 ‚
407 349 479 384 quta
491 341 688 384 proculdubio
699 340 744 372 ad
752 349 804 372 nos
817 342 1029 376 reverteretur,
1036 333 1131 378 stipse

255 394 378 426 noluerit
388 393 438 435 effi
445 393 526 437 filius
534 397 621 433 pacis
633 415 640 422 .
672 389 834 432 Adiunxit
850 388 883 421 &
895 387 952 420 has
978 387 1018 420 ad
1041 386 1133 419 Prin-

256 441 361 484 cipem
374 452 498 485 preces:
527 444 613 484 ,Quia
624 441 798 476 abundante
820 443 997 480 iniquitate,
1023 434 1133 472 saneta

257 496 393 525 Romana
413 489 538 532 Ecelefia
558 493 592 525 (ν
628 488 784 533 Apostolica
808 486 893 531 sedes
926 488 1048 519 nimium
1082 485 1134 517 diu

257 540 368 585 obsessa
370 542 436 584 fuit
449 546 638 575 Mercenariis
652 565 662 579 ‚
689 542 789 574 &non
818 537 982 577 Pastor-ihus
994 561 1004 576 ,
1030 538 1049 567 ᾶ
1074 540 1135 575 qui-

259 592 315 625 bus
322 590 388 634 suae
397 614 408 631 ‚
435 603 492 624 non
502 603 570 633 quae
592 587 914 634 JESU-CHRISTl
924 584 1134 629 quaerennbun

260 642 416 682 devastata
416 641 541 683 jacebat
565 639 772 683 miserabiliter
797 638 939 671 hactenus
952 661 963 676 ,
988 638 1136 667 Divt'num

261 691 401 733 confilium
422 692 518 725 voluit
541 702 638 723 meam
659 691 864 722 Humilitatem
882 685 1028 729 suscipere
1040 693 1136 717 tantae

261 741 422 775 Catbedrae
430 742 549 782 pondus
559 765 566 773 .
594 743 662 783 ‚Quo
671 741 736 776 licet
743 738 903 780 plurimum
914 741 972 767 mei
986 734 1137 780 imbecilles

257 799 473 835 praevagentur
493 802 529 824 ac
555 792 760 832 deprimantur
779 787 915 824 humeri,
941 796 997 817 non
1026 793 1138 826 parum

261 840 339 874 ‚nihl
355 840 450 884 subest
466 841 582 887 sanblae
600 838 686 881 spel,
711 836 944 878 quandoquidem
967 846 1004 868 ex
1021 844 1138 876 utroque

261 890 352 925 latere
358 892 435 924 tales
446 890 560 928 adstent
566 888 625 930 filii
635 910 645 925 ,
671 887 804 928 religione
816 887 849 917 ἄν
858 884 999 925 potestate
1015 885 1137 926 praecla-

259 942 356 980 rtffimt
366 965 373 973 .
400 937 567 971 Videlicet
579 937 746 969 Henricus
757 935 866 968 tertius
876 934 1068 969 Occidentis
1078 959 1090 974 ,
1104 935 1137 974 ὅς

258 988 406 1024 Orientis
425 988 601 1029 Imperator
623 983 867 1019 Monomachus
884 983 1137 1020 Constantinus.

257 1033 463 1081 Quapropter,
489 1036 664 1075 devotissime
680 1035 766 1073 Fili,
792 1036 825 1068 (⁶5
849 1032 1019 1077 serenissime
1046 1038 1139 1075 Impe-

256 1097 356 1127 rator,
387 1087 564 1121 collaborare
575 1085 648 1118 mihi
659 1086 784 1128 dignare
797 1086 840 1117 ad
859 1087 1068 1117 relevationem
1079 1094 1138 1116 tuae

257 1143 365 1171 matris
374 1137 490 1180 sant‘lae
503 1135 636 1177 Ecclesia*
648 1160 657 1174 ‚
683 1137 716 1168 (⁴5
726 1136 888 1177 privilegia
909 1137 1067 1177 dignitatis
1093 1144 1138 1169 at-

256 1199 312 1230 que
321 1193 494 1223 reverentia*
506 1189 572 1225 ejus
593 1211 603 1226 ‚
629 1196 678 1218 nec
690 1197 746 1218 non
754 1190 937 1226 patrimonia
959 1192 1044 1225 recup
1051 1195 1138 1216 eran·

227 1254 230 1256 ¹
257 1240 300 1271 da
313 1245 345 1271 in
356 1246 416 1272 tuae
428 1238 548 1270 ditionis
559 1236 697 1277 partibus
715 1243 727 1274 ,'
744 1233 814 1276 ficut
825 1234 977 1275 manifeste
999 1232 1137 1277 cognosce-

256 1299 288 1321 re
304 1294 418 1329 poteris
440 1299 479 1320 ex
505 1286 717 1320 venerabilium
739 1284 914 1324 nostrorum,
946 1282 998 1326 seu
1023 1294 1137 1318 tuorum

258 1338 498 1380 Praedecefforum
508 1340 634 1378 Scriptis
653 1337 687 1369 o·
703 1335 816 1375 Gestis.
844 1334 1027 1368 Adversum
1037 1335 1137 1366 sacras

257 1389 416 1431 imagines
429 1387 620 1431 belligerans
633 1410 643 1426 ‚
669 1386 703 1419 &
714 1386 758 1418 ob
770 1385 824 1418 fibi
838 1383 999 1417 excussam
1012 1383 1053 1416 ab
1076 1383 1136 1416 lta-

256 1437 320 1471 lica
341 1438 461 1471 militia
483 1436 706 1471 obedientiam
736 1434 924 1478 indignatus
962 1434 1136 1474 Imperator

258 1487 329 1522 Leo
341 1487 466 1521 lsaurus
477 1513 486 1527 ,
513 1486 580 1521 haec
593 1486 704 1520 omnia
716 1484 878 1529 Gregorio
892 1483 1033 1516 secundo
1052 1481 1139 1514 Pon-

256 1538 337 1571 tifici
351 1538 460 1572 retulit
471 1548 602 1580 accepta
618 1561 627 1576 ‚
655 1536 794 1576 ideoque
808 1534 965 1568 talionem
976 1532 1112 1563 reddens
1127 1553 1137 1567 ‚

255 1599 390 1620 omnem
401 1585 777 1629 Illyricianaediaecesos,
804 1591 943 1613 necnon
966 1579 1082 1613 Siciliae
1104 1579 1137 1612 δε

251 1636 417 1669 citerioris
428 1635 528 1667 ltaliae
545 1632 719 1666 Ecclefiam
735 1630 864 1663 abstulit
891 1630 1049 1661 Romanae
1074 1628 1138 1660 Ca-

255 1683 376 1719 thedrae
386 1706 396 1721 ,
421 1685 455 1716 ὃ(
467 1683 624 1715 violenter
636 1677 826 1722 transcripsit
839 1678 872 1710 in
886 1674 1135 1710 Patriarchicam

255 1733 448 1777 potestatem
472 1731 624 1775 Episcopi
647 1727 1025 1771 Constantinopolitani.
1055 1726 1135 1760 Om-

254 1784 307 1817 nia
320 1783 398 1816 item
411 1783 567 1816 Romanae
581 1780 726 1814 Ecclefiae
738 1779 771 1811 in
785 1777 847 1811 suis
877 1777 1060 1811 ditionibus
1083 1787 1134 1819 pa-

253 1833 409 1866 trimonia
433 1832 555 1875 redegit
579 1831 611 1864 in
638 1831 767 1863 fiscum.
798 1827 961 1861 Adrianus
995 1826 1133 1869 primus,

253 1883 415 1918 Nicolaus
427 1883 569 1926 primus,
598 1880 764 1915 Adrianus
777 1877 936 1911 secundus
957 1902 967 1917 ‚
994 1877 1134 1919 Joannes

254 1932 386 1966 octavus
397 1957 407 1972 ‚
433 1933 467 1966 δε
480 1932 535 1965 alii
547 1930 727 1966 Pontifices
741 1953 751 1967 ‚
777 1927 904 1962 durnin
917 1927 1086 1972 septimam
1100 1927 1134 1961 ὅ(

254 1983 402 2015 octavam
425 1981 599 2023 synodos,
627 1989 683 2012 aut
704 1978 781 2011 alias
804 1978 1022 2013 Ecclefiarutn
1043 1977 1136 2012 unio·

255 2043 312 2065 nes
323 2032 572 2068 consenserunt,
601 2027 714 2062 eadem
740 2026 924 2061 constanter
949 2027 1135 2069 repetivere,

256 2091 436 2125 numquam
455 2082 588 2114 fuerunt
610 2078 794 2112 consecuti.
837 2076 913 2111 Post
940 2076 1133 2111 exstinstum

256 2132 367 2175 magni
386 2130 499 2165 Caroli
521 2140 624 2174 genus
646 2129 679 2161 in
698 2127 889 2163 Occidentis
911 2127 1072 2170 Imperio,
1101 2126 1135 2160 δε

256 2192 378 2224 patrata
394 2181 426 2214 in
439 2180 632 2214 Formosum
642 2178 840 2213 Pontificem
861 2176 1008 2212 scandala
1030 2177 1135 2219 plures

256 2232 398 2265 intrusos
408 2229 603 2270 Pontifices,
629 2230 662 2262 &
677 2230 814 2261 summas
827 2226 950 2270 abipfis
971 2227 1136 2260 calamita·

256 2292 303 2315 tes
314 2280 396 2324 passa
409 2281 454 2315 est
468 2280 619 2314 Romana
634 2278 774 2313 Ecclefia
786 2302 796 2318 ‚
823 2277 856 2322 ἀ
877 2277 1001 2312 redacta
1025 2277 1058 2310 in
1077 2276 1137 2313 mi-

256 2329 420 2366 serandam
431 2340 671 2374 paupertatem.
699 2329 861 2371 Reparare
871 2335 1039 2369 coeperunt
1062 2327 1139 2360 Gre-

256 2381 368 2426 gorius
382 2381 510 2421 sextus,
537 2379 692 2413 Clemens
715 2377 893 2417 secundus,
921 2376 954 2409 &
982 2375 1141 2410 secundus

258 2429 445 2472 Damasus3
473 2430 582 2463 verum
607 2428 740 2462 modico
761 2427 863 2460 fructu
878 2451 885 2458 .
915 2426 998 2460 Rem
1016 2426 1141 2460 strenue

260 2482 424 2523 promovit
437 2480 543 2514 noster
558 2480 691 2512 Sanetus
703 2479 772 2512 Leo
785 2502 795 2517 ‚
821 2478 853 2510 r&
869 2477 1042 2519 Imperator
1051 2476 1142 2509 Hen-

242 2530 344 2563 'ricus
369 2531 481 2564 tertius
502 2529 630 2566 addidit
653 2528 795 2573 Augusti
816 2525 936 2562 brachii
962 2526 1137 2560 auxilium.

207 2596 210 2598 ·
259 2581 377 2614 Sant‘io
391 2579 490 2613 Petro
504 2582 556 2613 sua
570 2591 626 2623 per
648 2576 865 2613 Occidentem
886 2576 1025 2610 reddidit
1049 2576 1140 2620 patri-

261 2630 374 2661 monia
386 2653 393 2660 .
421 2631 532 2674 Qiare
543 2629 700 2672 praesentis
713 2628 904 2672 Legationis
918 2627 1118 2660 occasionem
1129 2606 1153 2666 ,l

261 2677 472 2712 &liberalem
485 2679 632 2712 Orientis
643 2677 871 2719 Imperatorem
893 2679 1003 2710 nactus
1026 2675 1153 2711 Ponti—i

261 2727 315 2761 fex
333 2751 343 2766 ,
369 2727 470 2760 etiarn
498 2727 565 2759 illic
594 2738 735 2768 reparare
764 2727 961 2769 Apostolicae
989 2726 1070 2760 sedis
1094 2714 1154 2780 Ju-;

260 2789 295 2810 ra
322 2776 444 2810 studuit
469 2801 475 2808 .
503 2775 714 2809 Acridensem
743 2777 916 2819 praesertim
946 2776 1153 2814 Ecclefiam‚'

259 2839 299 2860 ac
325 2825 493 2860 turbidum
518 2824 585 2868 ejus
613 2825 804 2858 Antistitem
831 2826 978 2859 Leonem
1003 2821 1153 2859 conatus†

258 2878 304 2910 est
334 2875 574 2918 Autocephalia
600 2885 740 2913 exuere,
765 2874 910 2918 redigere
935 2874 991 2908 sub
1015 2862 1153 2909 avituml

260 2927 407 2960 Romani
433 2923 670 2959 Patriarcha.us
696 2923 809 2968 jugum
834 2947 845 2962 ,
881 2934 976 2966 atque
1014 2925 1058 2958 ita
1085 2926 1144 2958 hu·-

259 2977 309 3019 jus
329 2976 526 3010 Successores
552 2973 684 3008 liberate
710 2975 727 3006 a
755 2972 898 3017 periculo
925 2974 1076 3018 deinceps
1097 2987 1138 3009 re—

258 3026 423 3062 bellandi·

312 3078 367 3109 De
378 3076 578 3120 Legatorum
591 3075 623 3108 in
636 3074 776 3117 Regiam
789 3071 900 3107 urbem
914 3072 1054 3117 ingressu
1069 3075 1138 3109 scri-

263 3124 311 3158 bit
324 3125 508 3159 patriarcha
521 3123 665 3158 Michael
678 3124 717 3157 ad
731 3124 861 3157 Petrum
878 3122 1065 3157 Antiochiae
1081 3125 1136 3159 Pa-

262 3173 432 3208 triarcham
446 3188 456 3207 .·
484 3180 589 3218 Legati
599 3175 698 3207 urbem
719 3177 843 3217 Regiam
867 3174 996 3215 ingressi,
1019 3183 1136 3215 potenti

258 3230 388 3266 primum
399 3226 432 3258 &
439 3223 540 3266 sanc‘Io
551 3229 726 3266 Imperatori
733 3224 765 3266 se
777 3221 989 3264 conspiciendos
998 3224 1134 3259 extabue-
1168 3234 1172 3238 ”

260 3283 348 3315 runt,
369 3280 462 3319 gravi
473 3276 588 3314 quidem
597 3273 758 3317 &superbo
780 3273 901 3312 habitu,
928 3275 961 3306 ὠ·
978 3272 1079 3316 gressu
1099 3277 1133 3310 (⁰5

256 3323 423 3366 supercilio.
454 3323 499 3357 Et
518 3323 600 3357 infra
614 3337 624 3356 .·
651 3328 715 3356 Nec
732 3322 787 3365 ipsi
803 3328 994 3364 Imperatoris
1022 3322 1135 3371 conspe-

259 3374 316 3407 e‘iui
327 3376 359 3409 <tt
375 3374 562 3419 Maiestam-se
573 3376 687 3408 omnino
701 3375 923 3408 inclinaverant
933 3397 944 3415 ‚
971 3370 1131 3418 sedjootltis

257 241 430 275 Michaelis
447 242 587 275 excessus
599 267 606 275 .
636 243 667 273 5}
683 238 812 272 Michael
821 244 852 270 in
865 237 912 269 his
927 262 938 276 ‚
965 238 1042 278 quod
1081 235 1110 276 s

89 298 174 338 Epist.
194 309 219 330 1.
251 298 395 333 pertinax
398 291 496 334 fuerit
511 316 520 331 ,
543 300 646 332 pacem
666 287 789 326 nostram
811 294 934 320 retinere
958 288 1128 321 nullatenus

1187 242 1348 279 cogitantes
1359 261 1369 276 ,
1397 247 1459 268 cum
1471 240 1562 268 Cruce
1577 238 1611 269 Θ·
1624 239 1754 279 §ceptris
1766 240 1890 279 Rtgt‘um
1901 240 2064 282 ingrediun-

1189 294 1238 318 tur
1250 288 1420 319 Palatium:
1446 285 1507 319 Per
1520 287 1639 329 sceptra
1652 286 1806 331 intelligit
1819 287 1944 321 omnies
1957 288 2066 323 Pasto-

1193 335 1270 370 rales
1281 361 1288 368 .
1315 337 1448 370 Etenim
1461 334 1520 369 hos
1529 336 1691 379 gestantes
1703 337 1736 369 in
1749 337 1899 371 manibus
1911 362 1921 377 ,
1947 338 1979 372 &
1990 349 2067 372 cum

1192 387 1366 421 solenniter
1376 397 1450 420 ante
1465 388 1494 419 se
1521 388 1688 429 deportato
1711 387 1929 421 Sacro-sanstae
1950 387 2067 423 Crucis

1194 436 1310 469 vexillo
1327 436 1497 480 procedere
1513 436 1545 469 in
1573 436 1759 479 publicum,
1790 438 1911 479 semper
1934 439 2068 472 consue-

1194 497 1306 520 verunt
1330 486 1447 531 Legati
1460 487 1636 530 Romanig
1655 487 1822 529 praesertim
1836 487 2069 523 Constantino-

1195 537 1283 578 poli,
1309 536 1341 569 &
1365 538 1397 569 in
1421 536 1619 580 processione
1639 535 1678 569 ad
1699 537 1908 579 Principem,
1934 537 2067 572 Etenim

1194 586 1234 619 fic
1246 584 1285 619 ad
1296 585 1517 630 huncingredi
1532 586 1699 620 consuevit
1720 584 1754 619 &
1776 585 1978 625 Patriarcha.
2009 587 2068 622 At-

1194 646 1303 669 tamen
1331 647 1399 670 non
1423 637 1526 669 sanna
1547 637 1657 675 Crux,
1687 636 1741 670 sed
1762 639 1892 672 accensa
1916 637 1970 672 fax
1991 648 2068 671 ante

1194 685 1297 726 ipsum
1320 686 1420 718 fertur
1443 710 1450 716 .
1490 686 1649 719 Rationes
1666 686 1700 719 &
1720 687 1854 720 modum
1873 684 2008 729 exponit
2032 687 2068 720 in

1194 734 1358 768 Meditato
1376 733 1416 767 de
1438 732 1695 767 patriarcharum
1718 735 1837 776 juribus
1867 736 2068 775 Theodorus

1197 784 1388 818 Balsamon.
1415 782 1515 831 Qod
1529 781 1685 828 Augustae
1695 783 1857 826 Maiestati
1880 786 1911 818 se
1933 797 1999 820 non
2022 786 2070 819 in·

1196 833 1348 868 clinarint
1372 834 1488 878 Legati
1509 857 1520 873 ,
1548 833 1593 868 est
1616 831 1756 868 mendax
1778 833 1940 868 calumnia
1954 858 1964 874 ,
1997 836 2029 868 ὅς
2049 834 2070 868 ὲ

1198 884 1355 919 Romanae
1368 884 1514 917 Ecclesiae
1526 883 1672 918 moribus
1697 883 1899 918 alieniffima.
1928 882 2070 927 Chryso-

1198 934 1305 979 Pegi,
1330 935 1383 968 seu
1398 934 1484 967 aurei
1499 934 1602 967 fontis
1624 934 1780 977 palatium
1805 934 1893 977 supra
1914 935 2068 978 exposui:

1197 984 1408 1032 Qodillica
1424 983 1574 1027 Principe
1594 983 1775 1027 hospitium
1794 986 1993 1028 acceperint,
2020 986 2069 1017 in-

1197 1034 1393 1076 finuantipfi
1406 1033 1524 1078 Legati
1545 1035 1579 1067 in
1604 1035 1918 1071 commemoratione
1939 1034 2070 1068 suorum

1198 1085 1233 1117 in
1261 1082 1321 1117 hac
1348 1084 1532 1126 Legatione
1558 1084 1732 1118 Gestorum
1746 1108 1756 1122 ·.
1782 1084 1854 1118 Nec
1881 1093 1989 1118 tacent
2024 1095 2071 1117 ra-

1198 1134 1344 1167 tionem:
1373 1133 1499 1166 Michael
1522 1133 1605 1165 nobis
1626 1132 1820 1175 praesentiam
1844 1133 1930 1177 suam
1951 1135 1985 1168 (τ
2016 1135 2071 1166 col-

1197 1186 1325 1225 loquium
1350 1184 1532 1226 denegavit,
1558 1185 1592 1216 &
1617 1183 1758 1224 Ecclest‘as
1783 1185 1828 1216 ad
1852 1182 1962 1226 Missas
1984 1195 2071 1226 agen-

1197 1235 1266 1265 dum
1291 1235 1470 1266 interdixit.
1497 1235 1575 1266 sicut
1587 1235 1620 1267 Θ
1627 1235 1714 1275 prius
1730 1237 1904 1267 Latinorum
1929 1230 2071 1272 Ecclesias-

1197 1282 1359 1326 clauserat.
1389 1281 1631 1316 Blachernenfis
1660 1283 1799 1319 Ecclesia
1826 1283 1858 1316 ὅς
1885 1281 2071 1325 adjunctum

1198 1334 1252 1376 ipsi
1278 1333 1433 1376 palatium
1461 1333 1535 1365 sunt
1564 1333 1752 1367 consuetum
1783 1332 1979 1375 Apostolicae
2010 1333 2073 1366 Le·

1197 1383 1340 1427 gationis
1375 1381 1571 1425 hospitium.
1613 1384 1694 1416 Haec
1731 1383 1933 1427 singulariter
1958 1381 2072 1416 claufit

1197 1431 1341 1466 Michael
1363 1456 1373 1471 ‚
1411 1432 1551 1477 ideoque
1589 1433 1743 1476 Princeps
1780 1432 1852 1466 illos
1877 1433 2004 1475 excepit
2030 1430 2071 1464 ad

1197 1484 1322 1516 fontem
1344 1494 1492 1516 aureum.
1521 1483 1622 1528 Qiod
1649 1481 1714 1516 haec
1743 1482 1883 1516 Ecclesia
1909 1482 1965 1515 sub
1977 1482 2074 1524 Joan-

1197 1531 1276 1563 nicii
1316 1530 1564 1570 Patriarchatu,
1600 1533 1634 1565 ὅ(
1673 1532 1816 1565 Turcico
1855 1531 1978 1573 Selymi
2017 1531 2075 1563 im-

1196 1580 1287 1622 perio
1313 1578 1420 1614 adhuc
1447 1579 1542 1612 fuerit
1570 1579 1694 1623 integra
1713 1604 1723 1620 ,
1763 1580 1897 1616 testatur
1936 1579 2073 1613 Patriar-

1195 1627 1301 1662 chalis,
1337 1627 1470 1665 historia
1501 1650 1513 1667 ,
1546 1627 1704 1671 descripta
1744 1640 1798 1672 per
1832 1629 2081 1664 Emmanuelem

1195 1676 1388 1714 Malaxum.
1660 1674 1663 1677 ’

1244 1726 1353 1770 Pergit
1366 1726 1514 1761 Michael
1526 1727 1710 1762 Cerularius
1721 1727 1762 1763 de
1775 1730 1926 1774 Legatis:
1964 1731 2081 1764 Deinde

1193 1787 1256 1809 cum
1277 1778 1321 1809 ad
1341 1776 1466 1816 nostram
1488 1779 1694 1812 Humilitatem
1716 1781 1881 1822 vem‘ffent,
1907 1785 1974 1821 quis
1987 1781 2083 1813 dicere

1189 1827 1293 1868 poffit‚
1318 1836 1431 1868 quanta
1440 1825 1575 1869 superbia
1593 1829 1627 1861 (τ’
1648 1835 1818 1871 arrogantia
1839 1828 1882 1870 ufi
1895 1828 1978 1868 sint?
2004 1833 2080 1862 Cum

1193 1887 1245 1910 nec
1257 1878 1376 1909 triviali
1386 1875 1565 1919 salutatione
1576 1889 1628 1910 nos
1637 1876 1815 1920 salutaffent
1826 1902 1837 1917 ,
1864 1876 1978 1920 necsua
2001 1883 2080 1920 capi-

1192 1934 1225 1959 ta
1238 1928 1291 1960 vel
1299 1929 1439 1963 modicum
1452 1926 1656 1969 inclinassent,
1683 1929 1717 1960 ζῆ·
1738 1926 1903 1970 consuetam
1925 1927 2007 1960 nobis
2032 1939 2083 1961 ve-

1194 1981 1374 2010 neratio-nem
1385 1976 1522 2012 exhibere
1546 1978 1664 2020 dignati
1675 1976 1800 2020 fuissent
1813 2001 1823 2016 ,
1851 1988 1942 2019 neque
1959 1979 1979 2009 ἃ
2001 1987 2080 2020 tergo

1194 2027 1446 2067 Metropolitarum
1458 2025 1601 2069 nobiscum
1612 2033 1643 2058 in
1653 2029 1764 2060 Secreto
1778 2036 2013 2070 congregatorum
2032 2027 2078 2070 fi·-

1193 2077 1261 2109 dere
1272 2077 1327 2109 ullo
1335 2077 1422 2118 patio
1436 2075 1597 2119 voluissent
1608 2101 1617 2116 ,
1634 2075 1693 2118 scd
1704 2076 1844 2118 quafipro
1867 2075 1992 2118 ipsorum
2013 2087 2080 2110 con-

1193 2127 1313 2159 tumelia
1324 2129 1359 2159 id
1360 2126 1481 2169 fabium
1489 2127 1654 2169 putaffent.
1684 2127 1725 2159 Et
1741 2126 1842 2163 infra:
1873 2126 1964 2159 Nihil
1983 2132 2075 2170 igitur·

1194 2175 1296 2208 horum
1309 2200 1320 2216 ,
1346 2185 1379 2210 ut
1386 2185 1444 2218 par
1456 2185 1522 2210 erat
1533 2200 1544 2216 ,
1571 2187 1634 2209 cum
1638 2175 1773 2219 fecissent
1787 2201 1796 2217 ,
1822 2175 1966 2218 epistolam
1990 2176 2075 2209 nobis

1187 2224 1345 2269 sigillatam
1355 2228 1501 2263 dederunt
1514 2250 1524 2266 ,
1561 2228 1595 2260 (θ’
1616 2227 1705 2268 quam
1726 2227 1857 2268 primum
1880 2225 2074 2269 recesserunt.

1195 2279 1299 2319 ,Quam
1320 2288 1384 2310 cum
1409 2277 1568 2311 Humilitas
1592 2275 1685 2315 nostra
1708 2276 1851 2318 acceptffiet
1864 2301 1873 2316 ,
1900 2278 1932 2310 (¹5
1947 2275 2074 2319 sigillum

1195 2332 1308 2367 aperire
1318 2323 1473 2369 adgreſsus
1483 2324 1575 2368 essem
1587 2350 1598 2366 ,
1622 2327 1654 2359 (tt
1667 2327 1821 2369 diligenter
1832 2324 1928 2368 ipsum
1948 2325 2074 2368 sigillum

1197 2375 1409 2419 inspext'fiem,
1444 2382 1548 2409 invent
1567 2376 1644 2409 illud
1666 2377 1886 2418 depravatum,
1913 2378 1945 2410 <9⁶
1967 2377 2074 2409 literas

1200 2428 1258 2459 doli
1286 2429 1319 2460 (⁸5
1345 2427 1433 2462 malae
1458 2431 1564 2459 mentis
1589 2427 1717 2468 plenas.
1752 2425 1879 2469 Nempe
1905 2426 1981 2459 illos
2004 2437 2074 2459 non

1199 2477 1302 2510 Sane’ci
1323 2477 1416 2519 Papae
1438 2476 1558 2510 Leonis
1582 2477 1726 2521 Legatos
1742 2501 1752 2516 ‚
1780 2476 1832 2510 sed
1856 2477 1916 2510 esse
1942 2474 2074 2509 dolosos

1202 2526 1323 2571 Argyri
1348 2526 1451 2561 Ducis
1474 2526 1658 2563 Emiffarios
1679 2526 1860 2569 persuadere
1881 2527 1914 2559 &
1939 2525 2075 2558 Patriar-

1199 2575 1268 2609 chae
1278 2575 1374 2610 Petro
1389 2577 1422 2609 &
1434 2576 1544 2619 Regiae
1555 2577 1697 2609 civitatis
1712 2576 1834 2619 populo
1845 2586 1979 2609 conatus
2003 2574 2046 2607 est
2061 2598 2073 2615 ‚

1199 2627 1479 2668 atqueitaerrores
1491 2627 1564 2659 suos
1578 2635 1672 2668 atque
1697 2627 1840 2663 excessus
1863 2634 1996 2667 purgare
2017 2635 2073 2657 aut

1199 2676 1325 2709 fucare.
1355 2675 1417 2707 Rei
1431 2676 1599 2708 veritatem
1611 2674 1677 2715 jam
1699 2675 1806 2707 statim
1827 2673 2011 2707 audivimus
2031 2673 2072 2707 ab

1200 2725 1270 2768 ipsis
1289 2724 1420 2769 Legatis
1441 2736 1448 2756 :
1503 2723 1702 2757 Audivimus
1723 2722 1810 2766 quod
1836 2724 1907 2766 ipsis
1926 2722 2072 2757 Michael

1200 2775 1397 2818 praesentiam
1426 2775 1514 2807 suam
1540 2774 1573 2807 δε
1599 2773 1804 2817 colloquium
1831 2772 2017 2817 denegarit,
2038 2773 2073 2806 ὅς

1200 2825 1346 2859 clauserit
1385 2824 1534 2857 Ecclesias
1570 2822 1609 2856 ad
1647 2824 1811 2868 agendum
1845 2824 1955 2857 Missas
1978 2848 1985 2855 .
2029 2823 2074 2857 Et

1199 2875 1281 2909 certe
1309 2874 1377 2918 post
1406 2873 1630 2917 Metropolitas
1657 2874 1762 2908 sedere
1800 2885 1865 2907 non
1905 2882 2076 2916 poterant,

1200 2936 1259 2959 nec
1294 2925 1392 2959 talem
1429 2923 1647 2958 patriarcham
1683 2924 1851 2958 admittere
1886 2922 1926 2959 ad
1974 2923 2077 2958 collo·

1198 2975 1310 3022 quium
1323 3000 1331 3011 ..
1854 3001 1858 3004 Δ
2030 3013 2051 3020 ,-

1248 3026 1339 3059 Hinc
1361 3034 1498 3069 pergunt
1520 3025 1552 3058 in
1578 3022 1704 3058 laudata
1738 3023 2072 3059 commemoratione:

1200 3076 1248 3108 Ad
1258 3075 1462 3115 Monasterium
1473 3075 1567 3107 Studii
1576 3081 1655 3107 intra
1667 3074 1766 3107 urbem
1779 3075 2072 3118 Constantinopolita-

1199 3137 1268 3158 nam
1291 3130 1417 3160 Nicetas
1443 3124 1621 3166 Monachus,
1646 3131 1696 3166 qui
1719 3126 1752 3158 (θ’
1776 3125 1974 3164 Ρεᾶοναιω,
2002 3125 2071 3156 ante

1195 3174 1388 3218 praesentiam
1400 3179 1588 3216 Imperatoris
1601 3178 1634 3209 Θ
1650 3178 1803 3208 Procerum
1814 3177 1878 3215 ejus
1889 3199 1899 3216 ,
1925 3173 2071 3215 infistenti-

1197 3226 1255 3257 bus·
1273 3229 1403 3258 Nunttis
1428 3229 1590 3266 Romanis,
1628 3224 1901 3258 anathematizavit
1922 3223 2068 3266 quoddam

1197 3278 1215 3307 5
1217 3280 1340 3316 criptum
1346 3274 1372 3317 s
1367 3275 1403 3307 ub
1410 3273 1462 3316 suo
1473 3281 1588 3308 nomine
1598 3283 1697 3308 contra
1717 3276 1819 3309 Sedem
1842 3273 2023 3316 Apostolicam
2034 3272 2068 3303 (tt

1195 3337 1307 3357 omnem
1320 3329 1462 3357 Latinam
1477 3324 1631 3366 Ecclefiam
1641 3326 1751 3358 editum
1762 3349 1772 3365 ,
1799 3326 1833 3358 Co·
1850 3322 2068 3364 praetitulatum

1197 3377 1232 3409 de
1246 3379 1351 3414 Azymo
1361 3399 1371 3418 ,
1398 3376 1434 3411 de
1446 3377 1466 3410 5
1467 3374 1595 3411 abiatha
1603 3399 1614 3420 ,
1640 3374 1674 3410 ὅ(
1687 3375 1724 3412 de
1736 3379 1848 3418 nuptiis
1860 3370 2066 3462 sacerIdJum.

1958 3429 1976 3449 n
1992 3430 2022 3450 u·
