2352 3736
51 439 145 474 Form.
159 448 185 473 6.

46 1770 207 1810 Ep.r5.16.

218 1657 398 1692 nonensis.
428 1656 563 1690 Exstant
584 1657 699 1690 litterae
725 1656 758 1689 in
771 1656 915 1697 antiquis
930 1656 1105 1699 Episcopa-

114 2175 121 2182 -
162 2174 170 2181 ·
227 2156 398 2191 Remenfis
410 2172 420 2191 .·
448 2155 632 2199 Praenoscere
643 2167 696 2189 vos
707 2157 773 2189 volo
785 2179 796 2195 ,
822 2160 894 2198 quia
898 2154 928 2197 fi
941 2153 1102 2198 personam

550 141 618 174 De
654 128 841 174 Rama
877 130 1247 175 Anusnwm
1283 140 1718 172 NOMxNATIONe.

225 222 274 254 ter
299 212 464 258 compulit>
480 213 522 248 ad
549 211 682 257 pacifice
708 212 915 257 eligendum.

234 281 257 291 --
274 266 436 313 Quartam
458 263 603 307 ejusdem
629 263 795 297 violentiae
819 264 927 296 ansam
949 260 1104 295 habemus

224 315 311 359 *pud
333 314 492 358 Iacobum
505 311 718 349 Sirmondum
743 313 777 346 in
792 312 953 351 formula,
979 320 1044 352 qua
1063 308 1103 343 ad

224 365 306 400 novi
333 364 487 408 Episcopi
512 363 703 398 electionem
718 360 923 405 dirigendam
950 359 1062 393 missus
1086 358 1104 392 a

223 414 401 450 Ludovico
422 413 485 448 Pio
517 410 898 457 Imperatore-visitator
925 409 1105 452 Episcopus

225 465 378 500 electores
390 463 568 508 alloquitur
582 463 616 497 in
628 461 718 495 hunc
727 458 883 493 modum:
912 457 990 501 Abfit
1007 467 1041 507 ut
1060 464 1105 490 in-

225 523 273 549 m
293 526 348 548 vos
369 517 440 548 talis
450 516 599 557 eligatur,
623 507 780 552 qurpcsteb
793 509 829 541 de
855 515 967 551 pravis
988 508 1103 541 acribus

226 569 410 598 incriminari
435 572 490 597 aut
515 562 703 595 mdemnari
717 559 813 598 pfft.
843 561 875 591 51·
886 558 971 600 forte
993 559 1103 600 aliquis

221 624 279 658 per
291 614 417 654 vestrum
424 616 601 655 prmum,
629 616 682 641 aut
693 616 752 650 per
774 609 909 651 aliquam
928 606 1103 651 malitiosam

226 673 321 698 artem
340 662 489 707 subripi-e
498 658 576 692 banc
585 659 688 692 sedem
707 667 828 692 conatus
851 658 968 700 fuerit,
994 659 1029 692 (5
1053 656 1104 689 hoe

228 713 450 748 vobis—mlum
459 707 703 751 consentientibus
727 714 805 741 utin
829 709 912 741 illum
932 707 1029 742 elellio
1054 718 1103 740 ve-

227 769 298 797 niae
306 761 380 803 t,buc
392 769 576 801 nequaquam
586 757 798 801 consentiemus
809 757 893 791 vobis
904 783 915 799 ‚
938 757 995 800 sed
1004 760 1104 790 Domi-

229 816 446 853 tio-Imperatori
456 808 700 842 annuntiabimus
712 832 722 848 ‚
749 809 782 842 Θ·
795 807 844 841 ille
851 807 912 848 fine
922 809 981 841 ullo
989 813 1104 849 pericu·

226 865 256 896 lb
262 883 273 903 ,
282 863 392 895 &cum
400 861 517 893 lieentia
527 862 681 891 Canonum
694 882 703 897 ,
727 859 927 900 undecumque
936 858 970 891 ἐν
980 856 1104 890 cuicum-

226 920 280 954 que
290 910 375 943 Clero
385 912 530 949 voluerit,
555 910 629 941 dare
646 915 781 949 poterit,
808 908 842 941 ἀν
864 917 934 941 tunc
959 910 1064 941 merita
1084 908 1103 939 ἆ

225 959 311 994 vobis
328 957 480 1001 auferetur
498 958 624 1001 potestas
634 959 760 1002 eligendi
771 982 782 998 ‚
809 962 878 999 quta
903 961 997 992 Deum
1018 956 1104 998 offen-

223 1009 329 1051 distis,
349 1010 388 1043 ab·
412 1007 604 1051 vosmetipsos
645 1008 891 1041 abominationem
916 1006 1104 1049 exhibuistis.

224 1061 337 1094 Fastas
349 1059 391 1093 de
416 1059 558 1103 indigno
583 1058 755 1092 electiones
776 1057 915 1092 cassabat
928 1058 1081 1100 Princeps
1095 1081 1105 1096 ‚

224 1109 338 1153 &jure
351 1119 430 1143 tuuc
457 1111 498 1143 ad
518 1110 549 1142 se
559 1108 718 1143 devoluto
732 1107 924 1142 nominabat
940 1133 947 1140 .
975 1108 1023 1141 lta
1036 1107 1105 1140 Gis-

226 1159 384 1194 lemarum
405 1159 597 1193 Remensem
624 1158 761 1191 electum
788 1157 882 1191 fuisse
907 1157 952 1192 ob
968 1157 1105 1190 nimiam

227 1210 423 1254 imperiti-am
449 1206 651 1243 aLudovico
663 1206 725 1241 Pio
739 1206 889 1249 rejectum
903 1231 914 1247 ,
939 1217 1035 1251 atque
1060 1207 1105 1240 ita

227 1260 437 1294 nominatum
449 1257 621 1292 Ebbonem
628 1282 639 1298 ‚
651 1267 653 1271 ’
666 1256 776 1290 scribit
789 1257 830 1292 ad
844 1257 1024 1291 Nicolaum
1045 1256 1093 1299 pri

226 1320 320 1343 mum
332 1309 530 1345 Pontificem
543 1309 618 1342 Rex
645 1307 784 1342 Carolus
796 1307 916 1342 Calvus
926 1332 933 1339 .
968 1307 1106 1341 Exstant

227 1358 339 1394 litterae
351 1357 435 1403 apud
448 1358 606 1401 Iacobum
622 1357 831 1392 Sirmondum
847 1357 917 1401 post
931 1357 1104 1400 Synodum

226 1408 461 1443 Tricaffinam.
490 1408 533 1441 Et
559 1406 637 1441 hinc
661 1407 850 1446 Hilduino‚
875 1407 1018 1449 ejusdem
1045 1408 1095 1441 Lu

226 1457 670 1501 doviciArchi-Capellano‚
697 1456 855 1498 &Iudith
886 1456 1105 1500 Imperatr-ici,

225 1508 316 1551 quod
328 1507 398 1551 post
410 1509 558 1542 caffitam
570 1506 611 1540 de
623 1505 762 1549 indigno
785 1507 921 1548 primam
945 1505 1107 1550 impetras·

227 1559 298 1592 sent
316 1557 482 1594 licentiam
494 1556 659 1594 elestionis
682 1556 828 1589 secundae
840 1580 850 1595 ,
874 1557 926 1589 uti
949 1555 990 1590 de
1001 1557 1102 1600 singu-

227 1607 286 1641 lari
307 1606 474 1641 beneficio
493 1607 612 1651 gratias
640 1605 801 1640 solemnes
817 1605 888 1650 egit
899 1605 1041 1640 Ecclefia
1054 1606 1106 1639 Se-

226 1706 308 1742 lium
320 1709 569 1751 promotionum
579 1706 729 1740 formulis
751 1706 834 1748 apud
857 1707 1022 1748 praefatum
1046 1707 1106 1740 Sir-

222 1754 407 1800 in'ondum.
436 1757 601 1791 Inlitteris
627 1755 711 1800 apud
724 1755 929 1789 Franciscum
954 1756 997 1790 du
1010 1754 1105 1791 Ches-

226 1819 271 1842 ne
282 1807 484 1846 exstantibus
501 1807 666 1844 Frotarius
688 1805 926 1850 Burdigalensxs
937 1804 1093 1849 Archiepi

226 1858 343 1902 scopus
355 1859 451 1891 refert
462 1855 717 1892 aliaistiusmodi
740 1855 904 1898 exempla.
934 1856 1015 1888 Haec
1040 1867 1105 1889 me-

226 1907 350 1942 morati
362 1907 555 1942 Visitatoris'
561 1907 654 1941 verba
666 1929 676 1945 ,
704 1910 778 1938 Cum
791 1907 908 1939 licentia
925 1910 1081 1939 canonum
1095 1929 1105 1944 ‚

225 1958 402 1991 continent
434 1956 657 2003 adulationem
696 1956 836 2000 Regiam
874 1956 907 1989 «Sc
944 1966 1103 1989 errorem.

223 2006 414 2054 Qsen'im
435 2007 555 2041 Canon
578 2007 643 2042 tale
672 2006 720 2049 jus
746 2005 891 2039 devolvit
914 2005 953 2039 ad
969 2005 1105 2050 Reges?

225 2056 345 2102 Longe
370 2057 463 2090 aliter
490 2057 523 2090 in
558 2057 672 2090 litteris
684 2055 724 2089 ad
735 2063 904 2088 vacantem
916 2055 1102 2089 Belluacen—

226 2106 308 2141 sium
338 2105 512 2141 Ecclesiam
537 2107 657 2150 scripsit
677 2106 877 2139 Hincmarus
887 2104 1103 2148 Metropolita

228 2204 352 2249 &sacris
362 2207 533 2241 eanontbus
544 2207 663 2240 deviam
696 2205 821 2249 scienter
840 2205 923 2238 nobis
942 2206 1104 2237 adduxeri-

227 2259 272 2290 ris
285 2279 296 2295 ,
307 2267 364 2289 non
369 2254 461 2299 solum
472 2268 508 2290 ex
518 2269 553 2290 ea
569 2257 739 2298 Pontificem
747 2267 803 2289 non
813 2254 961 2288 habebitis
978 2278 989 2294 ,
1000 2265 1104 2287 verum

228 2311 326 2339 etiam
344 2314 404 2348 pro
426 2306 529 2340 illicita
546 2306 680 2339 elemone
690 2329 701 2346 ‚
726 2315 760 2339 ue
779 2312 989 2346 contemptores
1007 2307 1104 2337 Cano·

229 2366 300 2388 num
315 2379 325 2396 ,
344 2357 496 2397 judicium
516 2361 670 2389 incurretis
683 2379 694 2395 ,
715 2354 773 2397 sed
797 2356 831 2388 (5
844 2354 934 2393 nostro
958 2355 991 2387 6·
1003 2358 1104 2396 Coepi-

223 2403 376 2449 scoporum
387 2405 660 2447 nestrorum-iudicio
670 2403 803 2446 refutata
815 2403 1029 2438 rationabiliter
1049 2406 1103 2438 ele·

229 2455 323 2489 “lione
334 2455 432 2496 vestra
441 2461 600 2499 incongrua
607 2481 617 2496 ‚
644 2457 733 2488 talem
738 2454 898 2498 secundum
910 2454 1102 2498 Laodicenses

230 2509 366 2538 Canoner
381 2504 563 2546 studebimus
581 2506 704 2548 eligere,
731 2510 782 2547 qui
807 2503 913 2544 vestris
934 2502 1043 2545 vitiosis
1054 2516 1104 2538 vo·

230 2555 395 2589 laniatibus
416 2566 472 2588 non
494 2557 596 2589 valeat
616 2555 796 2599 consentire.
823 2554 953 2588 Similes
975 2554 1017 2589 ad
1029 2566 1103 2589 ean-

230 2603 308 2638 dem
319 2606 446 2639 Erluini
460 2605 612 2649 Episcopi
626 2616 730 2640 morte
741 2613 910 2640 vacantem
927 2605 1101 2640 Ecclesiam

236 2653 355 2695 scripsit
364 2655 579 2699 Metropolita
598 2648 762 2689 Heriveus
772 2681 779 2688 .

286 2703 445 2749 Quintam
455 2706 620 2740 violentia:
628 2707 756 2741 causam
767 2703 866 2740 habes
884 2705 918 2739 in
931 2705 1102 2740 Chronico

237 2750 429 2786 Monasterii
455 2754 696 2790 Gemblacenfis
719 2769 726 2788 :
763 2755 985 2799 Gemblacenses
1007 2756 1102 2790 orbati

238 2802 350 2839 Patre,
375 2801 510 2837 Erluino
533 2806 638 2847 primo
657 2808 716 2840 suo
729 2805 859 2840 Abbate
873 2831 884 2846 ,
910 2808 954 2839 ad
976 2810 1102 2840 Curiam

237 2853 326 2893 Regis
345 2876 355 2891 ‚
378 2852 518 2885 octonis
541 2855 626 2888 tertii
652 2855 855 2900 Imperatoris
882 2881 893 2896 ,
914 2865 971 2898 pro
1000 2856 1102 2899 subro-

227 2901 336 2943 gando
342 2899 395 2942 fibi
409 2900 524 2939 Pastore
530 2903 692 2938 deliberant
702 2912 743 2939 ire
754 2931 764 2947 ‚
790 2918 841 2940 nec
851 2914 953 2939 tamen
975 2906 1024 2939 hoc
1040 2905 1102 2947 fine

236 2948 343 2991 mnfilio
369 2949 506 2993 Episcopi
531 2954 660 2994 Dioecefis
690 2964 802 2997 putant
826 2956 877 2999 effe
907 2955 1101 2996 faciendum.

239 3004 390 3043 Notgerus
406 3009 476 3033 tunc
485 3007 624 3043 temporis
635 3005 839 3047 Tungrenfibus
850 3006 1010 3046 antistabat
1023 3030 1035 3047 ‚
1051 3012 1103 3049 qui

237 3059 296 3081 non
308 3061 417 3094 negans
428 3050 570 3091 confilium
581 3053 777 3093 qum-entibus
787 3080 798 3095 ‚
824 3056 968 3096 insinuare
992 3063 1102 3098 incepit

237 3110 329 3142 quam
345 3106 441 3141 potuit
453 3102 632 3143 eloquentius
645 3126 655 3142 ‚
680 3114 771 3144 quam
791 3107 892 3138 inutile
910 3105 949 3144 fir
956 3115 1102 3148 pauperes

238 3148 363 3192 Regibus
370 3147 520 3191 subjacere
530 3175 541 3191 ,
563 3163 655 3192 quam
665 3154 794 3185 arduum
819 3155 853 3186 <tt
864 3155 977 3194 difficile
989 3156 1104 3189 bumili-

238 3200 294 3232 bus
305 3198 416 3239 Christi
428 3197 531 3241 solium
541 3204 631 3245 Regis
652 3207 818 3245 attingere:
844 3205 942 3236 videri
955 3204 1012 3245 fibi
1033 3207 1106 3238 mul-

237 3258 303 3283 tum
315 3248 366 3291 effe
376 3249 466 3287 utile,
484 3248 579 3291 fijurl
608 3251 771 3291 Leodienfis
792 3250 930 3295 Episcopi
948 3260 1106 3294 patiantur

234 3297 412 3343 ficbjacere‚
434 3300 519 3332 unde
523 3308 664 3342 prompta
673 3300 747 3342 adfit
760 3301 901 3343 defenfio.
927 3302 987 3345 {psi
1009 3315 1106 3347 quan·

237 3348 346 3393 doque
355 3347 518 3382 Monachi
531 3351 760 3385 renuntiabant
780 3351 959 3385 Canonicae
980 3353 1103 3388 eleffio-

1884 140 1971 183 131

1167 208 1337 244 Praelatum
1360 209 1419 243 fibi
1441 208 1647 253 postulabant
1674 209 1692 242 a
1718 206 1871 252 Principe
1892 231 1900 242 .
1930 208 2043 255 „Qod

1167 258 1334 304 Notgerus
1362 257 1785 294 Gemblacenfibus-merito
1796 257 1955 293 dissuasit.
1981 258 2045 292 Ca-

1167 310 1287 342 nonica
1300 321 1408 353 namq3
1421 310 1538 344 elestio
1549 321 1619 344 non
1631 308 1676 342 est
1691 306 1787 351 hujus
1801 320 1855 343 aut
1869 308 1955 342 illius
1967 308 2044 342 Mo-

1167 357 1296 391 nasterii
1308 383 1318 398 ,
1345 359 1396 393 sed
1408 360 1510 394 totius
1522 358 1732 393 Monachalis
1758 358 1791 391 &
1803 358 1971 392 Clericalis
1981 358 2044 392 Or-

1165 406 1252 441 dinis
1264 408 1477 453 privilegium
1492 434 1502 449 ,
1528 409 1598 443 imo
1610 409 1664 443 lex
1679 409 1919 451 &praeceptum
1933 433 1943 448 ,
1955 408 2044 441 ideo-

1167 467 1230 500 que
1246 457 1355 491 nullus
1366 458 1561 492 Conventus
1574 459 1667 502 poffit
1695 459 1746 492 illi
1765 457 1951 491 renuntiare
1967 482 1974 488 .
2001 457 2044 489 Et

1168 506 1244 541 hinc
1257 507 1506 542 Gemblacenses
1518 509 1657 542 omnino
1677 508 1872 543 obediet-unt
1883 531 1891 539 .

1215 558 1348 592 Sextarn
1371 557 1481 601 Regia
1499 558 1737 592 nominationis
1760 559 1874 591 ansam
1894 555 1995 591 edicit
2008 557 2044 590 in

1167 607 1282 641 litteris
1302 608 1344 641 ad
1368 607 1580 641 Ludovicurn
1601 607 1733 641 tertium
1754 608 1953 641 Francorum
1981 607 2047 641 Re-

1165 669 1241 702 gem
1265 657 1466 691 Hincrnarus
1487 656 1703 699 Metropolita
1736 657 1907 691 Remensis
1936 669 1944 689 ε
1970 659 2046 690 sunt
2066 666 2148 702 Epist.
2176 677 2219 698 μ,

1164 713 1215 749 qui
1242 708 1366 746 dicunt,
1392 715 1426 739 ut
1448 707 1577 746 audivi,
1605 713 1675 747 quia
1697 717 1745 739 res
1757 705 1957 746 Ecclefiasticae
1969 710 2052 748 Epi-
2065 717 2126 747 cap.
2139 719 2165 743 4·

1161 755 1348 799 sioporumin
1359 755 1453 796 vestra
1465 754 1701 798 stntpotestate'‚
1722 764 1756 788 ut
1766 761 1931 797 cuicumque
1954 757 2049 791 volue-

1165 812 1234 839 ritis
1255 817 1305 839 eas
1330 808 1460 840 donetis.
1489 803 1533 839 Et
1544 817 1585 840 ex
1606 805 1671 840 hoc
1692 804 1855 848 principio
1881 806 2047 840 Henricus

1165 864 1294 900 quartus
1306 856 1484 900 Imperator
1496 881 1506 895 ‚
1533 856 1567 890 &
1579 854 1752 899 Philippus
1773 854 1895 898 primus
1906 854 2049 888 Franco-

1167 918 1236 940 rum
1260 908 1333 941 Rex
1348 908 1561 950 Episcopatus
1573 917 1671 950 atque
1681 905 1843 939 Abbatias
1857 916 1924 940 nou
1939 904 2047 939 solum

1166 955 1309 997 donare,
1335 954 1387 991 sed
1410 957 1444 991 ὅ(
1468 956 1608 990 vendere
1629 955 1910 1000 praesumpserunt.
1933 955 2048 1002 Qem

1167 1017 1306 1041 errorem
1326 1005 1344 1038 ὲ
1357 1006 1530 1041 Godefridi
1544 1005 1769 1051 Lotharingiae
1779 1004 1884 1039 Ducis
1896 1004 2047 1048 Capella-

1169 1057 1219 1091 nis
1240 1057 1408 1092 defensum
1432 1057 1585 1091 refutavit
1598 1057 1766 1101 insigniter
1786 1056 1920 1090 sanstus
1933 1055 2049 1089 Petrus

1169 1106 1324 1142 Damiani
1346 1133 1353 1139 .
1382 1107 1490 1152 lpsum
1525 1119 1565 1141 ex
1587 1107 1717 1141 inferno
1741 1104 1892 1149 prodiisse
1909 1105 2052 1143 affirmat

1168 1157 1368 1192 Hincmarns
1378 1182 1389 1198 ,
1414 1158 1448 1192 &
1459 1169 1527 1191 nou
1542 1156 1619 1191 solis
1627 1157 1747 1190 divinis
1758 1156 1872 1189 litteris
1887 1163 1944 1188 aut
1954 1155 2050 1188 sacris

1169 1207 1316 1242 Ecclefiae
1337 1207 1555 1247 Canonibus,
1582 1207 1637 1242 sed
1660 1207 1759 1241 etiam
1785 1205 1901 1240 Caroli
1927 1203 2051 1248 Magni

1167 1258 1199 1291 δε
1221 1256 1384 1292 Ludovici
1411 1259 1466 1292 Pii
1489 1255 1733 1300 Capitularibus
1762 1263 1912 1299 patenter
1939 1254 2050 1288 adver-

1168 1308 1244 1341 sari.
1272 1307 1315 1341 Et
1329 1306 1363 1341 hi
1374 1307 1508 1352 quidem
1522 1308 1594 1341 sunt
1607 1308 1759 1350 speciales
1782 1305 1876 1339 istius
1888 1304 2050 1338 violentias

1168 1358 1289 1392 fontes:
1300 1358 1469 1392 Generalis
1481 1358 1592 1400 paffim
1604 1358 1678 1391 fons
1690 1357 1753 1391 fuit
1765 1355 1902 1390 avaritia
1918 1354 2052 1399 Regum

1168 1418 1223 1441 aut
1237 1407 1418 1452 Regiorum
1439 1407 1685 1441 Ministrorum.
1715 1407 1758 1440 Et
1770 1404 1850 1439 hinc
1871 1404 2056 1439 Ludovicor

1168 1457 1265 1491 tertio
1274 1458 1305 1491 se
1318 1456 1464 1491 laudatus
1472 1456 1676 1490 Hincmarus
1688 1454 1907 1498 potentiffime
1918 1453 2058 1495 objecit-

1168 1506 1281 1548 AEque
1301 1516 1451 1550 potenter
1481 1506 1512 1539 se
1531 1505 1652 1548 objecit
1686 1503 1847 1539 Lothario
1871 1503 2025 1547 Augusto
2038 1526 2053 1542 ,

1167 1566 1230 1590 tres
1247 1556 1316 1598 ejus
1329 1556 1368 1589 ad
1384 1555 1557 1590 Ecclesiam
1570 1555 1838 1590 Cameracensem
1861 1554 2052 1587 nominatos

1166 1607 1353 1640 consecrare
1377 1606 1524 1640 recusans
1546 1604 1823 1643 constantiffime,
1848 1601 2053 1647 atqueitaih

1167 1657 1210 1690 lic
1224 1667 1373 1698 reparans
1385 1656 1593 1690 Cauonicam
1614 1656 1836 1690 Elestionem.
1865 1650 2053 1700 Qmodo

1167 1705 1279 1739 Caroli
1293 1706 1387 1740 Calvi
1400 1707 1646 1740 nominationes
1670 1704 1919 1739 &Nominatus
1940 1703 2055 1737 excus-

1166 1756 1241 1790 serit
1260 1758 1395 1791 Sanstus
1407 1755 1550 1790 Amulus
1566 1754 1841 1798 Archiepiscopus
1852 1751 2053 1798 Lugdunen-

1165 1806 1224 1846 sis,
1253 1806 1298 1839 est
1325 1805 1416 1850 supra
1439 1806 1622 1841 ostensum.
1652 1805 1731 1848 Ejus
1753 1806 1908 1839 successor
1918 1803 2052 1837 San-stus

1160 1855 1340 1901 'Remigius
1378 1857 1413 1889 in
1436 1857 1530 1891 tertia
1553 1856 1733 1890 Valentina
1761 1853 1901 1897 synodo
1936 1852 2052 1886 statuit

1167 1905 1300 1940 liberam
1312 1905 1505 1941 elefflonem
1517 1905 1671 1949 deinceps
1690 1905 1708 1938 a
1723 1904 1875 1947 Principe
1888 1902 2059 1947 postulang

1166 1955 1241 1989 darn
1255 1968 1309 2000 per
1328 1964 1481 1990 vacantes
1502 1956 1657 1990 Ecclesias
1669 1980 1680 1995 ,
1703 1952 1897 1998 nullumque
1916 1954 1975 1987 nisi
1989 1954 2055 1987 Ca-

1168 2005 1287 2040 nonice
1309 2006 1457 2040 Electum
1478 2006 1541 2040 esse
1563 2005 1822 2040 consecrandum
1841 2029 1851 2045 ,
1878 2004 1913 2038 ὃς
1938 2002 2053 2045 adjun-

1166 2055 1231 2099 git:
1258 2057 1316 2088 sed
1332 2056 1386 2097 etfi
1403 2059 1424 2088 ἃ
1442 2055 1569 2099 servitio
1588 2061 1634 2098 pii
1648 2058 1798 2097 Principis
1822 2053 1909 2095 nostri
1937 2054 2049 2095 aliquis

1164 2105 1341 2139 clericorum
1361 2113 1481 2140 venerit
1494 2131 1504 2146 ‚
1531 2116 1564 2139 ut
1585 2107 1672 2139 alicui
1693 2111 1828 2139 Civitati
1846 2111 2047 2145 praeponatur

1165 2154 1346 2198 Episcopus,
1374 2158 1429 2190 &a
1442 2156 1612 2190 Palatinos
1624 2156 1769 2189 Clericos
1783 2179 1793 2194 ,
1822 2153 1878 2187 sub
1889 2154 1986 2187 variis
1999 2162 2047 2187 ta-

1165 2216 1240 2239 men
1259 2205 1532 2245 conditionibus,
1560 2205 1719 2249 permittit
1741 2205 1759 2238 a
1771 2203 1926 2247 Principe
1939 2204 2048 2238 nomi-

1167 2256 1254 2289 nari.
1267 2255 1426 2290 Notanda
1441 2256 1474 2289 su
1481 2264 1515 2289 nt
1527 2254 1623 2289 verba
1635 2280 1644 2296 ,
1657 2258 1810 2297 Principis
1824 2253 1928 2294 nostri:
1943 2253 2050 2302 Qod

1162 2305 1274 2340 alieno
1295 2305 1382 2351 Regi
1405 2305 1527 2340 Carolo
1553 2306 1659 2339 Calvo
1684 2304 1860 2349 denegarat
1884 2303 2053 2342 Amnius,

1163 2355 1309 2399 Principi
1333 2357 1464 2399 proprio
1485 2355 1647 2392 Lothario
1668 2354 1822 2400 Augusto
1848 2355 1913 2397 ipse
1934 2364 2052 2388 conee-

1162 2406 1235 2447 dit,
1262 2415 1360 2449 atque
1381 2407 1427 2440 ita
1450 2406 1530 2440 citra
1554 2406 1644 2440 istius
1666 2405 1823 2449 injuriam
1835 2403 1913 2438 huic
1927 2404 2049 2438 satisfe-

1162 2457 1227 2490 cit.
1258 2456 1369 2490 Etiam
1381 2456 1446 2499 ipse
1455 2467 1496 2490 ex
1509 2455 1664 2490 Palatino
1678 2455 1808 2490 Clerico
1822 2456 1929 2489 fuerat
1942 2454 2049 2487 nomi·

1164 2516 1258 2540 natus
1269 2521 1279 2540 .·
1305 2507 1469 2550 propriam
1481 2506 1724 2550 promotionem
1750 2505 1860 2540 noluit
1872 2504 2028 2538 damnare
2040 2528 2048 2536 .

1163 2557 1263 2591 Haud
1276 2556 1375 2590 dubie
1387 2558 1417 2590 se
1430 2555 1573 2591 fundarit
1599 2558 1631 2590 in
1644 2556 1818 2600 privilegio
1829 2581 1839 2596 ,
1867 2555 1955 2598 quod
1970 2555 2047 2597 Pip-

1164 2606 1243 2650 pino
1255 2606 1369 2652 Regia
1381 2606 1537 2641 Zacharia
1551 2607 1716 2642 Pontifice
1726 2606 1819 2641 fuisse
1842 2604 1955 2639 datum
1971 2605 2045 2638 ursit

1164 2658 1298 2691 Weuilo
1323 2657 1596 2701 Archiepiscopus
1623 2657 1837 2692 senonensis.
1870 2654 2045 2697 Remigius

1161 2707 1360 2741 existimavit
1385 2708 1472 2751 posse
1490 2708 1507 2741 a
1532 2710 1562 2741 se
1582 2707 1735 2741 ratificat-i
1759 2733 1766 2739 .
1795 2706 1906 2739 Etiam
1938 2705 2043 2738 ditius

1162 2758 1300 2791 Wenilo
1312 2782 1321 2797 ,
1350 2759 1492 2802 Regiam
1506 2758 1769 2792 nominationem
1784 2765 1950 2794 metuenS,
1978 2754 2045 2787 Ec-

1162 2801 1259 2842 cl'efiae
1277 2808 1516 2842 Aurelianensis
1536 2808 1675 2842 elesturn
1699 2806 1827 2852 Agium
1838 2803 2045 2839 consecravit

1162 2858 1228 2892 fine
1250 2859 1344 2892 venia
1365 2858 1476 2892 Caroli
1491 2859 1613 2902 Regis,
1642 2869 1739 2901 quem
1763 2858 1883 2890 iratum
1907 2865 2046 2895 compo-

1165 2909 1226 2943 suit
1249 2909 1401 2952 Synodus
1423 2908 1618 2942 Vernensis.
1651 2908 1693 2941 Et
1705 2907 1745 2941 ad
1769 2904 1964 2940 Lotharium
1977 2902 2046 2938 Au·
2063 2894 2136 2932 0²1³·
2157 2906 2204 2929 ¹0-

1160 2960 1314 3004 gustum‚
1340 2959 1468 3002 ejusque
1478 2958 1587 2993 fratres
1606 2958 1815 2993 Ludovicum
1837 2954 2043 3004 Germaniae,

1162 3011 1197 3042 δε
1219 3009 1377 3043 carolum
1408 3008 1548 3043 Calvum
1569 3009 1685 3041 Galliae
1717 3008 1843 3049 Regem
1875 3003 1984 3038 scribit
2005 3004 2042 3037 in

1164 3058 1367 3100 Corbejenfis
1390 3058 1582 3092 Monasterii
1607 3056 1777 3100 privilegio
1799 3054 1957 3088 Pontifex
1981 3054 2040 3088 Be-

1166 3109 1310 3142 nedictus
1323 3108 1437 3141 tertius
1451 3121 1458 3139 z
1487 3110 1553 3150 ,Qui
1563 3111 1655 3149 Raeia
1667 3108 1881 3137 nominationi:
1896 3103 2040 3146 potestate

1159 3157 1316 3202 sufficltus,
1343 3159 1377 3190 ὠ·
1390 3169 1446 3189 non
1465 3165 1522 3198 per
1544 3156 1694 3189 elee‘ltonts
1700 3160 1832 3198 gratiam
1840 3153 1930 3197 super
1942 3156 2042 3187 Domi-

1164 3215 1259 3240 nicum
1274 3212 1399 3249 Gregem
1422 3211 1532 3246 arripit
1555 3208 1724 3238 Primatum
1736 3228 1745 3244 ‚
1773 3203 1820 3236 bic
1840 3216 1897 3237 non
1910 3204 2012 3245 Pastor
2030 3228 2041 3244 ‚

1167 3260 1202 3291 id
1211 3258 1249 3298 est
1262 3282 1272 3297 ‚
1297 3261 1430 3290 Vicarius
1441 3255 1572 3296 christi,
1594 3254 1708 3297 sedfur
1729 3256 1848 3288 &latro
1869 3254 1920 3297 effe
1938 3266 2042 3298 cogno-

1161 3306 1277 3351 scitur3
1306 3318 1356 3339 nec
1367 3316 1400 3339 ut
1414 3309 1595 3339 Dominicum
1606 3308 1727 3348 Gregem
1747 3304 1888 3344 mstodiat
1899 3330 1909 3346 ,
1932 3303 1988 3347 sed
2007 3315 2041 3337 ut

1163 3359 1275 3400 perdat
1300 3358 1333 3389 Θ
1355 3356 1461 3397 diffipet
1487 3380 1497 3395 ‚
1521 3361 1636 3388 intrare
1662 3354 1891 3396 deprehenditur
1925 3379 1931 3386 .
1959 3355 2041 3386 Unde

2073 2044 2149 2083 Cap.
2159 2053 2185 2078 7.

235 3399 275 3433 ssi
302 3422 316 3442 2
341 3398 483 3443 Regiam
515 3401 779 3441 nominationem
814 3402 1016 3447 preferebant
1037 3428 1049 3445 ,
1069 3405 1108 3438 ἀ
1168 3405 1493 3450 quisquis-eipoeestatis
1510 3405 1599 3446 hujus
1611 3405 1718 3438 tribuit
1730 3407 1965 3439 nominationem
1979 3425 1989 3440 ‚
2003 3403 2039 3438 de

284 3462 286 3464 ·
327 3448 439 3491 Sbrist.
444 3453 521 3493 Lupi
532 3454 617 3493 oper.
630 3454 763 3487 Tom-IV.

1613 3455 1644 3490 R
1697 3466 1718 3492 2

1921 3459 2009 3487 mor&
