2352 3736
482 136 487 139 .
547 110 865 141 SECUNDUM
900 96 1204 143 ROMANUM
1240 93 1623 138 CONCILIUM.

1915 108 2012 154 249

244 192 308 218 aut
317 178 442 227 periisse
450 179 653 216 existimatur
671 182 834 222 amulcis,
860 181 971 216 verum
983 181 1017 215 in
1031 179 1136 214 erudi·
1177 205 1179 207 .
1199 188 1229 213 te
1251 184 1420 222 capiamus.
1441 179 1547 223 Quam
1562 178 1734 220 exponendo
1751 174 1917 220 praedfflus
1932 178 2078 220 Joannes

248 231 334 268 rand
346 231 518 266 Eruditum
529 230 656 266 Lucam
667 232 869 267 Dacherium
893 231 1040 275 Epistola
1061 229 1135 263 Illu-

245 282 590 318 flriffimusDominus
610 283 724 317 Petrus
751 283 792 316 de
823 282 957 320 Marcii,
985 279 1135 314 Parifien-

243 332 288 366 fis
302 330 596 376 Archiepiscopus,
624 334 760 367 affirmat
772 333 806 366 ἀ
818 331 1017 365 demonstrat
1030 331 1133 373 ipsum

240 379 311 415 effe
322 381 440 417 faedum
451 381 570 417 librum
590 405 602 421 ,
632 382 740 416 nescio
756 381 851 423 cujus
873 381 1054 415 Bertramni
1079 391 1134 414 no-

242 431 339 466 -mine
356 432 531 466 titulatum
543 445 580 467 ac
591 443 694 476 nuper
709 431 879 475 vulgarum
901 430 936 463 in
957 430 1134 465 Germania

240 479 266 514 ὲ
285 480 504 516 Lutheranis.
531 482 770 519 Raraunum,
798 479 1003 514 corbeiensis
1027 481 1061 514 in
1083 479 1136 513 Pi-

243 531 356 566 cardia
367 531 522 567 Coenobii
541 531 768 570 Monachum,
792 529 936 563 ostendit
958 529 975 562 ὲ
990 529 1135 573 Sigeber-

246 590 285 615 to
307 581 536 616 Gemblacenfi
558 581 593 614 in
617 579 911 617 Ecclefiasticorum
936 580 1135 623 Scriptorum

244 629 414 675 Catalogo
434 654 445 671 ,
478 631 498 664 εὶ
521 629 691 673 publicato
715 641 772 673 per
797 629 1005 664 Ludovicum
1029 628 1133 662 Cello-

245 681 333 715 tium
367 681 529 723 Scriptore
551 704 562 720 ,
593 680 628 713 &
651 680 723 714 aliis
746 692 813 714 non
837 680 946 722 paucis
956 703 970 722 ,¹
993 678 1077 713 male
1098 679 1133 712 in

243 740 349 764 unum
369 740 444 763 cum
466 728 569 763 hocce
594 729 788 765 Bertrarnno
812 728 994 768 confundi,
1021 738 1134 771 utpote

243 781 416 823 personato
440 778 612 813 Histrione
633 804 643 819 ,
670 780 748 812 fisto
767 790 821 822 per
841 779 1003 821 Joannem
1024 777 1135 822 Erige-

240 839 320 863 nam
333 839 400 862 non
413 829 523 862 ausum
536 830 673 862 revelata
693 830 776 862 facie
797 829 988 873 impugnare
1011 828 1134 863 Ortho-

238 878 364 912 doxam
390 879 557 913 veritatem
579 902 590 917 ,
623 878 753 922 ejusque
774 879 958 913 defensores
978 877 1135 913 Primates

240 927 404 962 Doctores
413 939 451 962 ac
464 928 643 971 Episcopos
664 928 842 962 Gallicanae
865 928 1032 963 Ecclefiae.
1062 929 1134 963 Ho-

239 988 299 1012 mo
310 978 455 1021 impurus
467 978 615 1012 imitatus
634 978 680 1012 est
692 978 853 1021 Ioannem
865 978 1053 1014 Gaffianum
1066 1003 1076 1019 ,
1099 978 1136 1012 il-

240 1026 390 1061 lustrium
422 1026 670 1062 Monachorum
691 1039 880 1065 mutuarum
915 1030 1052 1063 nomina
1093 1028 1133 1062 ad

237 1076 348 1110 Sanffl
371 1076 553 1123 Augustini
575 1078 617 1112 de
640 1078 769 1112 victrice
798 1079 864 1113 Dei
893 1080 999 1123 gratia
1018 1077 1136 1112 doctri·

237 1137 320 1161 narn
329 1127 591 1171 impugnandam
602 1152 609 1160 .
637 1129 719 1163 Sunt
731 1128 955 1172 antiquiffimae
969 1129 1132 1162 Erronum

239 1186 345 1210 artes.
373 1177 417 1211 Et
438 1176 571 1221 quidem
597 1187 796 1213 memoratus
814 1176 979 1212 Ludovici
994 1178 1132 1216 Cellotii

239 1225 385 1270 scriptor
406 1225 535 1261 videtur
561 1226 656 1262 nobis
683 1229 789 1262 favere
812 1242 823 1261 :
861 1232 1044 1264 Ratramnus
1071 1235 1133 1271 qul-

239 1276 317 1309 dam
337 1276 410 1309 libro
433 1276 579 1319 composito
604 1279 648 1311 ad
671 1280 810 1311 Carolum
829 1282 939 1322 Regem
962 1304 971 1313 ,
1013 1279 1133 1313 Homi-

239 1336 320 1360 nem
339 1325 511 1361 obscurum
532 1327 710 1370 important
736 1327 802 1362 haef:
821 1329 917 1362 verba
943 1356 951 1363 .
983 1328 1031 1365 A:
1058 1326 1132 1363 vero

239 1375 441 1410 Ratramnus
463 1377 812 1412 CorbeiaeMonachus
836 1388 932 1412 tantae
952 1380 1015 1415 fuit
1041 1380 1134 1413 famae

242 1425 277 1458 ὅ(
299 1425 461 1467 scientiae,
487 1437 523 1461 ut
544 1427 692 1461 universa
715 1428 832 1462 Galli-‘e
854 1428 1006 1470 synodus
1028 1429 1133 1471 ipsum

241 1473 377 1519 elegerit
389 1476 431 1510 ad
452 1477 512 1510 suo
533 1477 669 1510 nomine
689 1476 895 1512 scribendum
915 1478 1062 1511 adversus
1085 1489 1134 1511 ca·

238 1523 383 1559 lumnias
399 1526 434 1559 &
453 1536 575 1561 errores
594 1525 706 1560 Photii
735 1525 926 1561 Patriarchae
946 1526 1133 1560 Constanti-

238 1574 449 1616 nopolitaui:
474 1574 569 1608 Abfit
595 1584 631 1612 ut
654 1585 743 1609 tanta
767 1576 936 1618 provincia
948 1577 1132 1612 Sacramen-

239 1624 326 1658 tario
336 1623 503 1659 Haeretico
514 1625 531 1657 a
542 1624 642 1659 tantis
652 1625 820 1670 Episcopis
831 1626 1013 1660 crederetur
1025 1652 1032 1659 .
1060 1626 1131 1660 Per-

238 1683 350 1717 peram
375 1682 487 1708 tamen
507 1674 566 1708 iste
586 1675 730 1718 Scriptor
751 1676 933 1710 Ratramno
958 1677 1006 1708 illi
1021 1676 1131 1718 adjun-

239 1723 294 1767 git
315 1722 491 1758 Rabanum
512 1724 667 1758 Maurum
687 1750 694 1757 .
737 1724 840 1758 Hunc
871 1726 962 1759 enim
986 1724 1068 1759 reste
1091 1725 1131 1759 de

239 1771 467 1807 Eucharistica
491 1774 626 1808 veritate
647 1775 773 1808 senfiffe
793 1786 892 1809 nemo
916 1785 1072 1818 umquam
1083 1775 1129 1808 est

240 1821 426 1856 inficiatus.
455 1822 562 1858 Verus
584 1824 781 1860 Ratramnus
805 1825 962 1864 Carolum
989 1824 1130 1860 Calvum

239 1870 371 1916 Regem
384 1873 417 1906 in
429 1873 492 1907 suis
506 1873 546 1906 de
568 1873 691 1916 duplici
717 1872 993 1918 praedestinatione
1015 1875 1127 1916 libris,

237 1929 324 1965 quos
346 1921 417 1963 ejus
439 1922 522 1965 jussu
550 1920 670 1965 scripsit
692 1936 729 1957 ac
755 1925 811 1967 ipfi
837 1924 1012 1967 inscripsit,
1038 1935 1129 1959 more

233 1972 397 2005 consueto
433 1972 543 2007 titulat
581 1972 743 2015 Gloriosum
779 1975 813 2008 (ε’
837 1976 1129 2015 Praecellemiffimum

236 2024 442 2063 Principem3
470 2031 503 2055 at
526 2023 600 2055 vero
626 2023 683 2056 iste
709 2025 918 2058 Bertramnus
958 2024 995 2058 in
1021 2026 1128 2068 operis

235 2071 286 2105 sui
313 2069 522 2106 dedicatione
541 2070 722 2107 adulatorie
734 2074 874 2117 appellat
886 2074 1043 2108 Carolurn
1056 2074 1126 2109 Ma·

236 2131 371 2166 gnum..
397 2121 499 2166 Qud
528 2121 634 2164 ipsum
659 2124 737 2158 fecit
759 2125 795 2157 in
822 2124 966 2168 superius
990 2123 1126 2158 adducta

237 2170 387 2213 Epistola
422 2172 639 2208 Haerefiarcha
686 2174 901 2219 Berengarius
924 2197 934 2212 ‚
982 2174 1038 2216 qui
1086 2173 1126 2208 ad

236 2220 369 2254 nullum
390 2230 534 2264 unquam
569 2223 786 2257 Ratramnum
820 2234 876 2257 aut
897 2224 1126 2257 Bertramnum

235 2270 430 2313 provocavit
456 2293 468 2309 ,
493 2271 548 2305 sed
568 2273 690 2316 semper
709 2272 750 2307 ad
776 2274 936 2316 Joannem
955 2273 1093 2307 Scotum
1116 2297 1128 2313 ,

229 2329 276 2353 nt
302 2329 379 2363 pote
405 2331 515 2355 verum
542 2321 635 2355 istius
656 2346 667 2363 ‚
706 2322 724 2356 ὲ
751 2334 819 2366 quo
845 2333 1015 2366 corruptus
1041 2323 1126 2364 suit,

233 2368 313 2403 libri
336 2369 517 2404 Auctorem
538 2394 547 2402 .
583 2371 628 2407 Et
648 2370 727 2406 hinc
749 2372 854 2413 liber,
881 2384 980 2417 quem
1002 2372 1125 2417 abjura-

231 2430 270 2454 re
289 2444 301 2460 ‚
341 2419 375 2453 ὅτ.
401 2420 538 2463 propriis
562 2421 713 2456 manibus
735 2422 769 2457 in
791 2424 941 2459 flammas
961 2423 1125 2466 conjicere

229 2468 422 2512 compulsus
451 2470 514 2504 fuit
542 2468 562 2503 ὲ
594 2471 739 2514 pluribus
772 2473 916 2516 Synodis
938 2498 950 2514 ‚
981 2474 1124 2508 omnino

231 2519 338 2563 etiam
348 2527 416 2552 erat
430 2517 510 2554 liber
524 2520 662 2562 Joannis
674 2522 761 2556 Scoti
774 2547 781 2554 .
806 2523 908 2558 Liber
929 2523 984 2558 ille
992 2523 1124 2567 scriptus

232 2568 299 2602 fuit
320 2580 360 2602 ex
377 2568 458 2612 justu
483 2570 594 2604 Caroli
619 2571 740 2616 Magni
763 2573 815 2606 seu
837 2573 931 2607 Calvi
952 2597 967 2613 .,
1002 2574 1065 2607 fuit
1086 2574 1124 2607 il-

235 2616 264 2650 li
291 2618 461 2663 inscriptus
480 2643 492 2659 ‚
530 2621 619 2664 plura
639 2620 823 2657 adducebat
844 2647 855 2663 ,
892 2622 1065 2666 torquebat
1091 2625 1124 2658 δε

237 2667 411 2703 truncabat
431 2670 539 2703 Sansti
564 2670 745 2716 Augustini
771 2696 783 2712 ,
821 2671 987 2707 Ambrosii
1010 2697 1020 2713 ,
1041 2673 1124 2708 Hie-

237 2716 375 2758 ronymi
388 2739 402 2755 ‚
424 2729 462 2751 ac
480 2720 635 2764 Gregorii
657 2722 843 2756 testimonia
861 2747 873 2764 ,
908 2724 956 2756 uri
976 2724 1062 2758 lucer
1080 2735 1122 2758 ex

236 2765 348 2799 Sanffi
362 2765 538 2801 Lanfrauci
549 2769 636 2804 libro
647 2770 796 2806 adversus
807 2772 1042 2818 Berengarium
1055 2798 1065 2814 ‚
1088 2774 1123 2807 ὃ(

238 2815 394 2859 Magistri
418 2815 564 2850 Ascelini
589 2819 630 2852 ad
660 2821 800 2856 eundem
824 2822 1123 2867 Berengarium·E-

237 2864 355 2908 pistola
381 2878 391 2897 :
417 2868 574 2909 Joanncm
591 2870 707 2903 ‚Scotum
728 2881 780 2905 nec
800 2872 1007 2914 inconfidcrate‘
1021 2898 1032 2914 ‚
1071 2885 1121 2907 nec

236 2915 331 2956 impl?
351 2940 363 2955 ,
396 2926 452 2948 mc
472 2916 598 2959 indigne
615 2919 781 2954 sacerdotio
797 2932 859 2955 meo
878 2925 1050 2956 Haereticam
1065 2923 1121 2956 ba-

236 2964 290 2997 beo
302 2989 313 3004 ,
336 2976 425 3007 quem
443 2973 504 2998 toto
522 2964 606 3008 msa,
633 2974 750 3010 totaque
767 2976 929 3006 intentione
952 2973 999 3005 ad
1017 2971 1119 3017 bacso-

232 3014 301 3048 Ium
323 3016 446 3048 tendere
459 3016 569 3057 video,
595 3017 714 3049 utmibi
721 3018 919 3062 persuadeat,
941 3020 992 3054 boc
1014 3024 1118 3057 videli-

236 3073 283 3096 cet
303 3065 384 3105 quod
399 3069 432 3096 in
456 3065 553 3098 Aleta-i
571 3065 772 3109 consecratur,
796 3079 887 3112 neque
907 3073 979 3105 verr?
996 3080 1117 3114 corpus,

238 3123 334 3154 mque
351 3115 423 3146 ὐενέ
443 3112 622 3159 sanguinem
639 3117 694 3160 effe
715 3116 842 3158 christi.
864 3124 923 3153 Hoc
943 3129 1043 3154 tamen
1063 3124 1117 3155 ad-

233 3161 345 3203 struere
377 3167 486 3196 nititur
521 3178 559 3198 ex
595 3167 768 3200 sanderum
797 3171 923 3201 Parrum
952 3170 1115 3213 opusculis,

239 3222 308 3254 quae
326 3214 424 3253 prave
447 3220 585 3255 exponit.
620 3218 755 3260 ‚Quorum
775 3218 861 3251 illam
881 3219 962 3252 beati
983 3223 1115 3263 Gregorii

236 3267 398 3296 orationem
408 3260 455 3295 bic
475 3271 615 3298 annotari
632 3265 774 3309 sufficiat:
799 3267 960 3310 Perficiant
980 3275 1013 3302 in
1030 3271 1112 3304 nobis

233 3367 332 3403 pem,
356 3369 390 3395 ut
415 3374 480 3405 quae
497 3374 572 3396 nunc
588 3364 684 3407 specie
692 3373 827 3410 gerimus
846 3394 858 3411 ,
880 3381 981 3403 rerum
1001 3376 1114 3405 verita·

343 3411 450 3453 christ.
462 3416 540 3456 Lupi
551 3418 639 3459 oper.
650 3418 729 3452 Tam.
741 3421 795 3452 IV.

233 3320 294 3347 tua
317 3336 329 3352 ,
347 3314 470 3346 Domine
490 3312 655 3357 quaeficmus
677 3342 687 3358 ‚
717 3320 908 3352 sacramenta
930 3321 1009 3361 quod
1026 3330 1112 3354 contt-
1124 3326 1166 3469 Η

1195 235 1274 264 inter
1285 238 1391 264 caetera
1403 228 1584 271 nostra-fidei
1604 227 1754 262 contraria
1776 233 1892 271 inquit:
1914 229 2012 270 Specie
2025 239 2076 272 ge-

1183 253 1324 320 1rantur,
1349 292 1405 313 non
1430 284 1575 314 veritate.
1607 277 1690 326 Qae
1701 275 1815 312 om'uia
1824 277 1947 312 eisdem
1969 277 2077 312 verbis

1195 327 1295 362 hodie
1317 330 1391 363 suut
1413 330 1447 363 in
1471 329 1533 364 isto
1561 328 1755 363 Bertramno
1775 353 1786 369 ,
1806 327 1961 371 ,ideoque
1988 327 2079 362 lucet:

1172 396 1175 400 ·
1195 379 1300 422 ipsum
1338 381 1399 414 effe
1419 381 1556 414 Scotum
1585 379 1794 423 personatum
1816 402 1822 409 .
1860 377 1972 412 Etiam
1994 376 2078 412 illud

1195 429 1359 463 Ambrofii
1373 428 1595 464 testimonium
1609 453 1620 469 ,
1643 429 1732 473 quod
1757 427 1921 463 Ambrosii
1942 438 2010 461 non
2033 428 2078 461 es-

1196 480 1245 519 se,
1266 479 1321 513 sed
1349 479 1367 512 ὲ
1388 481 1488 514 Scoto
1509 479 1542 513 dc
1566 479 1762 524 Berengario
1783 479 1880 513 fuisse
1899 477 2080 512 confictum

1195 528 1334 564 advertit
1344 528 1492 564 laudatus
1510 528 1733 570 Lanfrancus,
1755 530 1790 563 in
1818 529 2013 563 Bertramno
2025 539 2082 562 ex-

1196 579 1275 614 stare
1286 578 1416 613 notavit
1437 577 1548 613 xistus
1572 578 1735 612 Senensis.
1765 579 1847 613 Item
1873 576 2082 613 paschasium

1197 628 1393 663 Ratbertum
1407 653 1418 668 ,
1442 629 1500 670 qui
1515 627 1831 662 Bertramnilibrum
1851 629 1884 663 δε
1907 628 2079 673 impugna·

1198 679 1246 712 vit
1266 679 1301 713 in
1312 679 1428 712 litteris
1438 679 1477 711 ad
1489 676 1750 722 Fredegardum,
1772 679 1805 712 ὅ(
1827 690 1882 721 per
1904 679 2006 722 ipsum
2016 678 2083 713 fuit

1197 729 1406 772 impugnatus
1424 752 1435 767 ‚
1462 727 1582 770 Joanni
1619 727 1720 765 Scoto
1751 725 1838 760 idem
1868 727 2084 773 Berengarius

1197 779 1320 821 semper
1336 778 1489 821 opposuit
1501 802 1508 809 .
1536 777 1580 810 Et
1605 776 1735 810 nanum
1757 777 1986 812 Bertramnum
1999 803 2009 818 ,
2027 776 2085 812 sed

1199 828 1304 862 solum
1315 827 1450 861 Scotum
1474 827 1672 861 damnarunt
1696 825 1822 869 Synodi
1845 825 2086 867 Vercellenfis,

1200 877 1406 911 Turonensis
1428 903 1439 918 ‚
1474 878 1631 911 Romanae
1661 876 1767 920 plures
1791 899 1803 916 ,
1833 877 1967 911 Sandius
2000 877 2086 909 Lan-

1199 929 1346 968 francus,
1364 928 1398 966 &
1419 928 1475 961 alii
1497 927 1622 970 antiqui
1645 925 1822 971 Scriptores
1835 951 1842 958 .
1859 926 1971 973 ¹Qod
1995 937 2086 960 nern-

1199 989 1238 1021 pe
1259 978 1443 1012 Bertramni
1464 989 1575 1012 verum
1606 988 1727 1011 nomen
1753 977 1875 1011 scirent
1898 978 1963 1010 esse
1990 977 2087 1020 Joan-

1199 1039 1275 1062 nem
1295 1028 1431 1062 Scotum
1450 1053 1457 1060 .
1497 1027 1622 1061 Imitati
1644 1028 1718 1061 sunt
1753 1027 1918 1061 Gelasium
1943 1027 2086 1070 primum

1198 1078 1397 1113 Pontificem
1420 1102 1431 1118 ‚
1456 1078 1512 1121 qui
1538 1077 1732 1122 Pelagianas
1756 1076 1962 1111 collationes
1977 1100 1988 1117 ‚
2014 1088 2086 1110 non

1198 1127 1255 1166 sub
1267 1129 1439 1172 personato
1465 1127 1710 1172 AEgyptiorum
1731 1125 1999 1165 Monachorum,
2027 1125 2084 1161 sed

1199 1178 1258 1212 sub
1279 1190 1357 1213 vero
1388 1178 1523 1221 Ioannis
1544 1177 1687 1215 Caffiani
1715 1176 1853 1216 nomine
1874 1175 2085 1219 synodaliter

1196 1228 1384 1264 damnavit.

1247 1278 1357 1314 Nobis
1368 1279 1529 1314 consentit
1541 1278 1692 1314 laudatus
1704 1278 1815 1313 Xistus
1835 1278 1983 1312 Senenfis
1998 1301 2008 1317 ,
2036 1277 2089 1310 fae-

1195 1327 1275 1363 dum
1286 1327 1407 1363 librum
1421 1342 1489 1364 non
1516 1330 1714 1364 Bertrarnno
1739 1339 1796 1363 aut
1823 1328 2007 1363 Ratrarnno
2034 1326 2090 1360 ad»

1195 1378 1356 1419 scribens,
1383 1379 1502 1422 sedipfi
1515 1390 1571 1413 aut
1585 1379 1676 1414 alteri
1698 1379 1756 1413 sub
1774 1378 1841 1421 ejus
1864 1379 2020 1413 nomine.
2048 1375 2089 1410 In

1194 1438 1292 1470 opere
1303 1428 1344 1462 de
1355 1428 1558 1462 Eucharistia
1570 1428 1670 1463 etiam
1686 1429 1735 1462 vir
1758 1429 1970 1463 Dostiffimus
1991 1427 2089 1465 Clau,-

1194 1477 1269 1511 dius
1280 1477 1471 1520 Espencaeus
1483 1479 1695 1520 personatum
1716 1477 1945 1511 Bertramnum
1967 1477 2088 1511 discer-

1195 1525 1244 1560 nit
1256 1526 1274 1559 ὲ
1286 1537 1362 1559 vero
1373 1550 1384 1566 ‚
1411 1528 1445 1560 ὃ(
1459 1527 1562 1570 pergit
1577 1540 1583 1559 :
1613 1531 1704 1561 Verus
1733 1529 1937 1559 Bertramnus
1951 1537 2025 1560 totos
2038 1536 2091 1559 an·

1195 1573 1457 1619 nosfeptingentos
1467 1578 1549 1610 necti
1561 1588 1706 1619 quoquam
1731 1575 1865 1618 baerefios
1885 1577 1954 1618 fuit
1974 1575 2092 1618 infimu-

1193 1627 1276 1658 latus
1288 1649 1299 1664 ,
1324 1634 1379 1658 aut
1387 1625 1580 1669 reprehensus
1594 1626 1678 1669 quasi
1695 1629 1772 1660 male
1782 1625 1935 1670 firipJ‘erit
1946 1652 1956 1667 ,
1978 1625 2039 1670 sed
2056 1632 2090 1658 in

1195 1676 1375 1717 Catalogum
1400 1678 1577 1717 scriptorum
1604 1675 1861 1717 Ecclefiasticorum
1884 1678 1999 1710 relatus
2020 1701 2030 1718 ,
2057 1682 2091 1709 ut
2110 1668 2170 1699 Lib·
2194 1682 2220 1706 4-

1194 1729 1245 1758 vir
1258 1736 1314 1757 non
1324 1731 1424 1758 minus
1439 1731 1517 1765 vita,
1534 1738 1626 1768 quam
1638 1727 1775 1759 doc‘lrina
1786 1751 1796 1767 ‚
1809 1732 1925 1770 ingenio
1938 1728 2092 1769 &eloquia
2110 1718 2164 1748 ΩΨ
2171 1727 2181 1737 ⁸
2208 1721 2252 1746 ¹9-

1194 1772 1333 1818 insignis.
1364 1775 1485 1809 Suisdc
1498 1776 1622 1819 duplici
1647 1775 1959 1817 Praedestinatione,
1985 1788 2023 1810 ac
2045 1776 2092 1811 do

1192 1823 1298 1858 Trina
1321 1825 1452 1859 Deitate
1473 1825 1563 1860 libris
1585 1826 1807 1860 Hincmarum
1833 1825 2092 1869 Metropolitam

1192 1875 1285 1908 suum
1298 1876 1439 1919 graviter
1451 1875 1608 1909 offendit.
1640 1876 1716 1919 Ejus
1737 1875 1817 1920 ergo
1828 1875 1869 1910 de
1891 1877 2089 1911 sacrosamsta.

1193 1923 1396 1958 Eucharistia
1407 1926 1544 1958 errantis
1557 1937 1593 1958 ac
1614 1924 1761 1959 haeretice*
1774 1925 1942 1960 scribentis
1954 1926 2090 1961 nomini

1192 1984 1414 2014 memoratus,
1440 1975 1701 2016 quiamiciffimo
1714 1976 1862 2020 Erigenae
1887 1987 1954 2010 non
1980 1987 2090 2020 peper‘

1189 2023 1256 2065 cit,
1283 2022 1555 2068 Archiepiscopus
1568 2025 1738 2069 quomodo
1753 2025 1969 2069 pepercisset?
1998 2026 2087 2061 Eum

1190 2073 1230 2107 de
1265 2074 1417 2119 Erigenae
1451 2075 1636 2118 patrocinio
1659 2085 1714 2109 aut
1738 2075 1962 2119 complicitate
1985 2087 2088 2111 nemo

1189 2123 1342 2167 antiquus
1367 2126 1517 2158 notavit.
1545 2126 1593 2159 At
1618 2126 1694 2158 vero
1705 2127 1911 2168 personatum
1926 2126 2085 2161 Beatam*

1190 2184 1269 2207 num
1281 2173 1389 2216 paffim
1402 2171 1511 2208 haberi
1524 2174 1682 2212 callidum
1705 2175 1739 2208 &
1760 2175 1985 2219 impudentem
2009 2176 2086 2214 Hae-

1189 2224 1325 2257 reticum
1347 2247 1358 2262 ‚
1395 2224 1526 2267 ejusque
1562 2224 1681 2259 librum
1716 2235 1753 2259 ut
1790 2225 1872 2260 falso
1911 2225 2085 2261 Catholici

1189 2272 1350 2308 Authoris
1369 2274 1504 2308 nomine
1525 2274 1693 2309 titulatum
1715 2275 1871 2319 proscribi
1897 2300 1909 2317 ,
1935 2276 2085 2311 laudatus

1187 2323 1349 2359 Claudius
1371 2323 1521 2369 adjungit
1539 2349 1547 2356 .
1588 2326 1669 2374 Qae
1695 2326 1809 2359 omnia
1834 2326 1955 2361 eisdem
1994 2327 2079 2370 pene

1186 2373 1290 2407 verbis
1301 2372 1411 2408 scribit
1423 2376 1456 2408 in
1481 2386 1578 2419 opere
1599 2378 1639 2409 de
1664 2375 1870 2410 Eucharistiae
1896 2387 2085 2413 controver-

1184 2424 1235 2457 fiis
1261 2423 1421 2458 Claudius
1442 2424 1484 2459 de
1522 2424 1664 2459 Sainetes
1700 2426 1881 2470 Episcopus
1904 2427 2085 2461 Ebroicen-

1185 2474 1242 2507 fis.
1271 2473 1437 2521 roirca
1466 2475 1695 2509 Bertramnum
1724 2476 1813 2510 hunc
1839 2477 1873 2510 ὅ(
1898 2476 2082 2512 scabiosum

1182 2523 1253 2566 ejus
1291 2524 1411 2558 librum
1433 2549 1443 2565 ,
1480 2536 1577 2568 quem
1613 2526 1800 2570 Sigebertus
1838 2526 2082 2562 Gemblacenfis
2100 2563 2115 2584 c

1184 2574 1218 2608 ὅ(
1245 2584 1320 2607 cum
1347 2574 1418 2607 aliis
1444 2573 1559 2609 Abbas
1586 2574 1792 2610 Trithemius
1817 2575 2025 2611 crediderunt
2038 2580 2082 2612 ess

1183 2625 1214 2657 se
1227 2623 1399 2658 Ratramni
1411 2649 1423 2665 ,
1437 2623 1576 2669 ideoque
1587 2625 1771 2666 laudarunt,
1785 2636 1841 2660 aut
1855 2638 1989 2671 purgare
2002 2628 2076 2661 sunt

1183 2674 1295 2708 conati
1319 2699 1329 2715 ,
1355 2673 1472 2708 merito
1493 2687 1530 2709 ac
1555 2675 1742 2720 rigidiffime
1763 2678 1931 2710 damnavit
1956 2688 2080 2719 nuper,

1183 2725 1216 2758 δε
1266 2723 1498 2757 damnatorum
1545 2726 1698 2770 catalogo
1747 2726 1880 2759 inscruit
1922 2726 2077 2760 Clemens

1182 2775 1314 2808 oetavus
1335 2798 1343 2804 .
1380 2772 1541 2808 Videatur
1566 2785 1734 2819 apparatus
1759 2775 1902 2810 Antonii
1932 2776 2077 2811 Possevi-

1181 2824 1235 2857 ni.
1263 2825 1490 2859 Bertramnum
1515 2836 1552 2858 ac
1566 2824 1784 2860 Ratramnum
1799 2824 1999 2860 confundere
2015 2828 2075 2870 pri-

1180 2884 1253 2908 mus
1289 2874 1385 2917 coepit
1405 2874 1589 2918 Sigebertus
1608 2876 1850 2909 Gemblacenfis
1871 2901 1882 2915 ‚
1908 2886 1962 2909 aut
1987 2877 2075 2913 cert&

1181 2924 1368 2968 publicatus
1396 2937 1451 2967 per
1478 2925 1689 2961 Ludovicum
1716 2926 1899 2960 Cellotium
1926 2926 2068 2961 Auster.

1179 2975 1262 3008 Sunt
1271 2974 1413 3008 omnino*
1425 2974 1669 3020 distinguendi.
1860 2996 1863 2998 ·

1229 3022 1273 3057 Et
1299 3022 1380 3059 hinc
1404 3025 1424 3057 ὲ
1453 3023 1624 3062 Paschafio
1651 3024 1814 3060 Ratberto
1839 3050 1850 3066 ,
1882 3026 2069 3061 Hincmaro

1179 3073 1328 3106 Remensi
1352 3096 1363 3112 ‚
1405 3074 1505 3107 Floro
1526 3074 1738 3119 Lugdunenfi
1763 3076 1920 3111 Diacono
1942 3102 1954 3118 ,
1988 3076 2074 3120 ejus-

1177 3123 1251 3157 dem
1264 3122 1413 3158 Ecclesiae
1427 3123 1590 3167 Episcopo
1600 3124 1760 3169 Remigio
1774 3149 1787 3165 ‚
1811 3126 2014 3170 Lingonenfi
2030 3138 2067 3162 ac

1178 3172 1355 3206 Valentina
1379 3171 1519 3215 synodo
1538 3196 1550 3213 ,
1574 3173 1723 3209 Nicolao
1745 3175 1853 3218 primo
1879 3175 2066 3217 Pontifice,

1176 3234 1213 3257 ac
1232 3223 1325 3256 omni
1353 3221 1526 3257 Gallicana
1547 3224 1689 3259 Ecclefia
1710 3250 1722 3265 ,
1746 3225 1919 3261 damnatus
1939 3238 2006 3261 non
2025 3225 2065 3259 de

1175 3273 1263 3308 varia
1273 3271 1380 3308 solum
1402 3271 1549 3314 Haerefi,
1571 3274 1626 3310 sed
1646 3274 1690 3310 de
1709 3275 1873 3319 imperitia
1893 3277 1994 3311 etiam
2026 3285 2064 3308 ac

1177 3321 1339 3357 scribendi
1361 3322 1484 3366 ineptia
1495 3346 1508 3364 ,
1533 3322 1718 3368 ideoque&
1733 3326 1754 3360 ὸ.
1766 3326 1890 3361 Carolo
1904 3326 1998 3368 Rege
2010 3323 2062 3357 de-

1177 3371 1340 3410 sertusifle
1359 3372 1475 3409 scotus
1497 3373 1575 3409 fecit
1598 3374 1689 3419 quod
1714 3376 1806 3421 supr&
1831 3374 1940 3411 audire
1964 3371 2062 3417 coepiff

1590 3424 1606 3460 ί
1629 3425 1643 3462 i
1938 3431 2012 3457 mus

2102 2512 2186 2553 Resp.
2209 2525 2239 2545 z.

2117 2563 2162 2592 ap.
2194 2566 2240 2589 141.
