2352 3736
497 157 562 187 De
601 139 793 186 LA1cA
828 142 1204 185 Ait-risurum
1239 134 1660 180 InvesrlruaA.

219 230 317 260 ceatur
335 244 348 264 ,
373 229 462 256 etiam
475 224 599 265 HaerefiJ
610 225 775 256 simoniaca
787 216 838 266 effe
855 246 866 262 ,
892 225 970 256 viva
991 217 1035 254 Θ
1046 229 1097 251 ve-

221 278 375 310 ramtont
380 274 526 315 probatur
538 297 546 306 .
573 277 715 315 Namque
720 271 877 316 saecularis
894 269 1032 313 potestas*
1040 266 1096 309 fibi

220 323 378 357 vendecare
389 335 447 357 non
460 328 570 358 nititur
591 322 795 364 investituram
807 345 819 362 ,
845 319 901 362 nist
918 328 952 353 ut
967 327 1023 360 per
1046 317 1096 351 hoc

214 377 370 414 pecuniam
390 380 565 417 extorqueat
589 396 600 413 ,
630 383 682 407 aut
701 372 781 416 quod
797 370 836 411 est
856 373 986 413 gravius
998 391 1009 407 ,
1042 365 1096 408 sibi

218 424 389 456 inordinate*
407 421 572 467 subjet‘lam
603 425 706 465 efficiat
728 419 878 461 Pontifhis
913 418 1090 460 personam.

217 470 313 506 Hinc
323 473 435 515 enim,
461 473 601 518 utsupra
623 473 664 506 ab
686 468 879 504 Hemboldo
901 468 1096 511 Presbytero

217 522 406 557 audivimus
419 547 430 566 ,
463 519 821 568 Imperatorinvestiens
835 519 943 553 vocari
964 517 1094 552 volebat

218 570 393 609 Dominus
415 574 648 617 Episcoporum
672 594 680 602 .
726 569 831 603 Fateri
856 569 890 603 id
925 569 1094 602 nolentem

219 620 424 668 Episcopum
435 622 597 656 Heni-icus
607 621 716 654 sextus
726 631 780 663 per
792 621 865 653 suos
886 619 974 662 jussit
994 617 1094 660 alapis

218 671 306 709 caedi
317 676 349 708 δε
359 672 491 717 pedibus
501 669 705 704 conculcari.
734 669 971 713 Episcoporum
989 666 1094 710 digni-

215 724 305 765 tati,
331 723 423 757 sacris
444 720 664 761 Canonibus,
691 719 819 763 legique
838 719 958 752 divinae
985 717 1099 751 adver-v

218 771 333 808 <sanun·
352 769 462 804 similis
481 769 668 804 dominatus
690 769 724 803 δε
746 769 920 812 subjestio,
954 767 1093 810 ideoque

223 819 469 860 investituram,
493 831 564 864 quae
576 819 694 853 abillis
716 819 852 863 separari
875 830 943 852 non
965 816 1070 861 potest
1084 840 1094 856 ,

222 871 259 903 δε
267 880 324 913 pro
336 871 343 902 i
348 870 409 912 pfis
419 869 514 904 datur
525 894 536 910 ‚
563 867 737 903 Goffredus
747 869 909 905 dixitenon
926 865 1013 911 posse
1024 878 1093 900 non

217 920 284 954 effe
294 919 477 954 Simoniani
487 944 495 951 .
524 918 679 963 Ejusdem
690 919 856 953 sententiae
866 918 929 952 fuit
953 918 1094 961 Joannes

220 967 448 1013 Lugdunenfis
478 967 754 1012 Archiepiscopus
787 970 820 1002 in
855 968 966 1003 litteris
997 966 1093 1011 apud

218 1019 376 1053 Sanctum
397 1019 533 1055 Ivonern
557 1019 791 1054 Carnutensem
825 1019 1020 1061 Episcopum
1043 1028 1094 1050 ex-

219 1068 391 1109 tantibus,
421 1069 462 1104 ad
495 1069 724 1104 Daimbertum
761 1068 1010 1111 Metropolitam
1042 1069 1095 1101 Se-

41 1130 97 1171 Ερ,
137 1138 206 1168 ²37-
219 1121 423 1154 nonensem:
446 1122 531 1155 Lite‘t
548 1125 706 1153 exteriores
728 1118 919 1158 investituras
941 1126 998 1159 per
1024 1121 1095 1150 Lai-

219 1179 268 1203 cos
281 1168 389 1210 fallas
406 1180 464 1203 non
480 1167 559 1212 satir
579 1169 700 1211 proprie
730 1167 855 1208 Haerefis
888 1173 1002 1201 nomine
1033 1178 1095 1201 cen·

218 1217 340 1261 [eamus
353 1243 363 1259 ,
384 1218 497 1262 sentire
518 1228 621 1252 tamen
639 1229 674 1251 ac
694 1217 851 1258 defendere
870 1216 937 1258 fieri
969 1217 1072 1250 debere
1085 1241 1095 1256 ‚

222 1268 396 1302 indubitata
417 1265 540 1308 Harefis
562 1268 600 1308 est
622 1293 629 1300 .
665 1267 850 1312 Distinguit
873 1266 1095 1301 investituram

222 1316 300 1355 faeti
325 1318 510 1352 manualem
522 1343 532 1358 ‚
549 1318 582 1352 ὅς
602 1317 825 1352 investituram
842 1317 918 1360 juris
940 1342 950 1357 ,
975 1318 1029 1351 seu
1047 1317 1097 1360 jus

223 1367 442 1402 investiendi:
468 1366 614 1402 Priorem
636 1369 755 1403 fatetur
773 1368 838 1401 fine
860 1367 978 1401 Haerefi
1010 1366 1096 1410 poffe

223 1418 377 1454 attentari
400 1417 418 1450 ὲ
439 1417 607 1462 Regibus,
639 1418 750 1451 verum
775 1416 863 1450 illius
884 1417 1026 1451 faciendi
1046 1417 1097 1459 jus

224 1466 298 1510 ipfis
323 1461 501 1501 adscribere
517 1467 589 1501 vult
608 1469 671 1502 effe
691 1465 893 1500 manifestam
926 1467 1095 1500 Haerelim.

223 1514 269 1551 Ei
287 1518 517 1551 consenserunt
538 1516 645 1560 plures
665 1526 720 1559 per
739 1515 882 1550 Galliam
922 1516 1097 1559 Episcopi:

172 1608 177 1612 ¹
219 1576 387 1611 quotquot
414 1566 460 1600 ob
472 1567 635 1601 concessas
647 1565 794 1600 Henrico
806 1567 924 1609 quinto
935 1565 1097 1599 investitu-

162 1617 164 1620 '
220 1626 274 1654 tas
295 1613 483 1651 paschalem
505 1615 684 1651 secundum
706 1614 881 1649 voluerunt
903 1615 953 1648 uti
976 1615 1095 1658 lapsum

37 1848 96 1886 ep.
111 1851 137 1880 8.
147 1846 179 1881 ὅτ.

38 1891 91 1926 ιιι·

218 1664 257 1703 in
278 1665 432 1701 Haerefim
453 1667 514 1700 effe
535 1665 748 1711 degradatum
767 1690 778 1708 ,
814 1667 848 1700 δε
870 1666 968 1699 talem
993 1667 1098 1708 Syno-

214 1714 337 1752 daliter
355 1714 585 1752 declarandum
597 1741 604 1750 .

271 1763 398 1800 Verum
425 1764 466 1800 ab
492 1764 553 1800 hac
578 1766 737 1809 opinione
763 1766 797 1798 &
823 1766 963 1801 factione
974 1764 1098 1800 alienis-

220 1814 319 1849 fimus
345 1817 408 1850 fuit
435 1815 580 1850 laudatus
606 1816 664 1849 lvo
687 1840 697 1855 ,
734 1815 848 1859 utpote
886 1816 906 1850 a
941 1815 1098 1861 Philippo

222 1864 424 1900 Francorum
451 1864 544 1910 Rege
570 1877 625 1910 per
650 1865 801 1903 baculum
827 1867 861 1900 δε
879 1866 1039 1900 annulum
1052 1867 1098 1900 in-

223 1915 356 1949 vestitus
376 1939 388 1955 ,
423 1912 563 1959 ideoque
587 1915 702 1949 nolens
727 1916 839 1949 audire
875 1917 1098 1956 Haereticum,

221 1965 264 2000 ad
291 1966 473 2009 Hugonem
500 1965 727 2009 Lugdunenfis
749 1966 895 1999 Ecclefiae
909 1965 1099 2005 primatem,

220 2015 279 2057 qui
307 2012 536 2049 Daimbertum
564 2014 754 2049 Senonensis
781 2014 930 2049 Ecclefiae
948 2015 1097 2050 Elee'ium

221 2063 268 2098 ob
293 2074 455 2108 acceptam
477 2063 518 2097 ab
539 2064 658 2098 eodem
679 2065 773 2109 Rege
789 2064 1007 2099 investituram
1022 2077 1097 2100 con—

222 2113 346 2149 firmare
374 2114 531 2154 nolebat,
556 2115 591 2148 &
615 2116 634 2148 a
660 2115 903 2149 consecratione
931 2113 1095 2158 suspende

222 2173 272 2197 rat
291 2187 302 2202 ,
326 2165 456 2198 scribit:
484 2165 576 2207 ,Quod
596 2163 725 2207 firgofisti
752 2165 930 2206 praedic‘lum
961 2166 1098 2198 Elet‘lum

223 2214 429 2254 investituram
451 2213 648 2256 Episcopatus
672 2216 709 2248 de
730 2226 820 2248 manu
855 2218 946 2259 Regis
975 2214 1097 2257 accepis-

222 2261 276 2305 se,
303 2274 352 2296 nec
373 2266 498 2298 relatum
516 2264 553 2303 est
574 2265 655 2298 nobis
673 2265 834 2306 aliquando
854 2265 892 2296 ab
923 2266 1019 2307 aliquo
1044 2271 1096 2306 qui

192 2321 200 2330 '
224 2314 360 2353 viderit,
406 2325 457 2346 nec
480 2318 677 2356 incognitum.
699 2317 792 2357 ‚Quod
813 2323 911 2347 tamen
930 2311 970 2355 fi‘
979 2313 1095 2355 fat‘lum

222 2363 288 2405 effct
311 2386 322 2401 ‚
350 2373 414 2395 cum
437 2362 487 2395 hoc
508 2363 619 2396 nullam
639 2369 703 2396 vim
737 2366 920 2396 sacramenti
941 2373 1031 2408 gerat
1063 2371 1096 2398 in

221 2411 417 2452 constituendo
438 2411 579 2455 Episcopo
601 2437 612 2453 ,
643 2413 696 2446 vel
714 2415 867 2457 admissum
898 2415 948 2446 vel
967 2414 1094 2457 omiffum

222 2463 297 2503 quid
315 2462 407 2503 fidel,
444 2464 518 2504 quid
531 2461 627 2504 sacrae
651 2463 794 2507 Religioni
817 2465 919 2505 officiat
932 2488 942 2504 ,
980 2469 1094 2508 ignora-

222 2522 288 2544 mus
301 2535 311 2551 ,
332 2512 395 2544 cum
419 2511 480 2554 post
500 2515 681 2545 canonicam
701 2513 863 2547 elet‘lionem
892 2516 985 2557 Reges
1017 2513 1093 2556 ipsos

225 2559 379 2601 apostolica
413 2561 591 2597 authoritate
623 2564 644 2595 ἁ
681 2562 856 2606 concessione
895 2562 1093 2607 EpiJiropatus

223 2610 380 2648 prohtbttos
412 2617 532 2645 minime
564 2613 750 2646 videamus.
791 2613 857 2649 Uti
885 2613 1091 2649 Canonicam

224 2657 412 2694 electionem
447 2661 594 2705 praecipi,
621 2663 666 2697 ita
694 2663 858 2708 Regium,
884 2674 981 2707 quem
1016 2664 1094 2708 Epi-

225 2707 373 2748 scopatus
397 2709 608 2746 donationem
635 2723 714 2746 tunc
740 2713 892 2748 titulabat
927 2714 1093 2755 Ecclefia,

222 2753 276 2788 dei
305 2756 369 2799 ipsa
394 2761 580 2794 consensum
606 2762 734 2797 admitti
762 2764 807 2798 ait
833 2764 867 2797 &
898 2764 1040 2799 ostendit
1075 2764 1092 2798 ὲ

222 2804 320 2838 sacris
348 2806 553 2850 canonibus,
592 2812 625 2846 ὅ(
652 2814 855 2857 prosequitur
879 2826 886 2846 :
924 2817 1005 2857 ,ραις
1030 2826 1092 2847 con-

221 2852 314 2897 cessio
317 2854 378 2895 five
385 2855 444 2897 fiat
454 2869 563 2898 manu,
578 2860 640 2900 five
652 2871 723 2895 nutu
735 2886 746 2902 ,
761 2862 822 2904 five
832 2864 946 2906 lingua,
954 2864 1020 2905 five
1031 2871 1091 2898 vir-

221 2916 288 2947 ga,
315 2907 390 2945 quid
412 2906 525 2947 refert?
546 2912 621 2941 Cum
631 2914 720 2955 Reges
732 2912 810 2946 nihil
812 2911 967 2955 spirituale
973 2913 1007 2957 se
1019 2916 1092 2947 dare

227 2956 385 2987 intendant
406 2978 416 2993 ‚
446 2955 504 2998 sed
526 2959 640 2989 tantum
664 2969 716 2993 aut
738 2969 820 2996 votis
840 2968 1006 3005 petentium
1040 2975 1092 2996 an.

227 3015 336 3044 nuere,
359 3015 413 3038 aut
439 3006 528 3039 villas
541 3007 757 3051 Ecclefiasticas,
779 3021 834 3045 aut
857 3014 918 3045 alia
945 3013 1019 3046 bona
1044 3025 1094 3046 ex·

227 3059 335 3087 teriora
355 3079 367 3095 ,
411 3067 480 3098 quae
511 3057 547 3090 de
584 3057 779 3098 munificentia
813 3066 925 3106 Regum
962 3064 1093 3097 obtinent

226 3102 360 3144 Ecclesiae
381 3129 392 3145 ‚
440 3105 509 3147 ipfis
543 3107 659 3140 Elet‘lts
704 3111 853 3153 concedere
873 3136 879 3141 .
928 3111 1093 3147 Adversus

225 3152 416 3188 Goffredum
442 3156 544 3190 afferit
568 3157 710 3201 Regiam
737 3159 956 3195 investituram
993 3162 1093 3196 nulla-

223 3211 322 3240 tenus
343 3204 404 3237 effe
429 3204 691 3246 Sacramentum,
710 3218 766 3242 aut
790 3209 889 3242 ritum
914 3211 1096 3245 Sacramen-

226 3252 351 3293 talem,
377 3253 432 3287 sed
458 3254 627 3290 dumtaxat
654 3256 755 3302 Regii
783 3259 817 3292 in
843 3259 1035 3294 electionem
1061 3262 1094 3295 ὃς

222 3302 327 3336 Eleeti
354 3305 522 3346 personam
547 3307 716 3342 consensus
734 3307 861 3341 civilem
889 3309 1003 3348 ritum,
1030 3321 1094 3353 quo

227 3351 311 3386 nihil
336 3353 497 3397 spirituale
533 3354 650 3396 detur,
687 3357 740 3391 sed
776 3358 842 3391 sola
881 3359 1095 3394 Ecclefiarum

225 3400 364 3448 Regalia
387 3403 428 3438 de
454 3403 568 3449 Regiae
594 3417 708 3440 manus
745 3407 892 3443 custodia
927 3410 960 3444 &
996 3409 1096 3445 tutela

323 3453 429 3495 Christ.
442 3458 520 3499 Lupi
532 3460 619 3498 Oper.
630 3459 709 3491 Tom.
720 3461 772 3492 JV.

1846 143 1962 193 163·

1158 217 1401 261 emancipentur
1421 242 1429 250 .
1455 212 1604 252 Eandem
1631 213 1825 253 sententiam
1850 227 1959 252 tuetur
1994 221 2030 254 in

1160 268 1274 302 litteris
1310 267 1351 302 ad
1387 268 1546 311 joannem
1581 265 1740 311 Hugonis
1777 269 2028 303 Succefforem:

1159 318 1252 361 ,Quod
1271 319 1395 360 quidam
1415 317 1622 358 investituram
1633 315 1770 357 Haerefim
1801 328 1910 351 vocant
1929 343 1941 360 ,
1967 331 2031 352 cum

1160 366 1286 408 Haerefis
1323 378 1380 400 non
1409 367 1449 408 fit
1486 367 1543 409 nifi
1561 379 1638 401 error
1662 371 1694 400 in
1716 365 1798 409 fide,
1836 371 1871 402 (ι’
1890 369 1971 410 fides
1997 372 2033 405 ὠ·

1158 425 1237 449 error
1263 428 1302 450 ex
1326 417 1409 450 corde
1428 419 1592 458 procedunt
1614 441 1625 458 ,
1659 417 1832 459 investitura
1857 422 1926 451 vero
1952 421 2030 462 illa,

1159 466 1196 500 de
1216 478 1275 508 qua
1301 474 1404 500 tantus
1429 466 1467 506 est
1493 477 1588 500 motus
1612 492 1624 508 ,
1659 472 1692 499 in
1721 466 1792 510 solis
1828 466 1866 506 est
1890 470 2029 503 manibus

1160 517 1283 558 dantis,
1308 519 1343 551 <9⁸
1371 521 1563 557 accipientis,
1589 528 1656 557 quae
1681 517 1781 558 bona,
1805 519 1839 551 ὁ·
1863 520 1943 551 mala
1969 531 2035 563 age-

1157 577 1189 600 re
1210 568 1344 610 possunt,
1370 568 1487 600 credere
1513 567 1565 598 vel
1587 574 1687 599 errare
1713 572 1745 600 in
1778 566 1841 608 fide
1877 579 1935 602 non
1968 568 2037 612 pqs-

1153 613 1225 658 sunt
1248 642 1255 648 .
1293 619 1325 650 si
1346 620 1413 659 ⁴quis
1440 617 1512 648 vero
1541 618 1649 647 Laicus
1675 617 1720 648 ad
1754 617 1830 650 banc
1861 624 2036 661 prorumpit

1157 666 1318 707 infamiam
1339 691 1350 706 ,
1388 674 1418 698 ut
1453 671 1485 697 in
1521 665 1639 699 datione
1676 665 1710 697 ὦ·
1745 675 1910 709 acceptione
1935 675 2038 713 virge

1152 724 1238 758 patet
1259 715 1293 758 se
1320 715 1447 749 tribuere
1468 715 1545 756 poffe
1569 717 1793 748 Sacramentum
1818 720 1869 750 vel
1892 730 1955 751 rem
1977 722 2038 752 Ec-

1155 763 1293 806 clefiastici
1335 767 1548 804 sacramenti,
1587 764 1671 797 illum
1706 765 1831 809 prorsus
1859 769 2044 807 ‘iudicamus'

1159 822 1361 855 Haereticum,
1389 826 1447 847 non
1464 822 1588 856 propter
1615 815 1784 848 manualem
1805 816 2037 859 investituram,

1153 862 1212 906 sed
1245 874 1371 906 propter
1397 863 1663 908 praesumptionem
1681 865 1886 898 diabolicam.
1911 866 2039 900 Distin-

1156 915 1229 958 guit
1256 914 1388 949 Laicam
1428 916 1461 949 δε
1503 915 1757 949 Ecclefiasticam
1794 915 2039 950 investituram:

1158 964 1251 998 lllam
1277 964 1363 998 mere
1390 965 1595 1006 manualem,
1632 965 1667 998 δε
1693 966 1816 999 nullius
1841 965 2042 1000 sacramenti

1158 1015 1373 1057 donativam;
1402 1014 1487 1048 hanc
1513 1014 1589 1049 veto
1615 1016 1859 1050 Sacramentum
1885 1016 2042 1050 Ecclefia-

1160 1065 1276 1103 sticum
1314 1066 1367 1099 seu
1407 1066 1507 1099 ritum
1545 1065 1818 1100 sacramentalem
1864 1066 2003 1100 affirmat
2029 1090 2044 1106 ,

1154 1112 1298 1157 »ideoque
1332 1125 1392 1150 nec
1429 1116 1580 1149 attentari
1600 1115 1619 1150 a
1658 1115 1805 1159 Regibus
1830 1140 1841 1156 ‚
1878 1127 1939 1150 nec
1975 1117 2042 1150 fine

1159 1164 1277 1198 Hasrefi
1298 1167 1386 1208 posse
1412 1165 1581 1200 attentari.
1615 1164 1775 1212 Qisquis
1813 1165 1901 1199 enim
1935 1167 2045 1200 Sacra·

1159 1215 1314 1248 mentales
1341 1215 1488 1250 Ecclesiae
1514 1216 1594 1250 ritus
1620 1218 1772 1249 asseverat
1801 1214 1947 1260 legitime
1973 1215 2046 1249 fieri

1158 1263 1176 1296 a
1203 1266 1328 1306 Laico,
1355 1266 1400 1301 est
1426 1276 1502 1300 cum
1529 1266 1615 1300 Ozia
1642 1265 1736 1310 Rege
1762 1265 1905 1309 leprosus
1930 1266 2045 1299 &ma-

1160 1314 1291 1348 nifestus
1319 1316 1519 1350 Haereticus.
1547 1316 1771 1359 Nequaquam
1808 1325 1920 1350 tamen
1958 1314 2047 1349 Gof-¹

1161 1364 1250 1399 fredo
1277 1364 1459 1400 Abbati&
1496 1366 1615 1408 Joanni
1653 1365 1816 1407 Primati,
1854 1364 2045 1399 manualem

1161 1414 1294 1457 quidem
1321 1416 1548 1449 investituram
1574 1415 1616 1450 ab
1643 1415 1764 1449 Haerefi
1790 1414 2045 1456 excusantibus,

1156 1463 1269 1506 sentire
1294 1474 1394 1498 autem
1431 1468 1466 1499 (9⁴
1502 1464 1662 1505 defendere
1693 1464 1761 1505 fieri
1793 1464 1897 1498 debere
1931 1465 2046 1498 affeve«

1162 1514 1305 1548 rantibus
1332 1515 1384 1557 effi·
1414 1513 1554 1554 Haerefim
1577 1512 1767 1554 manifestam
1789 1539 1800 1554 ,
1827 1515 1959 1548 Sanetus
1985 1514 2046 1548 lvo

1160 1563 1351 1597 consentit:
1391 1562 1479 1597 Inter
1514 1565 1634 1597 sacram
1669 1564 1753 1597 intra
1790 1563 1963 1598 Missarum
1999 1564 2053 1598 so·

1162 1613 1283 1647 lemnia
1320 1613 1355 1647 ἀ
1390 1614 1475 1647 inter
1512 1613 1656 1658 Regiam
1690 1614 1724 1646 in
1761 1612 1891 1648 Palatio
1930 1614 2049 1647 fastam

1163 1662 1383 1698 investituram
1429 1663 1511 1698 dicit
1560 1665 1624 1698 esse
1672 1663 1845 1698 discrimen
1891 1662 2016 1708 grande
2038 1688 2050 1704 ,

1163 1713 1301 1756 ideoque
1326 1712 1420 1756 hujus
1444 1714 1492 1756 jus
1519 1712 1668 1759 Regibus
1703 1714 1845 1758 omnino
1881 1714 1970 1757 posse
2007 1712 2051 1747 ci·

1162 1772 1210 1796 tra
1235 1763 1391 1798 Haerefim
1421 1762 1579 1798 adscribi.
1607 1763 1709 1812 Qod
1737 1764 1841 1806 ipsum
1869 1763 1983 1807 probat
2009 1764 2045 1797 δε

1163 1812 1229 1847 alio
1240 1824 1456 1858 argumento.-
1484 1813 1637 1855 Adhaecfi
1658 1813 1832 1853 investitura
1852 1813 1916 1847 haec
1925 1811 2048 1854 Haerefis

1162 1862 1227 1905 effet
1245 1886 1255 1902 ‚
1288 1869 1316 1896 ei
1348 1870 1527 1898 renuntians
1552 1863 1615 1905 fine
1636 1864 1756 1897 vulnere
1780 1865 1827 1896 ad
1850 1874 1915 1897 eam
1952 1864 2050 1897 redire

1164 1924 1220 1945 non
1242 1917 1349 1956 posset.
1378 1916 1519 1948 Videmus
1546 1921 1645 1947 autem
1683 1919 1716 1946 in
1747 1914 1889 1956 partibus
1926 1916 2052 1947 Germa-

1163 1967 1281 1995 niarum
1316 1965 1350 1996 (ἠ
1381 1965 1547 1996 Galliarum
1595 1965 1712 1996 multas·
1726 1963 1870 2003 ,honestas
1902 1962 2051 2005 personas

1158 2020 1288 2056 purgato
1326 2012 1374 2053 isto
1404 2025 1491 2046 naevo
1522 2021 1580 2054 per
1616 2012 1775 2056 quamlibet
1804 2013 2045 2057 satisfac‘lionem

1163 2061 1325 2101 Pastorales
1363 2068 1468 2107 virgas
1513 2064 1669 2108 reddidlffe
1696 2088 1708 2104 ,
1767 2065 1802 2098 (5
1834 2072 1890 2105 per
1926 2073 2049 2096 manum

1162 2112 1348 2154 Apostolicam
1374 2113 1521 2155 refutatas
1546 2114 1737 2154 investituras
1773 2113 1920 2157 recepisse.
1956 2113 2051 2156 ,Quod

1161 2164 1273 2195 summi
1299 2164 1458 2205 Pontifices
1484 2166 1607 2197 mimme
1625 2163 1784 2205 feciffent,
1813 2162 1844 2204 fi
1865 2170 1897 2196 tn
1924 2164 1979 2196 talu
2005 2168 2050 2195 in-

1162 2211 1302 2252 vestitura
1335 2211 1470 2252 Haerefim
1512 2215 1546 2247 (9⁶
1578 2222 1731 2254 peccatum
1752 2218 1784 2244 in
1809 2215 1952 2254 spiritum
1970 2215 2049 2245 San-

1159 2261 1238 2295 t‘lum
1273 2263 1367 2295 latere
1402 2264 1623 2306 cognovissent.
1687 2263 1858 2306 Antiquus
1898 2262 2049 2298 Ecclefiae

1160 2311 1278 2345 Canon
1316 2311 1420 2356 lapsos
1447 2313 1480 2347 in
1510 2313 1666 2347 Haerefim
1692 2313 1873 2358 Episcopos
1899 2315 1933 2348 &
1972 2313 2049 2347 Cle-

1160 2362 1242 2396 ricos
1267 2362 1462 2406 degradabat
1488 2363 1553 2398 fine
1588 2364 1798 2407 reparationis
1826 2365 1903 2407 spe,
1941 2374 2050 2407 perpe-

1160 2421 1282 2454 tuoque
1309 2412 1428 2457 figebat
1454 2412 1539 2447 inter
1576 2414 1722 2456 Laic0s3
1760 2423 1793 2448 at
1830 2413 1906 2447 vero
1946 2412 2048 2448 Laice

1159 2462 1326 2496 investitos
1352 2462 1546 2505 Antistites,
1575 2464 1632 2507 qui
1659 2464 1853 2508 poenitentes
1876 2475 2047 2508 acceptum

1157 2512 1175 2545 a
1209 2511 1302 2556 Rege
1347 2513 1507 2547 annulum
1557 2514 1591 2547 ὃς
1639 2514 1789 2548 baculum
1842 2514 2047 2559 relignabant

1159 2560 1343 2602 Pontifici,
1382 2562 1469 2596 idem
1506 2563 1663 2597 Pontifex
1702 2565 1814 2608 paffim
1850 2564 1891 2598 de
1929 2562 2045 2597 iisdem

1158 2621 1235 2646 mox
1247 2612 1455 2654 revestiebat‚
1483 2613 1700 2657 reddebatque
1714 2615 1940 2648 Praelaturam.
1968 2614 2044 2647 Plu-

1157 2662 1236 2695 rima
1262 2664 1337 2695 sunt
1357 2663 1516 2705 ejusmodi
1555 2664 1719 2707 exempla.
1759 2665 1812 2698 Ex
1853 2665 1926 2708 ipfis
1965 2675 2042 2696 con·

1155 2712 1257 2746 cludit
1285 2712 1342 2745 lvo
1370 2713 1493 2747 nullam
1530 2714 1683 2748 Haerefim
1711 2715 1745 2748 in
1782 2714 1881 2747 Laica
1915 2712 2042 2746 investi-

1155 2770 1226 2795 tura
1253 2762 1340 2804 poffe
1367 2761 1484 2796 latere.
1512 2764 1563 2796 Ex
1595 2763 1780 2798 Daimberti
1817 2763 2041 2805 Metropolitae

1153 2811 1186 2844 &
1224 2813 1326 2845 totius
1364 2813 1422 2845 sua:
1458 2813 1652 2847 Senonenfis
1689 2813 1869 2848 Provinciae
1905 2813 2039 2845 nomine

1153 2862 1302 2896 adversus
1327 2862 1484 2904 Joannem
1513 2863 1691 2898 Primatem
1718 2862 1971 2908 Lugdunensem
2003 2863 2037 2896 ὅς

1155 2913 1211 2955 ipsi
1240 2911 1438 2946 adhaerentes
1464 2913 1667 2957 Episcopos,
1695 2912 1882 2947 Paschalem
1930 2914 2040 2946 secun-

1154 2962 1232 2996 dum
1260 2963 1459 2997 Pontificem
1486 2963 1531 2997 ob
1556 2963 1695 2998 redditas
1733 2964 1882 3002 Henrico
1919 2963 2037 3005 quinto

1156 3012 1343 3055 Imperatori
1381 3013 1584 3047 investituras
1606 3039 1615 3054 ‚
1654 3023 1810 3055 tanquam
1844 3010 2035 3045 Christianae

1157 3060 1229 3095 fidei
1267 3063 1540 3104 praevaricatorem
1576 3063 1778 3095 Haereticum
1799 3086 1809 3102 ,
1861 3062 1894 3095 δε
1931 3062 2033 3095 totius

1158 3112 1303 3145 Ecclefiae
1324 3112 1608 3145 scandalizatorem
1623 3136 1632 3151 ,
1659 3112 1804 3145 volentes
1828 3109 2002 3155 degradare
2021 3136 2033 3151 ,

1158 3161 1267 3197 scribit
1301 3162 1403 3194 multa
1418 3185 1428 3200 ‚
1459 3160 1657 3195 Pontificem
1677 3173 1746 3196 non
1768 3160 1873 3196 solnm
1896 3160 1936 3195 ab
1958 3162 2035 3195 Hae-

1157 3212 1211 3244 resi
1234 3237 1243 3253 ‚
1283 3211 1335 3244 sed
1369 3212 1402 3244 &
1432 3211 1449 3243 a
1481 3211 1571 3254 gravi
1603 3211 1720 3245 delicto
1753 3213 1903 3246 excusare
1934 3222 2032 3246 cona-

1157 3270 1208 3297 tus
1234 3270 1428 3305 argumento
1459 3261 1574 3300 vario,
1605 3263 1639 3295 ἀ
1667 3261 1842 3307 adjungit:
1868 3266 1940 3294 Non
1985 3266 2031 3294 vi-

1157 3313 1243 3345 detur
1274 3309 1353 3343 nobis
1383 3311 1452 3343 utile
1487 3310 1629 3353 confilium
1659 3313 1703 3344 ad
1726 3312 1783 3344 illa
1813 3312 1946 3344 concilia
1967 3323 2028 3344 con-

1159 3365 1262 3395 venire
1288 3383 1299 3400 ,
1328 3366 1362 3392 in
1393 3360 1500 3402 quibus
1533 3372 1590 3394 non
1617 3362 1763 3404 possumus
1794 3373 1846 3395 eas
1862 3359 2026 3404 personas,

1158 3420 1262 3444 contra
1304 3421 1379 3453 quas
1424 3417 1524 3456 agitur
1550 3434 1562 3451 ‚
1607 3412 1799 3446 'condemnare
1834 3411 1884 3447 vel
1907 3410 2027 3451 judica-

1597 3462 1630 3497 X
1683 3472 1706 3499 2
1923 3469 1977 3498 re,

2051 340 2134 382 Epist.
2147 348 2202 380 236
