2352 3736
364 201 393 232 '2
403 199 469 243 04

295 268 458 302 ¹“adversus
469 264 718 308 SpiritusSanffi
734 266 750 299 a
777 265 863 299 Filio
883 264 1117 306 processionem
1138 264 1186 298 in-

310 315 515 362 surgentibus
527 316 650 359 pressus
660 315 819 350 Urbanus
832 314 991 348 secundus
1010 314 1183 356 Pontifex,

301 368 373 403 alta
385 376 466 401 voce
476 367 670 400 exclamavit
686 381 697 402 .-
725 369 817 401 Pater
828 366 863 396 eb·
881 364 1017 408 Magister
1030 363 1162 408 ,anselme
1173 390 1182 405 ‚

308 432 466 475 Anglorum
480 419 692 463 archiepiscope
705 441 715 457 ,
742 415 791 449 ubl
802 425 833 447 es
845 415 862 446 ?
884 414 1033 458 Exponit
1045 415 1183 450 Guiliel-

306 495 379 519 mus
397 471 690 515 Malmesberienfis
709 482 716 501 :
766 467 933 500 Echderat
960 471 1061 503 animo
1078 464 1184 509 summi·

307 532 480 579 Pontificis,
516 531 667 567 ingruente
682 521 832 559 tumultu,
858 526 892 550 ut
917 521 945 549 ei
966 517 1058 550 locum
1076 518 1187 560 delega.

306 595 375 623 ret,
396 579 454 623 sed
463 581 571 615 erroris
582 574 753 606 admonitus
766 568 803 609 est
839 565 1005 612 questionis
1030 568 1050 599 ἃ
1071 570 1184 600 Graecis

303 629 454 676 propofitae
465 626 640 666 neceffitate.
670 618 880 654 Annitentibus
887 624 1039 658 proximis
1055 619 1100 649 ad
1121 628 1182 649 con-

302 682 407 726 sessum
431 675 578 724 apostolici
605 675 727 709 levatus
750 669 788 711 est
816 694 826 708 ‚
861 667 961 712 [edere
979 668 1075 711 jussus
1093 670 1187 708 juxta

308 737 474 766 Romanum
495 724 735 761 archidiaconum
749 745 758 761 ,
787 725 832 753 cui
854 727 925 752 ante
947 721 1066 760 Papam
1083 717 1185 760 sedere

308 769 397 816 ‚noris
408 780 464 821 est.
493 777 682 810 Includamus
700 798 709 813 ‚
737 775 834 813 inquit
845 794 855 810 ,
868 768 943 802 hunc
955 775 986 801 in
1002 768 1180 810 orhe'nostro,

307 823 522 876 qzcafinsterius
535 827 613 860 orbis
639 827 774 865 Papam.
804 820 852 853 Ita
872 818 981 852 debiti
994 819 1084 861 juxta
1108 818 1184 852 San-

307 886 361 917 &ae
383 880 522 915 Ruffinae
544 876 742 919 Episcopum
777 870 840 904 loci
875 869 1026 911 ja&uram
1057 868 1184 903 abunde

305 932 465 971 Pontifex
478 929 526 962 illi
540 923 762 968 compensavit
777 946 784 952 .
811 920 903 953 Huic
914 920 992 953 item
1007 919 1181 963 privilegio

306 983 462 1017 innititur
475 1005 485 1021 ,
500 976 589 1022 quod
600 975 640 1008 de
651 974 777 1018 Joanne
787 969 956 1004 Cardinali
966 968 1159 1013 Presbytero
1171 994 1182 1010 ,

306 1023 759 1067 CalixtisecundiPontificis
780 1032 836 1065 per
856 1019 1017 1065 Angliam
1049 1021 1157 1064 legato
1170 1044 1180 1060 ,

304 1079 541 1118 omnibusillic
563 1075 733 1119 Episcopis
750 1071 950 1115 synodaliter
975 1071 1181 1114 praesidente,

305 1146 342 1167 ac
354 1132 537 1167 celebrante
547 1128 579 1161 in
593 1122 843 1165 Pontificalibus
853 1121 1055 1154 ornamentis
1078 1119 1182 1163 queri-

304 1195 357 1218 tur
370 1184 404 1216 in
419 1178 701 1214 Cantuariensium
714 1173 916 1209 Pontificum
928 1172 994 1207 vita
1008 1170 1179 1209 Gervasius

304 1231 492 1267 Monachus
515 1225 754 1264 Cantuariensis
775 1237 781 1255 :
831 1223 950 1255 Videres
973 1231 1033 1253 rem
1055 1229 1178 1257 eatenus

304 1289 405 1328 Regno
417 1282 575 1324 anglorum
585 1277 759 1311 inauditam
775 1298 785 1312 ,
814 1274 960 1304 Clericum
964 1269 1083 1313 scilicet
1095 1270 1186 1314 Pres-⁴

304 1335 404 1372 hyterii
429 1330 547 1367 tannim
565 1328 666 1371 gradu
685 1323 877 1367 perfundam
891 1337 908 1361 ,v
928 1319 1178 1363 Arcbiepiftopts,

302 1381 479 1426 Episcopis,
505 1378 689 1419 Abbntrbus,
711 1371 854 1417 totiusque
878 1375 974 1415 Regni
995 1371 1176 1412 Nobilibus,

301 1433 588 1476 quiconfluxerant,
613 1432 645 1460 in'
665 1425 787 1470 sublimi
803 1421 877 1470 solio
896 1420 1076 1469 praefidere‚
1114 1422 1176 1454 illos

299 1494 399 1517 autem
422 1478 553 1523 deorsum
570 1476 728 1521 sedentes,
757 1474 800 1506 ad
823 1481 926 1505 nutum
946 1474 1012 1512 ejus
1035 1472 1121 1504 vultu
1143 1474 1177 1506 (9—

299 1534 422 1567 auribus
439 1535 573 1568 ,animum
589 1523 763 1571 suspensum
782 1522 909 1559 babere.
938 1521 1062 1560 Laesam
1083 1522 1176 1562 fuisse

297 1582 490 1628 protestatur
512 1577 708 1622 Anglicanae
735 1571 884 1612 Ecclesiae
906 1570 1113 1612 libertatem,
1139 1583 1175 1606 ac

295 1633 426 1678 pergit:
447 1632 516 1663 Tot}
528 1633 629 1672 Regno
639 1625 797 1669 Anglorum
813 1647 821 1661 ,
850 1624 883 1655 (Ὗ
905 1621 1176 1661 circumjacentibus

286 1681 478 1728 'RegIonibus
487 1679 598 1713 cunc‘lis
626 1676 795 1715 notffmum
805 1671 861 1712 est,
889 1679 1008 1702 eatenus
1036 1672 1056 1702 ἃ
1076 1677 1176 1711 primo

296 1729 553 1772 Cantuarienfium
566 1726 788 1767 Metropolitum
802 1745 811 1761 ,
848 1723 867 1752 5
870 1719 1021 1759 anHiffimo
1038 1721 1175 1753 videlicet

295 1782 454 1827 Augustino
472 1803 482 1819 ,
523 1789 623 1812 omnes
651 1773 734 1818 ipfius
754 1770 925 1819 successores
947 1772 1101 1803 PrImates
1135 1771 1169 1810 6*

295 1830 493 1871 Patriarsschas
520 1834 684 1863 nominatos
705 1826 739 1858 <5
762 1822 900 1860 habitos,
939 1831 990 1853 nec
1011 1821 1100 1855 ullius
1119 1832 1175 1858 un-

292 1895 386 1926 quam
397 1885 524 1916 Romam·
536 1882 642 1922 Legati
663 1877 770 1908 ditioni
792 1871 942 1907 αᾱᾱὶέῖοι,
973 1870 1052 1907 Erat
1073 1871 1173 1914 queri-

286 1933 407 1967 ‘monia
431 1931 544 1973 iniqua
567 1923 604 1961 ac
626 1924 791 1968 imperita.
818 1920 906 1967 Qs
925 1920 1015 1953 enim
1050 1921 1174 1954 nesciat

286 1980 364 2018 ‘non
388 1980 489 2014 solius
510 1978 620 2020 Papae,
650 1974 703 2009 sed
726 1974 759 2006 ὃς
779 1971 1010 2014 cujuscumque
1040 1969 1175 2003 patriar.

291 2032 482 2076 chaelegato
493 2054 503 2069 ,
543 2028 618 2061 licet
630 2023 826 2066 Presbytero
837 2019 1011 2053 dumtaxat
1021 2031 1075 2054 aut
1095 2021 1174 2055 Dia-

291 2094 381 2118 cono
397 2107 408 2123 ‚
434 2082 496 2114 esse
508 2075 707 2112 celebrandae
730 2071 881 2116 Synodi,
904 2068 1091 2114 ibidemque
1116 2082 1173 2104 an-

290 2147 323 2168 te
336 2143 453 2166 omnes
479 2129 571 2164 istius
598 2123 747 2160 Diaecefis
776 2122 952 2165 Episcopus
978 2132 1019 2158 ac
1051 2121 1174 2154 Metro?

290 2185 410 2229 politas
436 2177 620 2224 praesidendi
647 2173 858 2219 potestatem,
885 2171 1041 2206 donatam
1052 2170 1092 2204 ab
1121 2182 1175 2203 an·

290 2233 472 2278 tiquislirno
500 2230 640 2262 Canone
665 2224 817 2259 omnium
847 2221 1083 2255 Ecclesiarum?
1104 2220 1174 2254 Ro-

291 2295 397 2318 manae
424 2279 573 2318 Ecclesiae
600 2273 793 2310 Cardinales
820 2271 966 2306 Diaconi
1005 2270 1174 2306 Generali-

289 2331 351 2370 *bus
377 2333 476 2369 etiam
505 2327 649 2373 synodis
674 2324 900 2368 praesederunt.
931 2320 1056 2355 Verum
1084 2321 1171 2364 quod

291 2383 370 2424 solis
397 2380 565 2419 Hostiensi
593 2379 627 2412 δε
654 2376 694 2410 ad
722 2375 871 2409 Sanclam
891 2372 1060 2410 Ruffinam
1098 2372 1171 2408 Car·

293 2434 460 2469 dinalibus
488 2427 659 2475 Episcopis
684 2426 795 2460 cedere
820 2434 861 2456 ex
889 2433 1013 2466 nupero
1050 2423 1174 2456 Leonis

291 2485 375 2520 noni
403 2481 577 2526 privilegio
603 2476 733 2511 deberet
761 2474 888 2507 Primas
917 2473 1173 2512 Cantuariensis,

289 2536 332 2570 de
358 2531 480 2566 laudati
510 2527 645 2573 Joannis
683 2524 871 2559 Cardinalis
911 2522 1095 2564 Presbyteri
1133 2522 1177 2556 le-

286 2584 426 2634 gatione
445 2605 456 2621 ,
481 2591 518 2613 ac
544 2575 702 2621 Synodali
730 2573 927 2617 praesxdentia
952 2572 1086 2615 *quidam
1110 2572 1174 2606 An⁴

289 2636 423 2681 giorum
453 2627 606 2673 Episcopi
636 2626 768 2659 suerunt
803 2621 932 2655 offensi.
972 2622 1016 2657 Et
1054 2621 1138 2664 ipsos
1165 2647 1176 2662 ,

290 2683 383 2730 quod
406 2679 531 2724 aliquid
554 2674 690 2711 rationis
715 2672 832 2707 habere
871 2671 1077 2710 viderentur,
1112 2672 1177 2714 pla,

295 2734 397 2769 cavitr
419 2728 544 2765 Calixti
581 2724 738 2760 successor
777 2723 951 2759 Honorius
988 2721 1148 2756 secundus
1166 2745 1176 2762 ,

295 2775 524 2829 Apostolicam
535 2777 637 2812 totius
648 2773 761 2808 insulae
773 2772 975 2818 legationem
988 2772 1177 2815 impartiens

295 2833 478 2868 Guilielmo
501 2827 637 2865 Primati
658 2823 960 2860 Cantuarienfium,
987 2821 1195 2859 Laudatum·

298 2885 466 2918 Calixtum
489 2906 500 2921 ,
537 2879 594 2922 qui
621 2875 820 2909 Turstinum
846 2872 1085 2906 Eboracensem
1114 2872 1175 2906 Ar-

297 2934 563 2978 chiepiscopum,
580 2938 583 2940 ·
601 2926 642 2961 ab
663 2925 812 2958 Henrico
844 2923 937 2966 Rege
971 2923 1078 2965 primo
1106 2933 1176 2965 pro-

298 2985 472 3027 scriptum,
498 2975 876 3020 honoravitinsigniter‚
903 2971 959 3010 fibi
987 2972 1193 3015 proximum,

300 3032 332 3064 δε
355 3031 588 3068 collateralem,
615 3027 663 3059 uti
704 3023 936 3062 cardinalem,
962 3022 1024 3055 esse
1055 3021 1175 3063 ubique

300 3082 408 3125 juffit,
435 3082 466 3113 ὃς
487 3076 633 3122 proxime
658 3076 728 3119 post
761 3074 946 3108 Ostiensem
977 3071 1173 3116 Episcopum

300 3130 442 3173 equitare
456 3130 489 3163 in
502 3127 700 3161 solemnibus
711 3122 987 3169 proceffionibus,
1014 3122 1085 3155 vice
1107 3133 1174 3156 ver-

300 3181 332 3218 sa
345 3179 472 3212 extollit
485 3179 517 3210 in
528 3177 778 3210 Eboracensium
797 3174 999 3208 Pontificum
1011 3171 1173 3206 vitaTho-

299 3231 367 3266 inas
380 3229 472 3268 Stups
486 3249 494 3263 ‚
514 3226 797 3259 ePraedicatorum
808 3222 938 3259 Ordine
961 3223 1098 3266 scriptor
1119 3234 1173 3256 an-

299 3281 409 3323 tiquus
422 3288 458 3309 ac
470 3275 635 3308 eruditus.
667 3275 711 3307 At
722 3274 889 3308 dumtaxat
911 3273 1079 3316 personale
1106 3282 1172 3308 erat

301 3329 403 3367 hocce
414 3323 641 3367 privilegium.
670 3324 718 3356 Ex
729 3323 779 3356 his
799 3323 931 3357 interim
952 3322 1108 3358 omnibus
1129 3323 1171 3355 vi·

300 3379 355 3413 des
368 3378 486 3412 avitam
509 3371 735 3406 Cardinalium
764 3373 996 3414 Episco'porum
1019 3373 1174 3407 Eminen-

302 3432 382 3463 tiam
394 3427 484 3460 fuisse
495 3423 641 3467 agnitam
655 3421 688 3453 ὅ(
702 3420 875 3453 stabilitam
887 3422 904 3454 a
919 3423 1032 3455 Leone
1060 3433 1150 3456 nono
1161 3435 1172 3455 .-

298 3481 376 3517 Hoc
401 3476 490 3513 enim
503 3475 536 3508 in
549 3470 769 3506 stabilimento
783 3469 934 3503 fundatur
954 3470 1170 3517 privilegium

1183 3528 1188 3562 l

886 182 1516 226 D1ssznrAT10

1243 270 1354 304 datum
1377 263 1637 310 Archiepiscopo
1669 268 1891 307 cantuariensi
1911 298 1918 306 .
1957 273 2003 311 Et
2033 274 2112 311 hinc

1240 321 1399 364 joannem
1410 317 1624 356 Portuensem
1639 317 1838 363 Episcopum
1850 321 1911 357 hac
1921 324 1957 357 in
1976 326 2115 368 Synodo

1243 368 1354 404 sedisse
1374 367 1529 402 ultimum
1550 368 1620 413 post
1639 379 1754 403 omnes
1777 370 1968 407 Gallicanos
1986 375 2115 419 Episco-

1243 431 1320 464 pos,
1357 429 1526 462 nunquam
1547 417 1757 452 crediderim.
1785 420 1824 459 ln
1845 421 2114 467 Gallicanorum,

1242 469 1537 513 quiDominorum
1559 469 1789 508 »Cardinalium
1811 470 2036 509 Eminentiam
2058 475 2116 511 bo-

1244 520 1295 557 nis
1314 519 1421 554 oculis
1440 519 1567 553 dudum
1588 531 1658 554 non
1678 519 1913 564 adspexerant,
1939 521 2116 569 Episcopo-

1244 582 1314 607 rum
1326 570 1463 615 gratiam
1474 569 1629 610 existimo
1650 570 1773 609 illuma
1794 567 2013 614 Synodalium
2033 576 2114 614 aeto-

1243 632 1314 656 rum
1327 620 1542 663 compilatore
1555 644 1566 660 ,
1592 620 1730 657 homine
1740 621 1855 664 utique
1866 622 1967 657 Gallo
1979 645 1990 662 ‚
2014 623 2051 661 in
2068 623 2116 660 lo·

1242 682 1317 711 cum
1331 670 1540 705 noviffimum
1552 670 1615 705 esse
1625 671 1786 711 detrusum
1796 696 1806 705 .
2107 694 2112 699 -

1290 722 1404 758 Oritur
1424 721 1501 754 hinc
1524 720 1586 755 alia
1608 722 1742 766 quaestio
1763 746 1775 763 ,
1810 720 1866 757 An
1887 721 1973 757 inter
1994 724 2116 767 septem

1242 771 1433 808 Cardinales
1455 771 1634 814 Episcopos
1657 774 1780 816 semper
1798 783 1906 809 certus
1924 773 2006 807 ordo
2018 797 2029 813 ,
2056 775 2118 816 pri·

1242 822 1374 865 musque
1385 822 1476 858 locus
1486 821 1629 862 Ostiensi
1644 846 1654 864 ,
1666 822 1823 858 secundus
1833 824 1954 860 SanClae
1966 824 2117 864 Ruffinae,

1242 872 1355 907 tertius
1369 872 1538 906 Portuenfi
1550 871 1645 906 fuerit
1656 894 1667 913 ,
1694 873 1729 906 ὃς
1741 873 1782 907 fic
1795 873 1947 921 deinceps
1957 874 1975 910 ,ἕ
2002 873 2117 908 Ratio·

1243 932 1318 956 nem
1339 921 1513 958 dubitandi
1538 923 1663 956 faciunt
1686 923 1775 965 plura
1794 922 1984 958 authentica
2014 933 2117 966 ‚atque

1241 972 1374 1015 antiqua
1386 971 1541 1010 Concilia
1554 972 1610 1013 ,in
1621 972 1740 1016 quibus
1747 972 1822 1007 dieti
1838 973 1990 1018 Episcopi
2003 973 2117 1018 legun·

1243 1031 1294 1055 tur
1304 1023 1371 1055 alio
1383 1020 1484 1065 longe
1493 1022 1609 1056 ordine
1622 1022 1774 1060 sedisse&
1784 1021 1993 1067 subscripsisse
2006 1047 2012 1055 .
2031 1019 2117 1057 ‘Ete-

1222 1085 1224 1087 >
1243 1071 1309 1105 nim
1323 1072 1356 1105 in
1369 1070 1523 1105 Romana
1545 1081 1660 1105 contra
1677 1072 1884 1110 Clementem
1904 1074 1939 1110 ³&
1959 1073 2116 1112 Adalber-

1241 1131 1313 1155 tum
1326 1145 1336 1161 ‚
1363 1121 1514 1164 pessimos
1525 1121 1726 1154 Francorum
1738 1121 1940 1165 Episcopos,
1974 1123 2116 1170 synodo

1239 1171 1405 1216 proximus
1415 1170 1485 1214 post
1506 1168 1698 1205 Zachariam
1719 1169 1916 1205 Pontificem
1938 1172 2021 1205 sedit
2040 1173 2118 1215 Epi-

1240 1222 1378 1266 phanius
1389 1221 1509 1255 sanetae
1531 1221 1673 1255 Ruffinae
1696 1220 1897 1263 Episcopus,
1923 1220 2043 1255 deinde
2059 1220 2118 1254 Be·
2158 1239 2162 1249 =

1240 1270 1383 1310 nedictus
1410 1271 1664 1310 Numentanus,
1690 1268 1768 1307 hinc
1790 1270 1975 1304 Venantius
1995 1270 2121 1305 Praene·>

1240 1324 1361 1362 ninus,
1388 1333 1457 1356 tum
1479 1322 1659 1366 Gregorius
1682 1320 1882 1356 Portuenfis:
1911 1319 2116 1359 Theodorus

1238 1371 1395 1409 Ostiensis
1418 1372 1496 1407 sedit
1518 1372 1690 1408 dumtaxat
1720 1371 1827 1408 sextus
1856 1370 1927 1414 post
1957 1370 2116 1405 Nicetam

1238 1423 1433 1457 Gabinatem
1447 1447 1454 1454 .
1482 1422 1522 1459 ln
1534 1422 1686 1458 Romana
1698 1420 1850 1455 adversus
1861 1421 2025 1468 Joannem
2035 1420 2117 1454 duo-

1237 1473 1400 1510 decimum
1414 1471 1608 1506 Pontificem
1619 1470 1949 1515 SynodoCardinales
1961 1469 2117 1514 Episcopi

1240 1524 1387 1557 sederunt
1401 1523 1470 1566 post
1482 1522 1604 1559 multos
1626 1522 1707 1555 alios
1729 1520 1794 1556 hoc
1817 1521 1949 1555 ordine:
1990 1519 2119 1564 Grego-

1237 1573 1299 1606 rius
1333 1572 1528 1606 Albanensis
1549 1597 1560 1612 ,
1596 1572 1672 1608 sico
1692 1571 1850 1607 Ostiensis
1873 1595 1884 1611 ,
1921 1570 2117 1605 Benedictus

1237 1623 1443 1661 portuensis,
1463 1620 1734 1665 Theophylastus
1745 1620 1983 1666 Praenestinus,
2010 1619 2116 1654 Wido

1237 1674 1342 1715 Sylvae
1354 1671 1519 1706 candidae.
1547 1671 1660 1706 Exstat
1671 1668 1919 1714 Synodus‘apud
1942 1666 2115 1713 Luitpran·

1237 1723 1315 1755 dum
1325 1721 1542 1756 Ticinensem
1553 1745 1560 1755 ,
1587 1721 1625 1753 ln
1640 1721 1792 1755 Romana
1804 1718 1969 1754 Paschalis
1979 1719 2114 1755 secundi

1235 1772 1404 1810 adversum
1425 1771 1540 1810 Laicas
1571 1770 1775 1806 investituras
1795 1769 1936 1817 Synodo
1965 1768 2115 1806 sederunt
2131 1761 2151 1792 L
2165 1763 2256 1790 6.c6.

1237 1821 1306 1865 post
1329 1832 1448 1855 omnes
1469 1819 1745 1864 Archiepiscopos
1766 1819 1831 1856 hoc
1853 1819 1991 1855 ordine:
2014 1818 2115 1853 ⁴Cen-

1236 1873 1305 1910 cius
1317 1870 1497 1906 Sabinensis
1514 1895 1523 1911 ,
1552 1870 1666 1910 Petrus
1678 1869 1864 1906 portuensis
1877 1893 1887 1908 ‚
1901 1870 1971 1904 Leo
1982 1868 2114 1906 Ostien-

1236 1922 1295 1961 sis,
1320 1922 1420 1954 Cono
1431 1921 1664 1957 Praenestinus.
1694 1922 1818 1958 Extant
1840 1921 1905 1952 asta
1927 1918 2013 1963 apud
2032 1919 2115 1953 Gui-

1235 1972 1382 2005 lielmum
1406 1970 1724 2004 Malmesberiensem
1744 1994 1752 2001 .
1786 1968 1887 2012 Apud
1910 1968 2051 2005 eundem
2075 1970 2111 2002 in
2128 1988 2266 2023 {01468-

1236 2022 1365 2056 novella
1379 2020 1526 2054 Historia
1540 2030 1630 2055 extat
1642 2020 1732 2054 Petri
1748 2018 1934 2052 Portuenfis
1943 2018 2116 2061 Episcopi,
2130 2019 2132 2021 ’

1236 2073 1291 2115 qui
1318 2071 1353 2105 in
1377 2070 1527 2107 Honorii
1550 2069 1836 2104 secundidefunffl
1854 2069 1964 2102 locum
1985 2068 2112 2102 intrusit

1237 2123 1369 2155 Petrum
1383 2121 1506 2155 Leonis
1518 2145 1528 2161 ,
1553 2121 1596 2158 ad
1604 2116 1687 2158 alios
1698 2118 1887 2158 Cardinales
1907 2118 2089 2162 Episcopos
2100 2141 2112 2157 ,

1234 2173 1293 2220 qui
1314 2171 1549 2206 Innocentium
1571 2170 1751 2205 secundum
1773 2163 1956 2214 elegerant,
1985 2163 2115 2212 Episto-

1237 2225 1284 2263 la,
1311 2232 1373 2265 qua
1398 2220 1536 2260 schisma
1559 2221 1677 2255 nititur
1699 2231 1920 2264 componere,
1945 2219 1978 2252 ὅ(
2002 2219 2037 2252 in
2050 2228 2117 2261 qua>

1234 2271 1453 2307 Guilielmum
1467 2270 1699 2308 Praenestinum
1710 2271 1837 2316 primo,
1859 2268 2003 2307 secundo
2027 2269 2118 2302 Mat-

1235 2322 1353 2359 tbaeum
1364 2321 1583 2360 Albanensem
1595 2346 1605 2363 ,
1632 2322 1730 2355 tertio
1743 2318 1947 2356 Conrardum
1960 2318 2122 2357 Sabinou-

1237 2375 1300 2406 sem
1316 2397 1326 2412 ,
1353 2383 1493 2419 quarto,
1519 2372 1639 2407 ultimo
1651 2372 1727 2405 loco
1753 2370 1927 2407 nominant
1950 2369 2117 2415 Ioannem*

1237 2423 1433 2466 Episcopum
1454 2422 1638 2456 Ostiensem
1657 2445 1664 2454 .
1695 2421 1824 2467 Nempe
1859 2418 2031 2464 quomodo
2056 2415 2114 2451 alii

1239 2473 1346 2516 passim
1358 2498 1368 2513 ,
1390 2473 1431 2506 ita
1444 2474 1476 2507 ὃς
1488 2472 1677 2509 Cardinales
1699 2470 1854 2514 Episcopi·
1872 2469 2040 2504 servabant
2061 2477 2114 2500 or-

1237 2525 1348 2558 dinem
1361 2523 1518 2559 &locum
1530 2523 1624 2566 juxta
1645 2530 1783 2563 acceptae
1801 2516 2055 2554 consecrationis
2074 2527 2114 2549 ae·

1238 2585 1358 2614 tatem,
1385 2583 1481 2615 atque
1493 2573 1536 2605 ita
1550 2572 1703 2608 Ostiensis
1715 2570 1890 2612 Episcopus
1913 2565 2111 2611 quandoque

1211 2624 1217 2659 Ι
1235 2634 1303 2657 erat
1324 2624 1444 2666 primus
1458 2648 1467 2664 ,
1507 2621 1706 2665 quandoque
1727 2617 1875 2658 medius,
1912 2617 2114 2661 quandoque

1237 2673 1435 2716 postremus.
1463 2673 1572 2705 Etiam
1585 2671 1792 2713 Privilegio,
1816 2668 1907 2713 quod
1934 2667 2111 2702 Piscarien-

1202 2721 1207 2737 ²
1237 2724 1258 2756 si
1274 2722 1432 2756 Caenobio
1443 2721 1533 2755 dedit
1546 2721 1713 2755 Adrianus
1724 2730 1856 2766 quartus
1868 2742 1877 2756 ,
1905 2716 2112 2754 subscribunt

1236 2773 1354 2806 eodem
1378 2772 1517 2805 ordine:
1547 2769 1750 2809 Sabinenfis,
1778 2768 1955 2806 Ostienfis‚
1987 2766 2112 2804 ,Praene-

1237 2823 1359 2861 mnus,
1386 2820 1602 2860 Albanensis,
1628 2819 1817 2854 portuensis
1841 2843 1848 2850 .
1887 2818 1998 2855 Etiam
2020 2816 2112 2852 initis

1237 2873 1320 2908 inter
1341 2870 1573 2905 Innocentium
1593 2871 1726 2904 tertium
1747 2871 1781 2903 ὃς
1806 2869 1966 2911 Joannem
1977 2866 2110 2911 Angliae

1238 2923 1365 2966 Regem
1387 2922 1615 2962 concordatis,
1664 2917 1849 2954 extantibus
1871 2917 1957 2961 apud
1983 2917 2109 2950 Lucam

1235 2971 1439 3010 Dacherium
1462 2996 1470 3004 .
1506 2972 1550 3006 Et
1574 2972 1679 3006 notari
1699 2979 1827 3014 oportet
1851 2966 2017 3011 plerosque
2048 2965 2110 3000 hos

1237 3022 1416 3058 Pontifices
1438 3022 1552 3056 Leone
1575 3033 1667 3056 nono
1689 3022 1782 3055 fuisse
1806 3029 1874 3051 non
1894 3015 2002 3059 paucis
2013 3017 2109 3050 annis
2127 3014 2209 3059 l‘om.
2233 3022 2259 3050 5·

1237 3073 1447 3115 posteriores,
1474 3073 1623 3116 adeoque
1636 3084 1677 3106 ex
1694 3070 1837 3114 ipsorum
1847 3065 2018 3100 astislucet
2034 3066 2111 3100 Car·
2129 3053 2186 3084 ¹'⁰¹·
2199 3057 2260 3089 5⁷⁶·

1235 3123 1359 3156 dinales
1374 3122 1591 3166 Episcoposin
1606 3119 1875 3155 obtinendoante
1896 3117 2029 3160 quosvis
2050 3117 2112 3150 Ar-

1235 3173 1460 3216 chiepiscopos
1482 3175 1516 3207 ὅ(
1556 3172 1711 3209 Primates
1742 3169 1818 3204 loco
1848 3166 1988 3200 necdum
2019 3166 2113 3201 fuisse

1234 3224 1360 3259 firmos,

1283 3273 1481 3317 Respondeo
1494 3269 1684 3307 Cardinales
1695 3267 1877 3310 Episcopos
1888 3265 2111 3313 semperfuisl‘e

1235 3324 1355 3366 septem
1367 3349 1375 3359 .·
1401 3324 1561 3369 Quinque
1583 3317 1775 3362 principales
1801 3319 1855 3351 seu
1878 3314 2110 3351 patriarchales

1234 3373 1383 3407 Basilicas
1396 3366 1490 3409 habet
1502 3371 1655 3406 Romana
1676 3368 1819 3401 Ecclesia
1833 3393 1843 3407 ,
1868 3367 1976 3402 Sancti
2002 3364 2110 3399 Salva·

1233 3422 1311 3456 toris
1325 3419 1572 3456 Lateranensem
1583 3446 1604 3461 ,.
1620 3418 1727 3452 sandi
1740 3417 1829 3453 Petri
1845 3415 1999 3458 Apostoli
2017 3415 2116 3449 Vati-

1233 3483 1346 3508 canam
1359 3496 1369 3512 ,
1394 3468 1497 3506 Sanffi
1511 3467 1605 3503 Pauli
1618 3468 1769 3512 Apostoli
1783 3467 1835 3501 via
1849 3464 1986 3499 Ostiensi
1998 3465 2112 3548 ,ssSan-

2041 3526 2064 3548 ae
