2352 3736
563 181 629 211 DE
665 167 848 212 Recta
885 168 1247 212 ΑΝτιετιτυΜ
1283 178 1722 212 ΝοΜῑΝΑτιοΝε.

1886 180 1975 229 ¹43

234 258 370 293 alterum
392 254 550 289 mandans
572 255 674 299 eligi,
700 253 785 297 apud
810 252 981 287 Hermiam
1002 252 1107 284 Zozo-
1168 248 1201 292 se
1221 248 1397 291 abstulerat,
1419 252 1494 292 ,quia
1509 251 1659 284 canonice
1676 249 1780 284 cletta:
1795 251 1858 293 fine
1866 251 1955 295 ipfius
1978 252 2045 295 defi-

232 317 371 342 menum
385 305 620 341 Constantinus
632 304 800 348 Augustus
811 326 819 334 .
845 302 1008 335 Catonem
1021 299 1107 334 Pres-
1164 306 1311 343 gnatione
1316 299 1441 340 fueram
1450 298 1631 343 consecratus
1641 325 1648 331 .
1675 299 1777 335 Extat
1789 302 1936 345 Epistola
1955 303 2043 348 apud

60 336 122 406 Lgb.
136 345 195 367 ²'c'
236 357 391 391 bvterum
425 369 471 393 ex
490 353 652 390 Clotharii
675 354 776 397 Regis
795 362 953 395 praecepto
976 350 1069 383 fuisse
1087 348 1108 384 ὲ
1172 349 1296 382 Lucam
1317 349 1520 385 Dacherium
1548 374 1557 382 .
1580 349 1853 395 Designationem
1882 354 1977 388 istam
1998 354 2044 389 ad
2061 332 2143 362 Tom'
2157 342 2182 361 ²‘

68 388 77 406 ι
103 397 110 404 ’
233 394 422 441 'furonensi
446 406 544 440 Claro
572 406 607 439 δε
629 402 749 447 populo
770 403 908 435 electum
941 398 1050 434 scribit
1072 400 1106 433 in
1170 397 1308 443 Regalia
1327 398 1395 441 jura
1415 401 1553 443 spestare
1574 400 1727 435 volebant
1749 399 1858 446 Reges
1875 403 2046 439 &Princi-

234 458 435 492 Francorum
457 456 605 490 Historia
621 454 752 489 Sanstus
762 450 944 495 Gregorius
964 448 1112 494 ejusdem
1170 460 1224 491 pes
1235 473 1246 489 ,
1270 448 1411 492 ideoque
1421 450 1571 484 adversus
1583 450 1750 494 Arnulphi
1768 453 2046 489 consectationem

61 529 113 561 Lib
133 542 150 567 4
167 540 183 562 c
235 507 326 543 urbis
348 508 545 550 Episcopus.
574 505 616 538 Et
627 503 668 537 de
679 502 796 537 Sansto
809 500 982 534 Frederico
995 512 1032 534 ac
1045 499 1109 533 Lu·
1166 498 1210 533 ad
1230 499 1463 535 innocentium
1486 501 1665 535 secundum
1691 501 1863 544 appellarat
1890 501 2045 548 Andega-

66 580 110 600 Π.
235 556 357 592 dovico
379 558 442 591 Pio
463 558 660 599 imperatore
690 550 798 585 scribit
820 562 977 595 magnum
1003 549 1109 594 Belgii

237 607 453 642 Chronicon:
479 605 646 641 Ludovtcus
666 600 800 642 Ecclefiae
829 599 1010 642 Trajec‘lenfi
1026 611 1109 632 man-

235 659 315 699 dat,
339 652 585 699 quodtledlusfibi
598 653 773 687 Fredericus
792 653 920 694 eligatur
941 655 974 683 in
988 647 1108 692 Episco-

231 717 309 751 pum
320 731 327 738 .
339 703 496 740 Lucidius
508 702 654 746 loquitur
665 701 808 745 ejusdem
820 700 918 738 sansti
931 700 996 734 vita
1008 713 1019 732 .·
1048 702 1109 732 Lu-

61 759 121 790 Fol.
143 769 188 797 55.
236 760 361 791 davit-us
378 762 436 797 per
448 756 575 797 Legatos
581 750 649 796 suos
672 753 837 789 mandavit
847 748 1039 793 Trajellenst‘s
1051 751 1107 782 Ec·

227 805 321 848 sltfiae
329 803 495 839 ,senioribus
508 828 518 843 ,
544 811 577 836 ut
590 804 782 836 Fredert'cum
790 801 846 843 fibi
856 802 1019 844 deligerent
1030 802 1107 841 Epi-

230 854 368 901 stapam,
393 852 555 887 &electum
563 865 628 886 cum
652 850 880 895 summobonorc
902 851 947 883 ad
956 850 1111 883 Palatium

234 905 433 943 adducerent,
462 901 591 946 nesciens
602 914 702 936 omnes
713 899 911 945 Traiec‘lenses
935 902 970 933 id
981 901 1052 933 ante
1062 901 1111 933 de-

232 954 352 996 crevisse
368 976 381 995 ‚
404 955 484 996 quod
500 951 563 996 ipse
583 954 618 986 (5
638 955 788 985 Primates
809 953 875 992 ejus
891 958 1082 994 percuperent
1094 973 1101 982 .

235 1004 367 1047 Nempe
375 1003 595 1047 Trajestenses
606 1003 749 1047 Regiam
759 1001 1018 1051 designationem
1034 1011 1108 1044 prae-

235 1054 412 1088 timuerant
433 1077 445 1094 ,
480 1053 619 1096 ideoque
653 1053 687 1086 ὅ(
712 1061 928 1096 praevenerant
954 1050 1112 1085 electione

234 1103 450 1138 clandestina.
464 1103 514 1137 Ita
527 1114 607 1138 tunc
619 1114 687 1136 non
701 1102 773 1136 raro
784 1101 844 1134 fuit
858 1103 978 1135 fastum
991 1125 997 1132 .
1011 1100 1114 1148 Qod

234 1154 326 1188 enim
347 1153 535 1187 Ludovicus
556 1163 635 1187 tunc
647 1151 755 1196 passim
766 1150 947 1196 designaret
969 1150 1115 1195 eligendi

235 1203 406 1238 Antistitis
428 1204 596 1246 personam
620 1226 631 1243 ‚
656 1202 743 1236 lucet
765 1213 807 1236 ex
828 1201 918 1236 Flori
941 1200 1114 1245 Magistri,

235 1253 294 1297 qui
304 1253 362 1287 sub
374 1253 445 1296 ipso
464 1253 499 1288 in
511 1250 721 1298 Lugdunenfi
744 1251 884 1286 Ecclesia
897 1252 980 1285 vixit
994 1251 1115 1285 Diaco-

236 1314 300 1337 nus
310 1327 320 1343 ‚
333 1302 451 1349 insigni
462 1302 503 1337 de
512 1302 726 1336 electionibus
737 1302 922 1346 fragmento
935 1326 946 1341 ,
972 1302 1115 1335 statuen-

236 1363 270 1386 te
293 1352 334 1386 de
346 1353 498 1386 Domino
520 1353 635 1397 Rege.-
661 1356 730 1388 Rex
743 1351 935 1392 Ministerium
953 1349 1019 1394 suae
1033 1358 1114 1392 pote-

226 1402 320 1443 statis
332 1408 364 1434 in
373 1402 519 1435 eleclionis
539 1409 649 1445 negotio
654 1404 822 1446 peragendo
831 1403 995 1444 adjungere
1011 1400 1095 1434 debet
1104 1422 1115 1438 ‚

236 1463 296 1485 non
302 1451 449 1494 praeferre
459 1476 466 1484 .
497 1451 627 1495 Utique
639 1451 841 1496 designando
850 1450 1038 1495 eligendam
1051 1460 1115 1494 per-

236 1503 351 1537 sonam
361 1525 368 1533 .
395 1503 440 1537 Et
449 1501 535 1544 apud
546 1503 573 1535 F
575 1501 769 1536 lodoardum
781 1502 815 1536 in
828 1501 994 1536 Remenfis
1005 1500 1116 1534 Eccle-

235 1552 286 1587 fiae
298 1550 444 1586 Historia
456 1551 606 1586 laudatur
626 1549 901 1594 Archiepiscopus
912 1550 1115 1583 Hincmarus

235 1600 384 1644 scripsisse
405 1599 514 1644 ,Bofimi
534 1601 637 1641 illustri
657 1604 766 1633 comiti
793 1603 830 1635 de
840 1601 956 1643 agenda
979 1600 1114 1634 elechone

234 1649 376 1693 Episcopi
395 1650 618 1692 sylvanec‘lenfis
630 1676 640 1690 ,
665 1651 816 1692 ostendens
835 1652 915 1693 quod
937 1661 994 1683 non
1006 1649 1045 1692 fit
1067 1648 1116 1693 sul

234 1699 388 1741 ministerii
398 1712 608 1743 quamcumque
617 1700 776 1744 specialem
789 1700 935 1744 designare
940 1698 1098 1743 personam
1110 1724 1117 1731 .

236 1749 328 1785 Boso
349 1762 416 1785 erat
427 1751 551 1785 Comes
575 1751 677 1795 Regis
699 1750 811 1785 Caroli
837 1749 951 1785 Calvi.
981 1751 1024 1783 Et
1047 1749 1117 1791 post

238 1801 434 1844 degradatos
453 1800 715 1846 'theutgaudum
727 1800 767 1833 T
768 1800 960 1834 revirensem
980 1799 1014 1833 ὃς
1026 1799 1120 1834 Gon-

239 1848 382 1885 tharium
394 1850 630 1885 Coloniensem
645 1851 842 1895 Episcopum
852 1873 863 1890 ,
884 1850 1039 1884 Eccleffls
1051 1850 1118 1883 istis

238 1911 293 1945 per
303 1901 509 1935 Canonicam
529 1901 720 1935 elefflonem
735 1901 894 1943 provideri
920 1899 1119 1943 juffitNico-

236 1951 310 1984 hus
320 1950 441 1993 primus
452 1949 607 1984 Pontifex
622 1975 632 1990 ,
658 1951 787 1983 excluso
798 1951 890 1983 omni
905 1952 1013 1983 favore
1025 1949 1120 1983 Pseu-

56 1994 107 2031 EP-
125 2003 172 2029 72·
235 1999 453 2044 do-Reginae
466 1999 651 2034 Waldradae
663 2014 673 2033 .·
702 2001 781 2033 Hoc
795 2000 839 2033 est
853 2025 863 2040 ,
889 1999 1019 2033 exclusa
1042 1998 1121 2032 defi-

60 2075 111 2109 Ep.
134 2081 210 2104 nuc-
244 2050 403 2094 gnatione
422 2051 563 2107 personae
584 2076 591 2081 .
619 2050 663 2083 Et
684 2051 724 2084 ad
747 2049 955 2107 Ludovicum
978 2048 1119 2083 Balbum

60 2120 105 2148 30·
236 2099 368 2143 Regem
389 2100 508 2143 scripsit
533 2099 681 2133 laudatus
705 2101 927 2134 Hincmarus:
953 2102 985 2132 51
996 2100 1115 2141 quando

233 2156 363 2190 petitam
373 2150 457 2192 apud
465 2161 518 2183 vos
527 2150 692 2183 elec‘lionem
704 2151 859 2183 conceditis
872 2174 883 2190 ‚
907 2150 990 2182 illum
1011 2149 1119 2182 debent

242 2198 401 2241 Episcopi,
425 2201 459 2233 (tr
471 2201 574 2233 clerus
586 2201 638 2240 ,δ’
643 2200 730 2242 plebs
739 2203 842 2243 eligere
851 2223 862 2240 ‚
877 2211 963 2242 quem
973 2211 1028 2232 vos
1054 2202 1120 2233 vul-

239 2254 287 2280 tis
300 2271 310 2286 ‚
337 2249 607 2291 &quemjubetit,
634 2250 739 2290 nonest
758 2252 875 2282 divinae
903 2251 975 2292 legis
997 2248 1096 2282 elet‘iio
1110 2273 1121 2289 ,

238 2296 298 2340 fed
305 2296 443 2330 humanae
452 2299 603 2339 potestatis
624 2299 760 2340 extorsio.
789 2299 963 2342 Ejusmodi
975 2298 1120 2343 designa-

240 2347 367 2381 tionem
391 2349 530 2382 affirmat
551 2348 665 2384 Caroli
684 2349 805 2393 Magni
827 2349 861 2382 δε
886 2348 1049 2382 Ludovici
1067 2348 1118 2383 Pii

240 2397 486 2440 Capitularibus
522 2398 629 2441 palam
669 2398 828 2432 adversari
857 2423 868 2439 ,
902 2399 936 2432 δε
962 2398 1119 2442 proficisci

239 2458 309 2481 non
323 2447 432 2490 posse,
461 2448 518 2481 nisi
539 2449 557 2482 a
571 2449 758 2490 perniciosis
779 2448 1001 2483 Confiliariis.
1031 2449 1118 2483 Eun-

239 2496 316 2530 dem
333 2497 487 2536 abusum,
510 2495 699 2542 &Philippo
724 2500 829 2541 primo
851 2500 944 2544 Rege
971 2500 1119 2533 commis-

240 2547 310 2580 sum
324 2572 334 2586 ,
361 2548 395 2580 in
419 2547 513 2581 variis
535 2547 689 2590 Epistolis
709 2548 865 2589 damnat,
892 2549 1031 2584 laudatis
1057 2549 1119 2584 Ca-

242 2596 434 2636 pitularibus
455 2597 635 2638 adversari,
660 2598 695 2632 ὅς
716 2598 827 2633 abillo
838 2598 1032 2633 electionem
1051 2599 1120 2634 red-

244 2643 280 2676 di
299 2645 417 2680 irritam
438 2649 575 2681 affirmat
602 2648 735 2682 sanstus
755 2649 813 2683 lvo
840 2649 1020 2693 Episcopus
1043 2649 1119 2684 Cat-

247 2695 388 2727 nutenfis
406 2689 423 2727 ”.
459 2698 674 2732 Guilielmum
698 2700 824 2733 Rufum
851 2699 1118 2745 Anglorum‘Re-

245 2752 343 2797 gem,
369 2744 425 2784 qui
447 2746 624 2782 Monachis
635 2750 743 2783 Sanffl
767 2749 946 2794 Augustini
974 2751 1118 2785 Cantua·

244 2792 354 2824 nensis
375 2815 386 2831 ,
411 2792 583 2831 Canonicae
605 2797 772 2833 eleffionis
799 2801 987 2835 facultatem
1014 2800 1118 2844 postu·

245 2840 387 2874 lantibus
401 2865 411 2880 ²
436 2841 493 2875 sub
502 2848 660 2882 exurendi
677 2849 872 2884 Monastetii
887 2851 1119 2885 comminatio-

245 2901 289 2924 ne
301 2891 469 2949 mandavit
492 2892 570 2938 eligi
589 2907 766 2941 cognatum
792 2902 884 2934 suum
911 2902 1117 2945 Hugonem,

244 2950 363 2974 merito
373 2940 533 2976 damnant
545 2945 710 2981 Gen-vastus
721 2949 910 2983 Monachus
931 2951 965 2984 ὃς
980 2951 1119 2984 Guiliel-

244 3000 323 3039 mus·
337 2988 478 3024 Thorne
502 3017 508 3023 .
543 2992 744 3031 Henriciana
773 3000 980 3034 consuetudo
1003 3011 1118 3035 omnes

245 3040 411 3083 Utsisss‘lue
424 3041 517 3075 sexus
530 3041 701 3079 Antistites
720 3048 892 3083 mandabat
905 3050 984 3095 eligi
1008 3050 1042 3084 in
1058 3051 1119 3085 Ca·

246 3088 330 3131 pella
341 3089 444 3134 Regia
456 3115 466 3130 ,
491 3091 532 3125 de
543 3094 658 3141 praevia
681 3095 783 3139 Regis
805 3098 934 3133 licentia
950 3124 961 3140 ‚
984 3101 1119 3143 &juxta

245 3138 350 3182 Regis
357 3140 527 3175 consilium
540 3166 550 3182 ,
578 3141 642 3177 hoc
653 3144 697 3177 est
711 3169 721 3184 ,
745 3144 827 3190 eligi
839 3150 1008 3189 personam
1026 3151 1045 3183 a
1058 3151 1123 3184 Re-

246 3200 289 3232 ge
311 3188 530 3232 designatam.
563 3191 607 3226 Et
626 3194 667 3227 de
691 3195 746 3227 sua
764 3196 924 3230 electione
945 3199 1055 3232 scribit
1080 3200 1120 3234 ad

243 3237 389 3272 Lucium
410 3239 585 3275 secundum
607 3242 804 3278 Pontificem
830 3244 1023 3289 Arnulphus
1046 3249 1122 3292 Epi-

244 3289 360 3331 scopus
372 3289 575 3324 Lexovienfis
588 3305 598 3324 .·
627 3296 730 3327 Decem
749 3295 851 3328 &080
877 3299 999 3329 Marcas
1021 3303 1057 3330 in
1066 3304 1122 3331 ini-

55 1459 132 1496 Cap.
141 1469 172 1494 4.

58 1535 120 1567 Lib.
126 1546 152 1575 3.
162 1546 190 1569 c.

60 1580 105 1606 26.

69 2984 193 3017 A-1087.

75 3032 158 3058 1091.

244 3342 288 3371 tio
296 3350 370 3371 meae
376 3344 566 3379 promotionts
578 3340 722 3385 assumpsi
731 3368 742 3385 ‚
770 3350 842 3387 quia
852 3352 950 3379 omnia
960 3346 1036 3380 bona
1046 3351 1121 3390 Ept-

244 3385 375 3430 scopalia
393 3390 538 3423 redimere
570 3392 607 3425 de
629 3405 720 3427 manu
750 3399 877 3429 Comitis
902 3397 1119 3440 Andegavenst‘s

242 3438 376 3481 angebar
386 3464 398 3481 ‚
424 3451 492 3483 quae
501 3438 565 3484 ipse
577 3441 651 3477 mihi
656 3451 713 3487 per
724 3446 798 3480 duos
808 3458 904 3482 annos
927 3449 961 3482 Θ
974 3456 1032 3481 tres
1043 3460 1121 3483 mcn·

1170 548 1267 582 vensis
1290 548 1432 582 Comes.
1461 547 1588 584 Verum
1610 549 1777 593 Arnulphi
1795 553 1924 588 causam
1947 555 2047 588 susce·

1169 598 1216 642 pit
1227 600 1360 633 Sanetus
1372 596 1554 633 Ber—nardus
1565 623 1575 638 ‚
1601 600 1635 632 ἀ
1650 601 1754 643 ipsum
1767 601 1954 646 impetravit
1967 616 2048 638 con-

1171 648 1282 682 secrari
1294 648 1410 682 Romae
1424 673 1431 680 .
1461 648 1554 694 Quas
1567 649 1686 683 litteras
1707 652 1831 686 rursum
1852 652 1950 688 habes
1962 653 2049 697 apud
2067 658 2188 692 Tem-3·'

1169 696 1312 732 eundem
1331 697 1534 734 Dacherium
1558 721 1565 729 .
1592 698 1684 733 Idem
1708 698 1899 744 Arnulphus
1917 704 1958 738 ad
1973 704 2052 739 Ale·

1170 747 1331 782 xandrum
1355 749 1487 783 tertium
1498 746 1607 783 scribit
1628 749 1670 782 de
1683 748 1825 783 Ecclefia
1838 750 2052 789 Cantuarien-

1170 799 1190 831 fi
1203 812 1214 832 .·
1240 802 1364 831 Certum
1373 797 1411 839 est
1422 798 1468 833 ibi
1480 804 1597 831 noviter
1607 800 1758 839 quoddam
1778 804 1858 833 inter
1869 812 1976 835 caetera
1988 815 2052 836 con-

1172 848 1261 892 tigiffe
1271 849 1466 889 miraculum,
1497 850 1578 891 quod
1588 850 1670 882 nulla
1687 848 1759 895 spes
1779 851 1871 883 antec}
1883 875 1894 891 ‚
1922 853 2005 885 nulla
2014 853 2051 894 fi-

1171 899 1256 930 ducta
1264 896 1463 940 prasumebat
1473 923 1485 939 ,
1504 897 1619 945 scilicet
1630 901 1709 942 quod
1726 898 1768 931 ibi
1776 898 1902 942 persona
1914 903 1959 934 ad
1978 908 2054 944 regi-

1176 959 1243 983 men
1255 947 1455 990 Ecclefiaefine
1467 948 1662 995 defignatione
1675 953 1776 985 Laicae
1793 950 1945 992 potestatis
1958 951 2052 985 elebla

1173 998 1211 1040 est
1224 1023 1235 1039 ,
1259 1009 1324 1032 cum
1350 998 1394 1032 ibi
1414 998 1515 1032 nullus
1537 1007 1627 1033 antea
1633 1005 1803 1042 promoveri
1817 1008 1967 1043 potuerit,
1993 1000 2051 1043 nisi
2101 1022 2105 1025 »

1174 1050 1210 1083 de
1226 1060 1284 1091 quo
1300 1049 1388 1092 prius
1405 1054 1545 1091 potentia
1569 1048 1726 1092 saecularis
1749 1051 1848 1084 edixit
1861 1077 1868 1083 .
1894 1053 2050 1095 Siquidem

1175 1110 1241 1132 cum
1262 1107 1332 1141 opus
1349 1099 1428 1134 illud
1443 1101 1488 1133 ad
1496 1098 1637 1133 veterem*
1649 1099 1774 1143 abusum
1795 1107 1931 1135 revocari
1948 1103 2051 1135 multis

1168 1148 1271 1193 fuisset
1288 1149 1403 1183 adlibus
1422 1158 1605 1184 attentatum
1614 1173 1625 1189 ‚
1645 1158 1703 1192 per
1716 1156 1825 1183 merita
1836 1150 1957 1185 Thomae'
1969 1155 2053 1185 Mar-

1178 1206 1248 1238 tyris
1270 1205 1365 1233 omnis
1383 1198 1500 1242 semper
1520 1199 1702 1234 machinatio
1720 1199 1791 1243 elisa
1813 1200 1852 1241 est
1865 1227 1876 1242 ‚
1904 1207 1975 1244 quia
1998 1212 2055 1242 ea,

1178 1261 1269 1292 quam
1279 1248 1341 1293 ipse
1344 1248 1400 1290 fibi
1405 1256 1527 1293 proprio
1536 1253 1701 1285 redemerat
1709 1249 1736 1294 s
1729 1256 1855 1294 anguine
1866 1252 2035 1286 libertatem
2043 1275 2055 1292 ‚

1174 1299 1307 1342 personae
1329 1306 1470 1334 committi
1496 1313 1554 1335 non
1572 1303 1698 1343 pertulit
1719 1327 1730 1343 ,
1758 1303 1841 1343 cujus
1874 1314 1932 1335 non
1954 1301 2054 1336 elellio

1176 1350 1270 1383 libera
1287 1375 1297 1391 ,
1327 1352 1361 1384 ὢ·
1382 1355 1547 1385 eanonicus
1569 1352 1748 1393 probaretur
1769 1351 1909 1395 ingressus
1933 1377 1939 1383 .
1966 1351 2059 1385 Hen-

1179 1400 1299 1434 riciana
1311 1402 1516 1435 consuetudo
1525 1401 1724 1436 Antistitum
1737 1401 1914 1436 electiones
1926 1401 2061 1436 manda-

1180 1450 1236 1485 bat
1259 1451 1327 1484 fieri
1349 1450 1384 1483 in
1395 1449 1531 1492 Capella
1554 1452 1685 1494 Regia,
1714 1451 1756 1484 de
1777 1450 1881 1494 Regis
1905 1451 2061 1490 licentia,

1178 1512 1217 1534 ac
1232 1499 1273 1533 de
1283 1499 1352 1542 ejus
1373 1499 1533 1540 consilio,
1560 1501 1612 1533 seu
1625 1500 1717 1542 juxta
1736 1500 1853 1533 fastam
1873 1499 1982 1534 abillo
1996 1511 2065 1543 per-

1179 1551 1266 1583 sonae
1287 1549 1446 1593 eligendae
1468 1547 1750 1592 designationem.
1778 1550 1827 1583 Ita
1850 1551 1885 1584 <Sc
1907 1550 1974 1593 ipse
1987 1550 2064 1584 San·

1178 1600 1247 1633 stus
1273 1598 1426 1632 Thomas
1454 1600 1557 1633 fuerat
1583 1599 1712 1634 Elestus
1742 1624 1750 1633 .
1793 1599 1850 1634 Est
1887 1600 2066 1641 articulus,

1179 1660 1275 1690 quern
1285 1650 1318 1683 in
1331 1649 1511 1683 Senonensi
1525 1649 1729 1684 Consistorio
1740 1649 1909 1685 damnarat
1922 1650 2067 1685 Alexan-

1180 1699 1238 1732 der
1256 1699 1389 1739 tertius‚
1415 1699 1514 1733 &cui
1536 1699 1608 1742 post
1635 1701 1743 1734 Sanni
1765 1698 1910 1734 Thomae
1927 1708 2067 1734 mortem

1182 1749 1348 1783 Henricus
1367 1748 1527 1784 secundus
1552 1749 1627 1783 Rex
1650 1750 1686 1784 in
1711 1749 1944 1785 Romanorum
1956 1748 2071 1784 Cardi-

1181 1798 1308 1833 nalium
1330 1798 1482 1833 manibus
1500 1798 1689 1834 solemniter
1712 1801 1914 1835 renuntiarat
1935 1826 1942 1832 .
1970 1800 2068 1834 Hinc

1182 1848 1352 1893 proximus
1371 1848 1494 1883 laudati
1523 1848 1683 1891 Martyris
1693 1850 1859 1885 Successor
1878 1849 2067 1884 Richardus

1182 1899 1244 1933 fuit
1256 1900 1387 1934 Electus
1401 1898 1572 1934 Canonice
1586 1899 1731 1934 &libere
1742 1924 1754 1941 ,
1780 1909 1880 1943 atque
1902 1899 1968 1935 hoc
1985 1901 2071 1934 inter

1183 1951 1270 1984 varia
1283 1949 1376 1984 istius
1396 1949 1552 1983 miracula
1565 1948 1760 1993 Arnulphus
1770 1951 1909 1984 affirmat
1929 1949 1992 1985 effe
2003 1962 2075 1984 ma-

1182 1999 1312 2034 ximum
1334 2000 1539 2042 &pi-imum.
1568 1999 1642 2034 Nec
1652 2001 1719 2034 fine
1745 2000 1983 2035 fundamento.
2013 2001 2071 2036 Et-

1181 2050 1272 2083 enim
1300 2061 1401 2092 pravae
1427 2050 1608 2084 voluntatis
1635 2050 1870 2085 correfflonem
1896 2051 1959 2085 esse
1985 2061 2070 2093 opus

1184 2099 1272 2134 Coeli
1294 2100 1329 2134 ὅ(
1341 2109 1431 2134 terrae
1440 2100 1608 2135 creatione
1619 2102 1724 2143 majus
1737 2100 1859 2134 docent
1882 2099 1994 2144 paffim
2007 2100 2070 2134 Ec-

1183 2150 1282 2183 clefiae
1302 2149 1434 2183 Patres.
1462 2149 1565 2197 Qod
1590 2151 1759 2192 praesertim
1773 2150 1884 2184 verum
1907 2149 1952 2184 est
1967 2150 2001 2183 in
2013 2161 2069 2184 vo-

1184 2199 1308 2233 luntate
1321 2200 1452 2244 Regum
1465 2224 1472 2231 .
1495 2199 1570 2232 Nec
1580 2199 1646 2234 fine
1658 2201 1752 2236 causa
1771 2200 1864 2234 addit
1875 2198 2069 2243 Arnulphus

1184 2249 1378 2283 miraculum
1399 2248 1485 2283 istud
1497 2248 1612 2284 multis
1631 2250 1753 2285 artibus
1779 2250 1873 2285 fuisse
1894 2251 2071 2295 impugna-

1186 2308 1255 2334 tum
1270 2325 1276 2332 .
1305 2299 1415 2343 Ipsum
1426 2299 1518 2333 enim
1540 2300 1698 2343 impedire
1718 2301 1876 2336 omnibus
1894 2301 2002 2336 nervis
2014 2312 2068 2335 co-

1184 2360 1278 2384 natus
1300 2350 1346 2383 est
1369 2349 1535 2383 Henricus
1557 2349 1632 2384 Rex
1654 2351 1789 2394 junior,
1815 2351 1871 2395 qui
1893 2352 1928 2385 δε
1950 2361 2068 2386 contra

1185 2399 1353 2434 Canonice
1372 2400 1489 2434 factam
1512 2399 1674 2435 Richardi
1694 2402 1909 2442 electionem,
1935 2401 2005 2435 imo
2033 2402 2068 2435 δε

1184 2460 1298 2485 contra
1311 2449 1440 2484 Patrem
1462 2451 1555 2489 suum
1569 2474 1580 2490 ,
1606 2452 1654 2485 uti
1668 2451 1782 2497 Regiae
1803 2450 1976 2498 dignitatis
1991 2461 2068 2495 prae·

1185 2501 1394 2535 varicatorem
1405 2523 1416 2539 ,
1440 2500 1617 2543 appellavit
1627 2501 1667 2535 ad
1679 2503 1798 2538 Sedem
1809 2500 2039 2546 Apostolicam
2053 2526 2066 2543 ‚

1183 2561 1280 2594 atque
1304 2551 1347 2584 ita
1371 2549 1558 2584 Richardus
1570 2575 1580 2590 ,
1604 2551 1701 2594 quod*
1719 2551 1765 2586 ob
1778 2553 1883 2597 Regis
1900 2552 2067 2596 appellan-

1183 2601 1227 2635 tis
1238 2611 1361 2634 metum
1375 2600 1600 2635 provinciales
1614 2601 1768 2647 Episcopi
1792 2602 1888 2637 illum
1899 2604 2065 2637 consecra-

1183 2662 1217 2685 re
1238 2663 1307 2685 non
1330 2649 1505 2690 auderent,
1532 2652 1664 2686 coastus
1688 2653 1751 2686 fuit
1772 2653 1918 2688 Romam
1940 2652 2069 2696 profici-

1183 2701 1226 2734 sci
1240 2724 1251 2740 ,
1278 2700 1459 2742 atqueistic
1470 2701 1751 2738 consecrationem
1767 2702 1942 2746 postulare.
1970 2702 2066 2736 Hinc

1184 2751 1241 2784 lite
1253 2749 1359 2784 adhuc
1374 2749 1550 2794 pendente,
1565 2753 1671 2795 pergit
1685 2753 1726 2787 ad
1739 2752 1964 2787 Alexandrum
1975 2750 2064 2786 Pon-

1183 2800 1305 2834 tificem
1318 2799 1531 2844 Arnulphus.-
1560 2800 1737 2844 Personam,
1762 2809 1869 2845 inqua
1889 2801 2064 2843 desideratae

1182 2852 1236 2884 diu
1259 2851 1409 2885 libertatis
1429 2859 1578 2893 coeperunt
1599 2857 1689 2885 initia
1711 2851 1874 2896 consecrari
1902 2876 1913 2892 ,
1939 2851 2064 2895 benign?

1178 2899 1335 2944 suscipite,
1362 2899 1469 2943 ipsique
1477 2903 1522 2934 ad
1528 2908 1725 2937 executionem
1738 2909 1818 2937 tanti
1829 2908 1924 2944 operis
1945 2903 1982 2934 de
2002 2911 2063 2934 ma-

1177 2951 1351 2994 gnificentia
1374 2957 1498 2986 virtutis
1513 2951 1676 2994 Apostolicae
1698 2953 1826 2994 conferte
1838 2951 2002 2993 fiduciam,
2025 2960 2062 2986 ut

1183 2994 1287 3042 vestri
1305 3007 1454 3042 primitia·
1474 3002 1580 3041 vestris
1602 3001 1738 3045 auspiciu
1765 3000 1969 3043 convalescant
1988 3023 1999 3039 ‚
2025 3002 2060 3035 C’t

1181 3052 1256 3083 licito
1266 3050 1630 3093 consummentureffet‘lu.
1657 3053 1708 3083 Ad
1724 3062 1778 3083 vos
1788 3057 1917 3084 omnium
1926 3050 2060 3092 fidelium

1181 3101 1252 3134 oculi
1264 3124 1274 3139 ,
1302 3101 1410 3133 advos
1429 3106 1558 3133 omnium
1578 3098 1770 3141 Ecclesarum
1791 3110 1864 3133 vota
1880 3099 2032 3143 suspirant
2048 3124 2060 3141 ‚

1181 3159 1214 3184 ut
1226 3161 1262 3183 ex
1272 3148 1339 3188 hoc,
1348 3156 1402 3190 qui
1413 3149 1523 3182 babent
1535 3149 1704 3183 ,libertatem
1714 3175 1725 3190 ‚
1739 3152 1887 3184 retinendi
1893 3150 2034 3192 fiduciam
2047 3175 2059 3192 ,

1183 3203 1217 3235 (θ’
1229 3205 1282 3242 qui
1293 3211 1350 3232 non
1361 3198 1472 3232 habent
1482 3221 1493 3237 ,
1510 3198 1598 3242 spem
1607 3206 1772 3241 concipiant
1781 3199 1933 3234 obtinendi
1948 3226 1955 3233 .
1979 3199 2059 3235 Ale-

1184 3250 1344 3284 xandrum
1357 3272 1366 3288 ‚
1393 3257 1428 3281 ut
1439 3249 1502 3282 sese
1524 3259 1635 3283 verum
1649 3249 1806 3284 Romanae
1818 3250 1965 3285 Ecclesiae
1979 3251 2055 3293 Epi-

1184 3302 1317 3343 scopum
1328 3298 1528 3333 demonstret
1540 3299 1573 3332 in
1582 3298 1646 3333 hoc
1656 3312 1752 3344 opere
1761 3325 1772 3341 ‚
1800 3301 1911 3336 multis
1922 3300 2058 3334 obtesta-

1184 3360 1256 3391 tur,
1281 3349 1495 3383 &concludit
1509 3363 1520 3382 -.·
1548 3350 1699 3394 intelligat
1703 3349 1860 3395 sapientia
1879 3350 1977 3390 vestra
1997 3359 2057 3381 non

1179 3399 1271 3443 solum
1291 3401 1457 3433 Provincia·
1480 3401 1620 3443 &Regni
1630 3402 1731 3443 illius,
1753 3400 1809 3444 sed
1818 3402 1942 3434 aliorum
1965 3403 2057 3430 etiam

1185 3454 1346 3495 Regnorum
1359 3448 1497 3492 desideria
1503 3448 1670 3493 supplicare
1679 3474 1690 3491 ,
1714 3452 1758 3485 ad
1765 3457 1950 3495 quaecumque
1956 3444 2056 3488 saum

1906 3497 2005 3537 illius,
