2352 3736
390 175 477 209 DE

226 246 385 293 Episcopi
423 244 598 280 noluissent
620 243 836 287 acquiescere.
865 241 1107 275 Confirmatum

225 298 322 334 fuisse
342 295 382 331 ad
404 296 526 341 Regias
545 306 653 339 preces
676 294 785 327 scribit
807 289 1000 326 Bettholdus
1020 289 1109 322 Con-

221 347 410 383 ssantienfis
431 371 442 387 ,
476 347 643 390 ipsumque
670 343 803 377 Urbani
829 341 974 385 diploma
1009 340 1111 373 exstat

226 397 315 441 apud
342 396 544 432 Rodericum
571 393 861 438 Archiepiscopum
888 390 1110 424 Toletanum.

226 448 275 483 Et
287 447 365 482 hinc
375 447 416 481 ad
429 446 523 481 hasce
533 446 573 480 de
596 444 737 488 prioratu
762 441 948 475 ambitiosas
968 438 1112 484 quaestio-

227 508 288 532 nes
303 495 541 542 extinguendas
553 520 564 537 ‚
592 491 891 537 Compostellanam
904 489 1077 524 Ecclesiam
1094 488 1112 522 ὲ

227 548 279 581 sui
290 547 516 591 Metropolitae
527 545 680 589 potestate
692 542 813 576 exemit
825 541 912 576 idern
928 540 1090 575 Urbanus
1101 561 1113 578 ‚

229 597 340 632 Pallio
349 595 487 632 donavit
498 592 658 629 Paschalis
670 591 845 632 secunduS,
871 603 908 626 ac
929 589 1023 634 plene
1045 599 1113 623 tan-

229 646 308 682 dem
334 644 616 689 Metropoliticam
651 641 727 676 fecit
754 642 905 676 Calixtus
931 638 1105 674 secundus.

231 697 378 731 Emerita
395 692 544 738 Augusta
571 716 583 733 ‚
617 692 658 726 ab
679 693 824 727 emeritis
847 691 989 735 Augusti
1012 690 1112 732 Impe-

230 743 515 782 ratorisrnilitibus
537 742 579 776 fic
596 741 680 777 dieta
693 765 706 783 ,
731 743 777 776 est
797 742 931 785 antiqua
952 740 1113 773 Romanae

231 794 404 832 Lufitaniae
437 792 637 836 Metropolis
654 818 666 834 ,
690 792 774 826 olim
796 791 918 826 habens
939 789 1113 825 duodecim

232 845 379 881 civitates
404 844 647 887 suffraganeas,
675 842 785 876 verum
813 852 892 876 tunc
915 851 970 884 per
990 840 1117 873 Sarace-

232 905 314 932 ῃος,
340 892 389 927 uti
409 893 592 927 etiamnum
615 890 714 925 hodie
739 916 750 931 ,
777 891 898 925 redaeta
923 892 957 924 in
977 891 1084 923 ruinas
1106 902 1114 921 :

233 945 327 979 Hinc
353 942 421 986 ejus
459 941 741 986 Metropoliticam
763 941 960 986 dignitatem
980 940 1074 974 fuisse
1101 939 1119 973 a

233 993 374 1028 Calixto
384 992 527 1027 secundo
535 991 630 1036 plene
640 991 864 1034 transcriptam
885 993 918 1025 in
944 990 1119 1024 Ecclesiam

235 1042 540 1087 Compostellanam
553 1067 565 1083 ,
586 1042 720 1078 testatur
729 1043 827 1076 etiam
839 1042 1052 1075 Innocentius
1064 1049 1121 1074 ter-

235 1093 302 1128 tius
313 1093 347 1126 in
359 1093 488 1127 famosis
497 1093 538 1128 de
551 1092 612 1126 hae
624 1103 658 1126 re
670 1092 786 1126 litteris
809 1090 850 1126 ad
873 1091 1008 1125 Petrum
1029 1090 1123 1133 hujus

237 1142 504 1188 Metropolitum.
534 1143 652 1176 Hocce
664 1140 790 1176 honore
801 1143 863 1176 esse
873 1142 1024 1185 deinceps
1043 1152 1125 1174 con-

238 1195 347 1233 tenti,
373 1193 598 1235 Primatusque
619 1192 765 1235 rapinam
784 1193 818 1226 ‹Sc
845 1191 1005 1226 ambitum
1031 1191 1126 1234 depo·

239 1242 393 1286 nerejuffi
417 1244 491 1276 sunt
512 1243 665 1286 Episcopi
687 1241 898 1284 Jacobenses.
925 1241 1017 1276 Solas
1042 1250 1129 1279 tres,

239 1293 331 1337 quod
343 1292 413 1326 aliae
424 1290 483 1326 sub
493 1293 662 1327 Saracenis
682 1303 851 1336 gemerent
864 1315 875 1332 ,
901 1293 1129 1335 Suffraganeas

239 1343 410 1384 civitates,
437 1341 586 1376 videlicet
599 1342 903 1377 Conimbricensem
917 1365 927 1382 ‚
940 1341 1131 1375 Salamanti-

240 1394 369 1427 censem
384 1417 395 1431 ‚
421 1391 455 1424 δε
466 1390 668 1426 Abulensem
678 1392 824 1435 expreffit
839 1393 873 1425 in
885 1392 940 1425 suo
952 1392 1131 1434 diplomate

242 1442 418 1482 calixtus,
444 1452 541 1484 atque
554 1442 598 1476 ita
610 1442 650 1476 de
673 1441 746 1476 aliis
769 1441 891 1481 tribus,
918 1441 1105 1475 Lamecenfi
1121 1464 1131 1479 ‚

241 1492 399 1533 vicensi,
425 1490 696 1535 &Egitanienfi‚
722 1502 791 1534 quae
805 1491 939 1525 tandem
964 1491 982 1524 ὲ
1007 1491 1131 1524 Sarace-

242 1553 290 1576 no
311 1541 390 1585 jugo
411 1540 550 1575 liberatae
582 1551 771 1584 receperunt
803 1541 983 1584 Episcopos
1005 1562 1016 1578 ‚
1050 1550 1131 1580 quae·

243 1589 386 1625 stionem
405 1590 558 1634 reliquit,
585 1590 760 1634 statimque
782 1589 824 1623 de
845 1589 911 1623 illis
935 1587 1133 1623 Bracharen-

240 1641 279 1674 fis
298 1637 571 1683 Archiepiscopus
590 1641 690 1682 coepit
711 1639 860 1674 adversus
895 1638 1133 1682 Compostella-

241 1701 344 1730 num,
373 1701 426 1723 eas
445 1689 675 1730 invadentem,
702 1689 816 1723 acriter
827 1689 1020 1733 digladiari.
1051 1689 1133 1722 Prae-

241 1737 349 1774 tendit
373 1740 406 1772 &
426 1741 595 1774 civitatem
618 1738 923 1773 Conimbricensem
936 1763 947 1779 ,
973 1741 1134 1772 affirmans

242 1789 347 1833 ipsam
365 1789 446 1823 olim
457 1800 526 1822 non
540 1789 633 1822 fuisse
645 1789 679 1822 in
694 1788 865 1823 Lusitania
879 1813 889 1828 ,
914 1788 1011 1822 &fibi
1035 1799 1135 1831 nuper

245 1839 439 1882 adscriptam
464 1839 482 1872 ὲ
505 1836 653 1873 Paschali
674 1838 818 1873 secundo
835 1862 842 1871 .
870 1839 947 1872 Fuit
970 1838 1010 1871 lis
1034 1838 1134 1882 longa

244 1888 280 1922 &
297 1888 376 1922 dura
389 1913 400 1930 ‚
424 1887 566 1931 ideoque
592 1888 803 1932 plurimarum
822 1888 983 1931 ejusmodi
1003 1897 1136 1921 conten-

243 1938 378 1972 tionum
389 1937 533 1971 eruditus
552 1949 590 1972 ae
618 1938 701 1971 felix
719 1938 901 1980 diremptor
923 1937 1138 1970 Innocentius

242 1987 359 2022 tertius
378 2011 389 2028 ,
434 1987 621 2021 Matrinum
647 1986 897 2020 Bracharensem
931 1988 963 2020 &
1002 1986 1136 2020 Petrum

244 2036 558 2081 Compostellanum
585 2035 881 2080 Archiepiscopum
910 2037 1059 2070 evocavit
1070 2037 1138 2070 Ro-

246 2097 336 2123 mam
350 2111 361 2127 ,
387 2086 514 2120 audivit
531 2086 702 2129 utriusque
721 2086 862 2120 rationes
880 2111 892 2126 ‚
918 2086 1138 2120 controversas

248 2136 396 2171 civitates
417 2136 546 2177 divifit,
572 2135 846 2180 Compostellanae
856 2137 1089 2171 Lamecensem
1101 2147 1138 2170 ac

251 2186 500 2229 Egitaniensem
520 2210 531 2225 ‚
566 2186 632 2220 sedi
654 2194 766 2220 autem
793 2185 1003 2220 Bracharenfi
1026 2186 1140 2220 adscri-

251 2234 333 2270 bens
356 2234 591 2279 Episcopatum
612 2236 791 2271 vicensem
822 2236 857 2271 δε
889 2235 1140 2270 Conimbricen·

250 2286 318 2319 sem
344 2309 355 2325 ,
376 2294 472 2328 atque
492 2286 538 2319 ita
559 2287 744 2329 composuit
769 2297 883 2329 pacem
906 2308 914 2317 .
953 2285 1139 2320 Conimbri-

553 160 726 204 HAc
795 158 1196 204 REMENSI

1267 151 1646 196 Synono.
1884 153 1986 207 21⁴9

1175 238 1327 282 fraganea
1339 235 1509 271 dumtaxat
1519 234 1678 271 Parochia
1690 235 1909 280 Metropolios
1919 236 2055 273 Cartha·

1174 287 1331 332 ginensis.
1361 286 1543 334 Qomodo
1558 286 1656 331 igitur
1666 284 1875 322 Dofflffimus
1897 287 2056 323 Pontifex

1171 336 1238 378 eJus
1263 335 1447 371 Primatum
1462 338 1549 372 dicat
1562 337 1624 371 effe
1634 334 1674 370 ab
1695 335 1888 370 Alexandro
1911 338 2017 380 primo
2042 338 2056 371 ἒ

1174 386 1216 420 Et
1227 387 1332 429 ipsum
1348 387 1415 428 post
1425 389 1657 422 Saracenorum
1675 398 1820 429 tempora
1841 387 1961 429 primus
1978 399 2056 423 con-

1174 437 1313 471 firmavit
1328 436 1488 471 Urbanus
1497 438 1671 471 secundus.
1688 436 1800 470 Exstat
1810 437 1843 471 ὃ(
1854 437 1919 471 alia
1931 436 2059 474 laudati

1175 487 1357 520 innocentii
1393 485 1432 520 ad
1464 487 1631 521 laudatum
1658 487 1859 521 Rodericurn
1887 487 2053 530 Epistola:

1174 538 1267 580 ,Quod
1285 542 1467 579 petitiones,
1495 547 1570 578 quas
1588 537 1713 577 obtulisti
1734 537 1816 570 nobis
1833 535 1919 580 fitper
1946 543 2058 581 negotio

1176 590 1333 620 Primati'ae
1345 611 1355 626 ‚
1381 587 1504 619 necdum
1514 585 1684 628 admisimus
1698 610 1708 625 ,
1735 599 1792 620 non
1810 600 1848 621 ex
1861 588 1972 621 duritia
1985 586 2060 630 ‚sed

1174 649 1212 671 ex
1220 638 1415 679 providentia
1426 642 1542 669 noveris
1562 636 1710 678 proceffiffe
1725 661 1735 676 ‚
1758 647 1823 670 cum
1843 639 1877 671 (ἃ
1900 644 1931 669 in
1958 636 2005 670 his
2026 639 2060 671 (⁹1¹

1175 693 1206 720 in
1219 689 1288 720 aliis
1300 694 1457 728 opportuno
1469 693 1596 727 tempore
1605 694 1633 719 te
1645 686 1771 718 velimus
1786 711 1796 725 ,
1807 697 1951 728 quantum
1962 692 1994 719 in
2006 689 2064 719 Do-

1177 743 1254 770 mino
1275 737 1420 778 poffumus
1437 761 1447 776 ,
1474 736 1614 769 exaudire
1638 760 1644 766 .
1684 737 1745 768 sed
1763 746 1828 769 cum
1851 748 1889 768 ex
1910 740 2067 770 saraceno-

1178 799 1242 820 rum
1254 784 1370 828 incursu
1385 797 1483 829 grave
1507 797 1584 819 nunc
1604 793 1745 818 timeatur
1772 783 1928 827 Hispaniae
1952 785 2067 828 dispen-

1180 839 1263 870 dium
1273 842 1425 869 imminere
1437 862 1447 878 ‚
1474 848 1531 869 non
1546 843 1657 878 oportet
1667 834 1807 876 occafione
1821 833 1987 876 huiusmodi
2000 839 2067 868 Pri-

1181 892 1283 919 matiae
1296 887 1383 919 aliud
1394 893 1427 918 in
1439 885 1588 929 Hispania
1604 884 1784 929 J'candalum
1808 885 1890 917 modo
1914 883 2067 928 suscitare.
2198 923 2201 927 .

1182 937 1351 971 Promittit
1364 937 1423 970 suo
1440 945 1589 980 tempore
1600 934 1756 978 justitiam
1775 935 1921 978 judicare
1932 960 1939 967 .
1969 934 2073 969 Nem·
2087 918 2147 990 Ῐὲὼ·
2159 929 2199 995 5²3:

1183 1000 1221 1031 pe
1231 986 1403 1020 Primatias
1424 998 1539 1021 omnes
1559 986 1661 1020 odisse
1680 995 1760 1019 tunc
1790 983 1910 1019 merito
1929 994 2070 1028 coeperat
2110 969 2136 998 P'
2195 978 2205 986 '

1185 1038 1338 1072 Romana
1350 1037 1493 1072 Ecclesia
1507 1061 1518 1077 ,
1545 1036 1768 1079 suaviterque,
1795 1035 1845 1069 uti
1866 1036 1901 1069 &
1914 1035 2072 1079 paulatim

1185 1088 1304 1122 factum
1316 1112 1327 1128 ‚
1353 1085 1493 1124 malebat
1503 1087 1661 1122 extinctas
1674 1109 1681 1117 .
1709 1086 1830 1119 Earum
1843 1083 1941 1119 hodie
1951 1086 2013 1120 soli
2034 1086 2075 1121 ti-

1188 1140 1248 1172 tuli
1262 1138 1378 1171 restant
1390 1137 1539 1174 Ecclefiis
1554 1162 1560 1169 .
1580 1137 1634 1170 Ex
1647 1135 1714 1169 istis
1725 1136 1857 1169 interim
1870 1135 1962 1170 vides
1974 1135 2074 1170 Com-

1189 1187 1405 1232 postellanum
1417 1190 1619 1235 Episcopum
1629 1185 1800 1222 Toletano
1810 1184 1937 1221 dudum
1948 1186 2077 1220 recalci-

1191 1239 1283 1273 traffe
1297 1261 1306 1274 0
1452 1237 1454 1239 ¹
1544 1235 1545 1238 ¹

1383 1453 1427 1501 C
1463 1455 1507 1498 A
1540 1451 1576 1496 P
1610 1451 1657 1498 U
1693 1448 1734 1494 T
1803 1453 1826 1496 I
1850 1452 1905 1496 V.

1289 1562 1548 1639 Exponuntur
1584 1566 1663 1614 alia
1700 1565 1837 1631 Syuodi
1873 1565 2003 1614 Asia.

1299 1693 1363 1725 Em
1377 1688 1623 1724 memorabilem
1635 1686 1745 1721 scribit
1757 1687 1790 1719 in
1804 1687 1849 1720 sui
1868 1685 1908 1719 ad
1933 1688 2088 1721 Sanstum

1325 1739 1519 1775 Richarium
1534 1737 1740 1773 Centulenfis
1752 1735 1907 1771 Coenobii
1919 1735 2091 1771 Chronico

1180 1790 1386 1826 §Monachus
1400 1789 1600 1833 Ariulphus:
1628 1792 1756 1821 Geruino
1766 1786 1870 1819 Abbati
1882 1797 1946 1820 erat
1974 1793 2006 1820 in
2026 1797 2093 1820 con-

1197 1843 1353 1876 vertendis
1364 1850 1453 1882 atque
1460 1840 1626 1884 salvandis
1635 1846 1820 1879 peccatorum
1832 1837 1990 1869 animabus
2003 1845 2093 1870 tanta

1196 1904 1274 1925 curae
1287 1891 1432 1931 instantia
1446 1915 1456 1929 ,
1484 1898 1516 1923 ut
1524 1894 1726 1931 peccaminum
1732 1885 1818 1931 fasce
1829 1888 1962 1929 oppreffis
1974 1887 2098 1919 mirabi-

1198 1943 1266 1975 liter
1282 1945 1462 1982 compatiens
1472 1941 1506 1973 t&
1516 1948 1688 1971 concurrens
1699 1962 1709 1977 ‚
1723 1938 1878 1969 videretur
1891 1938 1970 1969 illius
1982 1935 2099 1979 spiritu

1194 1991 1358 2035 gubernari
1394 1995 1445 2033 qui
1485 1990 1567 2021 dixit
1585 2013 1603 2026 Δ,
1641 1986 1814 2019 FlLlOLl
1841 1986 1930 2018 MEl
1957 1987 2098 2032 QUOS

1201 2040 1406 2074 ITERUM
1429 2037 1711 2073 PARTURIO.
1741 2040 1813 2067 Non
1821 2033 1914 2077 sblum
1925 2041 1996 2069 vero
2007 2035 2100 2075 hujus

1202 2089 1339 2130 nostratis
1352 2092 1470 2123 Patriae
1481 2114 1491 2130 ,
1512 2088 1621 2131 siquos
1646 2088 1816 2130 cognovisJet
1827 2107 1837 2122 ‚
1864 2085 1993 2117 homines
2008 2084 2099 2128 stele-

1196 2140 1254 2180 stos
1265 2140 1428 2183 corrigebat
1441 2164 1452 2179 ,
1474 2137 1533 2181 sed
1544 2144 1634 2172 etiam
1645 2136 1819 2175 Neustriam
1830 2136 1864 2166 ὢ·
1888 2136 2073 2169 Flandriam
2086 2161 2100 2178 ,

1205 2190 1342 2223 Halliam
1362 2200 1476 2232 quoque
1499 2190 1534 2221 (9·
1554 2190 1747 2226 Aquitaniam
1770 2209 1780 2223 ,
1821 2196 1870 2217 nec
1894 2196 1950 2217 non
1978 2191 2101 2230 Hungu-

1202 2245 1282 2272 riam
1304 2264 1316 2277 ,
1339 2244 1394 2278 pta
1413 2244 1520 2278 girans
1537 2233 1697 2277 sedulitate
1710 2261 1718 2274 ,
1746 2234 2016 2278 criminosbrumque
2037 2248 2100 2269 con-

1197 2289 1332 2331 feffianes
1357 2292 1515 2327 acceptans
1537 2309 1548 2325 ,
1576 2285 1610 2316 Θ
1628 2283 1833 2327 saluberrimis
1856 2291 1975 2318 monitis
2002 2298 2101 2320 eorum

251 2332 352 2369 cenfis
377 2335 497 2378 semper
518 2334 624 2377 palam
652 2337 803 2378 spectarat
824 2335 865 2369 ad
878 2335 1115 2370 Emeritensem
1136 2360 1147 2376 ‚
1205 2344 1304 2372 vitam
1314 2343 1346 2370 in
1358 2336 1460 2369 melius
1471 2343 1656 2367 commutans
1670 2359 1680 2374 ‚
1707 2335 1912 2378 Evangelistae
1927 2338 1960 2370 (τ
1975 2336 2101 2378 Apostoli

253 2383 367 2418 verum
400 2384 490 2428 quod
523 2385 650 2419 Iriensis
684 2385 896 2427 Episcopatus
925 2385 1037 2419 fuisset
1068 2385 1142 2419 Bra-

253 2431 399 2468 charensi
422 2434 623 2475 subtrastus,
649 2434 911 2479 prudentiffimus
931 2434 1088 2469 Pontifex
1101 2435 1148 2478 ju·

253 2483 378 2518 dicavit
400 2484 569 2518 civitatem
590 2483 722 2519 civitate
749 2485 1027 2529 compensandam
1045 2509 1053 2517 .
1100 2485 1144 2519 Et

255 2532 333 2567 huic
353 2533 488 2575 quidem
510 2535 678 2569 sententiae
700 2534 814 2570 Petrus
840 2535 983 2570 omnino
1017 2534 1148 2579 acquie-

254 2584 307 2616 vit
326 2606 338 2622 ‚
375 2583 485 2618 verum
506 2583 547 2618 de
572 2584 744 2619 retinendo
769 2596 825 2619 aut
852 2585 1075 2630 recuperando
1098 2594 1147 2619 to-

257 2631 323 2665 tius
344 2632 509 2675 Hispaniae
527 2633 675 2670 Primatu
697 2635 784 2678 spem
808 2634 935 2670 videtur
958 2647 1028 2670 non
1050 2635 1148 2679 depo-

258 2680 352 2714 suiffe
366 2705 373 2712 .
399 2683 492 2718 Hinc
502 2683 591 2718 enim
606 2684 713 2719 statim
725 2685 759 2719 in
772 2685 841 2727 ipso
853 2687 914 2720 suae
925 2684 1146 2729 promotionis

259 2730 397 2764 exordio
433 2732 614 2768 Rodericus
648 2734 836 2769 Toletanus
873 2733 1148 2780 Archiepiscopus

259 2779 403 2814 eundem
421 2780 604 2818 Primatum
637 2784 695 2818 fibi
718 2797 755 2819 ac
777 2786 836 2819 suae
857 2786 1007 2820 Ecclefiae
1029 2786 1149 2829 suppli-

255 2830 348 2863 cavit
386 2830 602 2872 confirmari,
626 2835 900 2878 confirmavitque
923 2835 1072 2870 laudatus
1098 2835 1147 2868 In-

261 2879 437 2913 nocentius
448 2904 458 2919 ,
484 2880 517 2913 &
534 2881 666 2923 quidem
673 2883 714 2917 ad
724 2886 888 2928 exemplar
897 2885 1031 2920 Urbani
1040 2885 1148 2919 secun-

144 2967 151 2977 ·
188 2949 200 2975 2
261 2926 315 2970 di,
343 2928 635 2970 Gelafiisecundi‚
662 2931 937 2968 Calixtisecundi
961 2959 973 2975 ,
999 2936 1146 2969 Honor-ii

134 3010 141 3018 ,
186 2991 201 3019 ,⁴
261 2977 417 3019 secundi,
445 2979 586 3024 Eugenii
612 2980 699 3014 tertii
721 3005 733 3021 ‚
758 2982 899 3019 Adriani
919 2985 1048 3027 quarti,
1075 2985 1149 3019 Ale-

264 3027 379 3062 xandri
393 3028 510 3072 primi,
536 3029 690 3069 secundi,
714 3031 749 3064 δε
769 3034 876 3074 tertii,
903 3033 1037 3069 Urbani
1061 3035 1147 3068 tertii

262 3076 299 3110 δε
313 3076 483 3112 Coelestini
510 3080 616 3113 tertii.
642 3079 725 3125 Qae
737 3082 833 3116 toties
843 3083 957 3118 iterata
978 3085 1153 3119 confirma·

264 3126 317 3160 tio
342 3127 487 3162 ostendit
513 3128 720 3163 Toletanum
741 3129 798 3164 fibi
819 3131 938 3166 assidue
963 3133 1105 3167 timuisse
1131 3135 1148 3169 a

262 3176 557 3220 Compostellano,
583 3179 617 3213 &
645 3180 753 3214 forsan
777 3191 852 3214 cum
875 3182 945 3224 ipso
965 3182 1147 3217 dimicasse.

266 3223 449 3260 Alexandri
461 3228 615 3269 secundi,
641 3240 679 3264 ac
690 3230 859 3273 praesertirn
882 3230 1064 3266 Alexandri
1087 3233 1148 3275 pri-

267 3275 315 3309 mi
329 3285 451 3310 nomeu
474 3276 508 3309 in
527 3274 591 3311 hoc
612 3277 759 3322 diploma
780 3281 988 3324 irrepserunt.
1016 3281 1147 3316 Etenim

267 3324 436 3359 Toletana
483 3326 624 3361 Ecclesia
659 3352 672 3368 ,
715 3340 770 3372 per
807 3329 995 3365 Gothorum
1041 3331 1149 3377 Reges

269 3375 411 3417 primum
423 3375 583 3415 exaltata,
608 3376 691 3412 adeo
701 3379 784 3414 olim
808 3392 876 3415 non
900 3381 960 3415 fuit
982 3381 1148 3416 Primatia-

264 3423 375 3468 iis,ut
389 3425 566 3469 nequidem
576 3426 834 3472 Metropolitana
854 3431 976 3474 suerit,
1005 3429 1059 3469 sed
1078 3433 1146 3468 Suf-

362 3474 473 3516 ssbrist.
486 3479 564 3521 Lupi
574 3481 659 3524 Oper.
671 3481 809 3514 Tom.1V.

1208 2397 1281 2431 opus
1292 2385 1401 2430 absque
1414 2391 1529 2418 nomine
1534 2385 1731 2426 perexplebat
1745 2411 1750 2416 .
1779 2386 1860 2418 Illud
1874 2390 2056 2420 Dominicum
2067 2391 2102 2418 in

1209 2438 1241 2482 se
1252 2437 1364 2471 canens
1374 2437 1560 2478 pertendens
1583 2435 1751 2468 Edillum:
1779 2434 1925 2470 POSUI
1952 2437 2020 2471 TE
2049 2435 2100 2470 ΙΝ

1211 2487 1391 2523 LUCEM
1418 2484 1660 2519 GENTIUM
1684 2510 1693 2524 ,
1734 2484 1812 2519 UT
1850 2486 1912 2520 Sls
1951 2487 2003 2520 lN
2030 2488 2103 2521 sA-

1211 2537 1395 2573 LUTEM
1407 2561 1414 2568 .
1441 2536 1578 2568 Vidimus
1594 2534 1732 2578 persaepe*
1745 2559 1755 2575 ,
1781 2546 1845 2569 cum
1855 2536 1917 2578 effer
1929 2543 1961 2570 in
1975 2538 2101 2570 Centulo

1209 2589 1293 2630 apud
1311 2584 1467 2631 gloriosum
1487 2584 1680 2627 Coafefforem
1700 2585 1872 2619 Ricbarium
1894 2611 1904 2626 ‚
1931 2594 2020 2620 totius
2039 2588 2102 2620 diei

1206 2637 1342 2682 spatium
1353 2642 1385 2669 in
1397 2637 1527 2669 conclavi
1538 2634 1648 2678 absque
1660 2642 1738 2668 omni
1751 2637 1893 2679 corporali
1905 2638 1999 2670 edulio
2016 2637 2100 2668 illum

1206 2687 1364 2731 peregisse,
1392 2687 1465 2718 dum
1483 2686 1553 2718 aliis
1577 2685 1776 2719 recedentibus
1791 2711 1802 2727 ‚
1827 2686 1900 2719 aliis
1922 2685 2099 2729 succedenti-

1210 2739 1266 2771 bus
1280 2761 1291 2777 ,
1316 2741 1367 2778 qui
1376 2740 1488 2768 animae
1499 2745 1570 2767 cura
1581 2735 1776 2778 indigebant,
1803 2738 1968 2777 &quorum
1973 2734 2099 2779 salutem

1209 2786 1359 2831 quaerebat
1371 2810 1382 2826 ,
1408 2784 1614 2818 delec‘labatur
1627 2795 1659 2818 ut
1670 2785 1784 2825 caelestis
1801 2785 1955 2819 Archiater
1971 2785 2098 2827 infirmis

1209 2848 1306 2871 eorum
1316 2834 1473 2869 animabus
1486 2837 1617 2868 mederi.
1646 2838 1727 2868 Erat
1741 2841 1820 2868 enim
1827 2834 1917 2878 super
1940 2835 1990 2868 hoc
2013 2837 2098 2877 officio

1208 2889 1351 2929 deputata
1371 2891 1400 2920 ei
1416 2885 1517 2919 cellula
1530 2909 1541 2925 ‚
1566 2897 1657 2928 quam
1672 2884 1795 2926 fratres
1818 2886 2023 2927 Confhfflonem
2045 2897 2097 2920 vo-

1209 2938 1341 2976 cabant,
1365 2941 1399 2970 in
1421 2946 1480 2978 qua
1499 2943 1554 2977 per
1573 2937 1629 2969 Dei
1647 2942 1782 2980 gratiam
1802 2941 1834 2968 in
1854 2935 1888 2978 se
1908 2935 2096 2969 habitantem

1209 2989 1288 3022 idem
1312 2992 1363 3020 vir
1381 2986 1489 3019 beatus
1514 2987 1670 3019 multorum
1696 2985 1846 3017 bominum
1858 2991 2032 3020 enormitate
2036 2984 2097 3029 sce-

1210 3040 1303 3071 lerum
1329 3038 1438 3069 devias
1459 3043 1517 3076 per
1541 3036 1716 3076 confeffionis
1744 3034 1962 3077 bumilitatem,
1991 3034 2094 3078 &suae

1208 3092 1302 3129 precis
1330 3089 1577 3118 interventionem
1603 3086 1727 3116 Divinae
1754 3082 1959 3127 misericordia
1971 3085 2095 3125 restituit

1212 3143 1352 3174 animas,
1373 3133 1469 3175 fitque
1494 3144 1601 3166 revera
1627 3134 1696 3174 efflei
1722 3140 1829 3168 meruit
1852 3159 1862 3174 ‚
1888 3141 1934 3169 cui
1962 3139 2101 3172 Divinus,

1207 3186 1302 3231 sermo
1326 3191 1519 3225 competenter
1543 3185 1652 3216 diceret
1673 3197 1685 3216 .·
1721 3184 1758 3218 Sl
1794 3185 1986 3219 FECERiS
2031 3186 2095 3219 DI-

1213 3234 1366 3271 GNUM
1378 3231 1441 3266 EX
1454 3232 1667 3268 1ND1GNO
1680 3257 1690 3274 ‚
1701 3233 1854 3282 QUASI
1864 3237 1919 3270 OS
1935 3235 2094 3270 MEUM

1260 3334 1324 3368 Sed
1331 3333 1411 3375 quod
1420 3344 1550 3376 unquam
1560 3333 1666 3367 bonum
1683 3346 1740 3367 non
1745 3333 1846 3377 secuta
1856 3335 1895 3376 est
1907 3362 1916 3377 ‚
1928 3347 1963 3369 ac
1973 3335 2092 3368 aemula-

1214 3393 1247 3418 ta
1280 3385 1403 3417 invidia
1416 3384 1432 3415 ,ἕ
1458 3388 1545 3416 Nam
1581 3384 1687 3418 Clerici
1723 3387 1839 3427 multi,
1876 3397 1996 3428 quorum
2013 3382 2090 3424 prob

1212 3435 1293 3471 dolor
1306 3433 1443 3479 studium
1464 3433 1606 3476 existebat
1639 3435 1803 3470 melioribus
1828 3437 1963 3470 invidere
1983 3456 1995 3475 ‚
2031 3443 2090 3465 non

1535 3484 1568 3522 Ε
1592 3496 1610 3518 e
1660 3495 1682 3522 2
1978 3491 2039 3517 con-

2118 2814 2180 2845 Lib.
2208 2826 2233 2849 4.

2116 2863 2179 2894 cap.
2203 2865 2253 2889 27,

1467 3532 1484 3540 ι
