2352 3736
521 150 1051 194 CONCILIUM

78 240 121 272 '1²22
142 250 161 276 s
181 251 230 274 ω.
254 235 406 283 peratoris
427 230 468 266 de
489 228 672 274 publici-sin
685 228 809 272 populo
819 227 927 265 festis,
953 227 1003 260 lex
1013 222 1130 258 habet:

254 293 363 322 Nonus
389 284 453 316 dies
475 280 645 315 Decembris
666 302 677 319 ‚
704 284 775 321 quia
797 286 866 310 tunc
891 279 1050 311 Genitrict's
1074 278 1131 307 Dei

1123 144 1772 188 ΜοΰυΝτῙΝυΜ.
1895 153 1989 200 233

1188 225 1295 266 anglia
1304 229 1436 266 primum
1446 223 1587 258 celebrari
1602 232 1745 266 coeptam.
1774 223 1931 259 Attamen
1954 234 1991 260 ut
2012 224 2063 260 vei

1190 285 1221 307 ra
1232 275 1292 307 fint
1305 299 1314 314 ‚
1342 274 1400 309 ista
1413 273 1568 310 festivitas
1589 273 1675 318 apud
1688 275 1772 318 ipsos
1784 272 1880 309 debet
1904 275 2063 317 acquifito

1192 335 1244 366 per
1256 323 1476 358 Guilielmum
1487 325 1735 359 Nortmannum
1750 324 1872 369 Regno
1893 326 1957 360 effe
1972 334 2064 360 vetu-

1190 373 1287 407 stior:
1314 373 1395 408 Haec
1407 375 1497 409 enim
1512 375 1617 408 nostra
1628 374 1780 419 Synodus
1789 375 1835 409 est
1848 374 1949 420 longe
1971 384 2063 410 vetu-

1193 424 1290 464 stior,
1316 434 1413 467 atque
1437 424 1482 458 ita
1504 425 1635 459 laudem
1656 422 1742 459 hanc
1754 426 1925 459 transferet
1937 425 1970 458 in
1982 426 2062 460 Ger·

1193 485 1324 507 manos.
1355 475 1410 508 Ut
1420 484 1457 507 ut
1468 475 1505 507 fit
1517 498 1529 514 ‚
1555 485 1681 509 certum
1708 475 1753 510 est
1766 475 1881 510 festum
1901 473 1967 510 hoc
1977 473 2063 518 apud

1193 534 1362 567 utramque
1373 534 1508 567 gentem
1518 524 1704 558 constanter
1727 526 1761 559 δε
1772 525 1899 560 dudum
1910 525 2047 571 viguisse
2055 551 2062 559 .

1196 575 1247 607 De
1269 573 1440 607 Germanis
1458 573 1492 606 id
1517 583 1584 606 non
1605 573 1740 609 obscure
1762 575 1858 610 docet
1870 573 2065 610 Chronicon
2154 592 2171 609 ο

1196 622 1342 657 Ecclesiae
1362 621 1581 667 Augustanae.
1609 623 1653 657 Et
1674 625 1708 656 in
1737 627 1790 659 sua
1805 626 1987 660 oxoniensi
2006 625 2066 660 sub
2084 625 2137 660 Λῌ·
2157 627 2241 656 ¹1⁸³·

253 336 338 378 nostri
361 338 516 374 conceptio
535 330 694 364 celebratur
717 353 725 361 .
752 327 882 362 Festum
907 326 990 359 istud
1014 336 1132 368 nequa-

252 398 352 431 quam
378 383 540 422 instituit,
569 380 619 414 sed
636 380 726 422 juxta
740 377 903 411 vetustum
920 374 1050 418 Imperii
1063 385 1130 407 mo-

252 449 320 472 rem
335 435 436 470 sancit
447 433 544 467 etiam
557 430 589 464 in
604 429 726 474 populo
737 427 798 460 esse
808 425 974 460 feriatum.
998 425 1131 458 Etenim

254 486 420 530 Georgius
450 482 508 517 sub
531 478 679 515 Heraclii
699 476 841 519 Imperio
870 474 1131 509 Nicomedienfis

256 537 437 581 Episcopus
456 534 594 566 affirmat
615 529 720 572 ipsum
742 527 804 560 effe
825 537 883 558 non
895 526 1041 565 novtfflme*
1054 523 1134 563 insti·

256 597 366 623 tutum.
400 586 442 619 Et
454 580 640 616 attestantur
665 577 771 618 plures
784 576 974 609 Graecorum
997 574 1133 608 Patrum

257 638 297 671 ele
319 636 435 670 eodem
446 628 622 665 Homiliae.
649 626 694 660 Et
706 625 747 659 de
770 625 1005 659 Armeniorum
1017 622 1134 657 Archi-

257 688 409 730 eplscopo
420 708 431 724 ‚
455 681 510 724 qui
522 676 642 712 decimi
655 676 742 710 tertii
753 676 856 710 saeculi
871 686 960 715 anno
974 673 1133 716 vigefimo

258 739 373 771 octavo
396 731 486 766 venit
508 729 542 763 in
563 726 747 771 Angliam,
773 725 857 760 &ad
870 724 974 758 Sanc'ti
997 722 1065 757 illic
1078 722 1135 757 Al-

258 786 335 820 bani
347 779 584 817 Monasterium
599 802 610 818 ‚
621 776 730 811 scribit
741 775 918 810 Matthaeus
930 773 1111 807 Parifienfis
1125 787 1135 807 .-

258 841 460 876 Interrogatus
472 828 734 870 interloquendum
745 826 783 858 ab
793 836 849 858 uno
863 849 874 864 ,
899 822 1023 867 quifuit
1042 829 1069 857 ei
1080 824 1152 863 affi-¹

258 887 333 922 dens
345 883 517 918 collateralis
531 904 541 919 ‚
568 875 710 910 Monacho
721 900 731 916 ,
750 874 818 917 stin
825 874 968 918 partibus
984 871 1047 916 suis
1059 876 1138 907 Con-

258 940 351 976 ceptio
372 932 466 965 beatae
491 933 599 961 Mariae
618 926 812 960 celebraretur
824 950 833 964 ,
861 923 1009 967 respondit
1022 948 1031 964 ,
1059 925 1136 957 Cele-

258 984 362 1019 bratur
384 1008 391 1014 .
418 984 463 1014 Et
485 979 548 1013 baec
567 977 605 1018 est
627 982 722 1011 ratio:
751 978 836 1019 ,Quia
852 975 958 1018 Angelo
980 972 1156 1055 nuntiante}

252 1038 282 1084 J
288 1033 400 1066 oachim
414 1032 521 1064 dolenti
543 1030 577 1062 (π
590 1026 736 1070 desertum
756 1036 824 1059 tunc
843 1024 1050 1065 inhabitanti,
1075 1021 1139 1066 ipsa

261 1087 419 1124 conceptio
424 1080 514 1123 faila
523 1078 570 1119 est.
584 1080 603 1111 5
605 1078 724 1109 imiliter
735 1077 769 1116 (y
781 1079 940 1116 Conceptio
953 1073 1031 1113 beati
1036 1077 1069 1119 J
1071 1085 1138 1106 oan-

261 1141 310 1167 nis
324 1131 489 1175 Baptistae,
509 1129 598 1170 firnili
609 1132 738 1167 ratione.
766 1130 813 1163 De
824 1129 1016 1166 Conceptione
1040 1133 1142 1158 autem

261 1188 403 1223 Domini,
429 1193 497 1223 quae
508 1178 599 1221 sabla
612 1178 649 1218 est
663 1177 771 1220 Angelo
793 1181 993 1210 annuntiante
1009 1177 1117 1208 Mariae
1130 1198 1141 1214 ‚

261 1245 328 1276 quae
340 1238 467 1273 concepit
489 1241 524 1263 ex
537 1232 555 1261 5
553 1228 649 1269 piritu
660 1229 678 1259 5
681 1227 766 1258 amia
777 1251 788 1266 ,
815 1226 888 1257 nulli
896 1224 1035 1266 fidelium
1054 1229 1141 1258 venit

261 1284 451 1317 indubium.
478 1278 628 1312 Armenii
650 1276 728 1324 ergo,
752 1275 940 1326 abantiquo
968 1274 1140 1314 coluerunt

262 1342 326 1367 tres
348 1331 612 1374 Conceptiones.

311 1382 389 1428 Qo
401 1391 546 1423 tempore
558 1378 735 1420 Conceptae
747 1375 893 1419 Deiparae
912 1375 1028 1410 festum
1040 1385 1140 1417 coepe·

262 1434 304 1466 rit
330 1431 415 1474 apud
438 1430 577 1463 Latinos
599 1452 610 1468 ‚
636 1438 706 1461 non
727 1425 820 1470 plene
842 1425 968 1460 constat
995 1450 1004 1458 .
1030 1425 1142 1457 Exstat

264 1482 370 1518 Sancti
386 1480 534 1518 Anselrni
547 1476 695 1522 Epistola
706 1487 783 1511 cum
790 1475 856 1510 hoc
866 1474 1037 1516 Proemio:
1066 1478 1143 1506 Con-

265 1537 357 1574 ceptio
386 1530 567 1564 venerandae
603 1530 660 1560 Dei
681 1529 840 1559 Genitricis
862 1550 872 1565 ‚
899 1525 1142 1567 quemadmodum

261 1591 319 1626 per
338 1582 432 1614 multa
444 1579 591 1623 fignorum
619 1581 822 1617 experimenta
854 1582 887 1606 in
911 1574 1017 1616 Anglia
1053 1575 1087 1607 (tt
1111 1579 1142 1606 in

263 1628 418 1669 francia,
442 1626 608 1670 caeterisque
617 1625 784 1659 climatibus
808 1625 913 1657 mundi
923 1623 1099 1658 celebranda
1106 1621 1143 1663 st‘t

263 1682 417 1716 declarata
442 1703 453 1720 ,
477 1690 524 1712 me
542 1683 717 1711 narrantem
748 1676 857 1708 audiat
879 1674 1003 1707 Dilec‘iio
1026 1673 1142 1714 vestra.

264 1731 399 1769 fastum
412 1729 446 1762 in
458 1727 581 1773 Anglia
595 1725 790 1762 miraculum
803 1723 953 1771 evenisse!
968 1723 1013 1757 ait
1028 1723 1145 1756 Rame—

264 1781 356 1816 fiensi
368 1778 492 1813 Abbati
505 1777 647 1812 Hellino
659 1799 671 1816 ‚
697 1773 1055 1818 Conquaestoris¹Regis
1066 1773 1146 1807 Gui-

266 1829 368 1865 lielmi
388 1827 428 1863 ad
448 1829 565 1863 Danos
588 1826 714 1871 Legato
726 1847 737 1864 ,
763 1824 902 1868 ideoque
922 1834 1002 1858 tunc
1014 1823 1140 1858 Conce-

266 1889 328 1924 ptae
349 1880 498 1923 Deiparae
518 1877 637 1913 festum
650 1887 691 1909 ex
701 1874 816 1908 divino
828 1873 909 1917 jussu
922 1874 1015 1908 fuisse
1028 1874 1061 1907 in
1076 1872 1146 1906 An-

263 1931 334 1974 glia
346 1928 529 1963 institutum
542 1953 549 1959 .
576 1926 689 1960 Refert
699 1923 819 1958 &alias
831 1948 842 1964 ‚
855 1922 900 1959 ob
912 1935 990 1967 quas
1005 1925 1038 1957 in
1050 1924 1146 1957 Fran-

264 1978 358 2015 cia&
367 1977 567 2023 Aquilejenfi
578 1973 802 2010 Patriarchatu
813 1974 851 2007 stt
863 1973 1047 2008 institutum
1060 1973 1146 2007 idem

265 2029 405 2068 festum,
431 2027 646 2063 revelationes
668 2027 766 2059 factas
788 2032 915 2066 tempore
932 2025 1035 2059 Caroli
1048 2028 1145 2062 Fran-

265 2091 363 2114 corum
383 2082 475 2122 Regis
498 2077 684 2118 illustriffimi.
713 2075 913 2111 Earumdem
937 2075 1049 2119 vigore
1060 2073 1146 2107 idem

265 2130 332 2173 ipse
352 2129 466 2162 festum
492 2129 631 2162 innovat
663 2136 718 2170 per
740 2125 924 2161 universam
963 2123 1146 2168 Angliam.

265 2179 311 2212 Et
324 2179 453 2222 quidem
475 2178 572 2212 istum
595 2176 738 2211 Franciae
750 2176 877 2220 Regem
890 2186 958 2209 non
979 2174 1073 2207 fuiffe
1085 2185 1148 2208 rna·

265 2240 372 2273 gnum
383 2228 539 2263 carolum
553 2227 674 2262 evincit
698 2225 834 2260 adducta
848 2224 995 2260 Romani
1012 2223 1149 2258 Ordinis

262 2281 297 2311 ὅ(
313 2278 469 2313 Amalarii
485 2277 659 2312 Fortunati
671 2277 845 2312 auctoritas
856 2300 864 2307 .
893 2274 1006 2307 Etiam
1017 2273 1148 2311 Adonis

263 2326 484 2367 Viennensis,
510 2326 702 2361 &Usuardi
716 2350 726 2364 ‚
752 2328 787 2359 ὅ(
812 2323 1038 2357 Wandalberti
1059 2323 1146 2356 Mar-

263 2378 426 2422 tyrologia
439 2401 449 2416 ‚
473 2378 508 2411 &
528 2377 733 2421 Moguntina
756 2375 846 2417 istius
866 2375 1020 2417 temporis
1039 2375 1143 2416 Syno-

262 2427 324 2460 dus
337 2452 346 2467 ‚
374 2428 407 2463 ὅ(
419 2427 579 2470 Aquensis
601 2424 768 2459 Abbatum
783 2425 976 2460 Conventus
988 2449 997 2464 ,
1023 2425 1056 2457 &
1073 2424 1143 2457 He-

262 2478 345 2510 rai-di
368 2478 572 2512 Turonensis
594 2473 842 2518 Archiepiscopi
866 2474 1042 2518 Capirukr,
1067 2474 1143 2508 licet

260 2526 375 2560 omnia
396 2527 441 2562 sui
456 2527 612 2570 temporis
623 2525 701 2559 festa
722 2534 914 2560 enumerent
927 2550 937 2566 ‚
963 2523 1005 2558 de
1016 2524 1144 2558 Conce-

262 2578 386 2619 ptionis
408 2577 490 2611 sesto
514 2588 582 2611 non
607 2575 846 2609 meminerunt.
875 2575 919 2608 Et
943 2574 984 2609 de
1003 2573 1141 2609 adducta

261 2627 368 2665 Sancti
389 2625 539 2661 Anselmi
563 2625 708 2668 Epistola
729 2623 810 2659 reste
832 2623 940 2658 scribit
967 2624 1001 2656 in
1015 2623 1079 2658 suis
1102 2623 1142 2657 ad

262 2675 453 2710 Romanum
476 2675 757 2720 Martyrologium
776 2675 864 2709 notis
874 2674 1060 2708 Cardinalis
1082 2675 1144 2708 Ba-

196 2741 205 2755 r
263 2725 398 2759 tonius:
428 2731 472 2758 An
484 2726 610 2768 Anselmi
613 2725 674 2770 fit,
699 2727 719 2758 ἃ
734 2726 835 2758 multis
851 2735 953 2758 merito
975 2725 1088 2757 ducitur
1107 2730 1139 2757 in

262 2774 483 2814 controverfiam
498 2799 508 2814 ‚
533 2777 595 2809 cum
623 2775 731 2809 habeat
753 2776 847 2808 multa
863 2799 873 2815 ‚
899 2786 966 2818 quae
977 2776 1070 2807 eidem
1091 2786 1141 2806 au-

263 2826 517 2867 liortrepugnent.
549 2825 787 2872 Qidquidfit,
813 2824 898 2868 apud
913 2824 1044 2869 Anglos
1059 2826 1142 2859 antiq

263 2886 366 2918 quum
382 2875 426 2908 est
443 2873 507 2907 hoc
519 2873 633 2907 festum
649 2899 655 2905 .
684 2875 818 2910 Etenim
834 2874 874 2908 de
884 2876 974 2909 sexto
987 2873 1117 2909 decimo
1128 2900 1139 2915 ,
1157 2856 1161 2917 l

263 2926 320 2968 qui
332 2924 390 2959 sub
404 2923 540 2959 Henrici
554 2924 646 2966 primi
661 2924 780 2968 Regno
792 2924 903 2959 floruit
918 2949 928 2964 ‚
949 2925 1047 2958 suiad
1064 2921 1160 2971 san-J

264 2978 350 3009 stum
365 2974 531 3008 Albanum
546 2973 737 3006 Monasterii
752 2973 882 3008 Abbate
894 2974 1060 3008 Gaufredo
1071 2975 1160 3033 scri-4

266 3025 313 3058 bit
326 3023 504 3058 Matthaeus
513 3023 704 3060 Parifienfis:
717 3024 829 3057 Statuit
845 3028 1066 3066 conceptionem
1077 3025 1142 3059 bea·
1157 3038 1159 3068 j

265 3083 307 3108 tae
320 3078 426 3107 Mariae
437 3077 568 3117 Virginis
584 3078 615 3105 in
628 3072 860 3114 cappisfesttve
872 3074 1010 3107 celebrari
1024 3099 1031 3106 .
1060 3075 1140 3109 Non
1157 3069 1160 3108 l

265 3125 369 3167 ipsum
380 3123 492 3157 festum
505 3122 644 3156 instituit
658 3148 667 3162 ,
695 3121 747 3157 sed
765 3121 829 3164 jam
843 3124 964 3165 pridem
989 3124 1140 3159 instituto

265 3173 351 3207 hanc
362 3173 461 3207 solam
471 3172 939 3207 addiditsolemnitatemEtex
952 3171 1014 3207 hoc
1024 3173 1142 3208 statuto
1157 3191 1160 3210 :
1200 3180 1312 3218 ptentis
1332 3199 1337 3205 .

1195 673 1352 708 Honorio
1363 673 1460 707 tertio
1472 672 1633 706 celebrata
1643 673 1781 716 Synodo
1801 675 1912 710 statuit
1934 676 2068 721 Stepha-

1196 734 1255 757 nus
1278 718 1531 756 Cantuarienfis‘
1543 721 1839 766 Archiepiscopus:
1865 729 1974 759 Omnia
1985 726 2023 768 fe
2047 739 2067 760 a

1196 776 1305 807 Beatae
1318 770 1487 814 Mariaesub
1498 777 1576 803 omni
1588 778 1774 806 veneratione
1781 772 1940 815 serventur
1954 800 1964 816 ,
1985 785 2069 818 prae-

1195 834 1240 857 ter
1244 821 1354 864 festum
1369 826 1574 864 Conceptionis
1587 848 1597 863 ,
1623 825 1707 864 cujus
1729 823 1916 857 celebrationi
1935 832 1993 858 non
2015 832 2070 859 im-

1192 879 1314 916 ponitur
1338 873 1498 913 neceffitas.
1526 873 1601 907 Esse
1613 873 1718 908 voluit
1729 872 1869 911 liberum
1889 874 1924 908 in
1947 876 2070 919 populo

1198 923 1312 958 fesium
1327 947 1338 962 ,
1363 923 1413 957 uti
1427 923 1460 957 in
1473 922 1534 957 hac
1546 923 1688 958 Dioecefi
1701 923 1746 958 est
1760 923 1877 958 festum
1889 925 1920 959 S.
1933 924 2071 969 Josephi.

1200 978 1246 1008 Ar
1270 974 1347 1007 vero
1370 973 1411 1007 de
1431 973 1498 1016 ejus
1520 973 1560 1007 ad
1571 972 1808 1018 quartidecimi
1828 974 1934 1008 saeculi
1947 986 2073 1010 annum

1200 1023 1391 1069 vigesimum
1410 1024 1560 1057 octavum
1586 1025 1761 1059 successore
1791 1025 1928 1060 Simone
1962 1025 2074 1060 scribit

1199 1075 1352 1116 Thomas
1384 1072 1574 1112 Monachus
1597 1074 1904 1119 Walfinghamenfis
1925 1089 1936 1109 .·
1973 1078 2074 1109 simon

1202 1122 1438 1167 archiepiscopus
1456 1123 1565 1164 statuit
1586 1125 1624 1157 de
1645 1123 1782 1168 consensu
1809 1127 1952 1167 concilii,
1977 1136 2012 1159 ut
2024 1126 2075 1167 fe-

1196 1175 1276 1216 stum
1296 1178 1503 1216 Conceptionis
1526 1176 1637 1208 Beatae
1647 1179 1757 1208 Mariae
1773 1173 1942 1218 solemniter
1959 1176 2077 1215 celebre-

1202 1236 1267 1258 tur.
1299 1224 1348 1258 Ex
1359 1225 1484 1269 Anglia
1498 1224 1680 1259 traductum
1692 1226 1738 1259 est
1750 1225 1791 1260 ad
1804 1225 1911 1260 eidem
1922 1226 2077 1260 Domino

1205 1275 1373 1318 thbjeetam
1393 1274 1655 1315 Normandiam2
1684 1275 1739 1309 Ad
1759 1275 1949 1315 duodecimi
1973 1275 2080 1310 saeculi

1206 1326 1302 1358 finem
1326 1325 1419 1359 fuisse
1441 1325 1513 1359 istic
1537 1326 1719 1360 universale
1739 1349 1750 1365 ‚
1777 1326 1863 1370 apud
1885 1325 2079 1370 Philippum
2098 1346 2132 1374 A·
2153 1351 2238 1380 1197·

1204 1375 1315 1409 Labbe
1334 1375 1480 1408 ostendit
1505 1374 1700 1411 Chronicon
1728 1376 1879 1410 Ecclesia:
1899 1375 2084 1411 Rothoma-

1203 1425 1322 1470 gensis.
1351 1425 1402 1457 Ex
1425 1423 1631 1462 Normandia
1654 1427 1689 1460 in
1705 1426 1879 1460 Franciam
1900 1426 2012 1466 venit,
2037 1436 2084 1460 et-

1205 1476 1267 1509 iam
1293 1475 1328 1507 in
1347 1472 1571 1507 primatialem
1595 1474 1852 1519 Lugdunensem
1879 1475 2085 1516 Ecclesiam,

1205 1524 1369 1559 induciam
1395 1524 1491 1558 variis
1505 1523 1710 1564 rationibus,
1740 1536 1883 1560 necnon
1910 1526 1944 1560 δε
1965 1526 2087 1560 revela·

1204 1573 1371 1612 tionibus,
1398 1584 1520 1617 quaean
1533 1572 1673 1608 fintistae
1689 1575 1783 1618 ipsae,
1811 1586 1890 1619 quas
1918 1577 2013 1610 refert
2033 1575 2087 1609 ad-

1205 1626 1320 1667 scripta
1343 1623 1460 1658 Sansto
1483 1623 1644 1658 Anselmo
1670 1624 1842 1668 Epistola,
1871 1636 1940 1659 non
1959 1626 2088 1670 poss‘um

1204 1676 1380 1708 affirmare.
1410 1673 1584 1719 Qudquid
1597 1675 1633 1707 sit
1646 1698 1656 1714 ,
1684 1676 1825 1719 graviter
1843 1674 1911 1710 haec
1923 1676 2090 1720 improba-

1207 1726 1253 1758 vit
1265 1725 1398 1758 Sanetus
1410 1723 1591 1758 Bernardus
1604 1749 1615 1764 ‚
1641 1723 1804 1768 distasque
1817 1726 1960 1761 rationes
1986 1738 2024 1760 ac
2043 1737 2089 1760 re·

1207 1774 1385 1808 velationes
1396 1775 1510 1808 acriter
1524 1774 1640 1808 invasit
1653 1786 1709 1818 per
1720 1774 1815 1810 hasce
1835 1776 1875 1810 ad
1887 1776 2090 1821 Lugdunen-

1207 1826 1271 1858 sem
1283 1824 1459 1858 Ecclesiam
1471 1825 1612 1858 litteras:
1641 1829 1724 1858 Inter
1742 1826 1885 1868 Ecclefias
1901 1828 2012 1860 Galliae
2024 1838 2089 1860 con-
2105 1827 2228 1865 bip-174·

1198 1874 1260 1916 stat
1279 1874 1408 1916 profeci&
1433 1871 1658 1919 Lugdunensem
1678 1874 1822 1910 hactenus
1852 1878 2089 1920 praeeminuisse,

1199 1925 1272 1968 ficut
1282 1926 1429 1967 dignitate
1438 1924 1521 1968 sedn
1533 1950 1543 1965 ‚
1562 1924 1602 1966 fic
1614 1925 1735 1966 honestis
1744 1926 1856 1966 studiis
1868 1952 1877 1966 ‚
1907 1929 1942 1961 (vt
1952 1928 2090 1961 laudabi-

1205 1976 1283 2008 libus
1294 1974 1438 2016 institutis
1451 2001 1457 2007 .
1487 1975 1541 2007 Ubi
1554 1980 1634 2008 enim
1643 1977 1727 2018 aeque
1737 1981 1836 2020 vigint
1846 1975 2013 2019 disciplinae
2026 1990 2091 2012 cen.

1202 2025 1276 2070 sura
1286 2051 1296 2066 ,
1320 2037 1434 2059 morum
1442 2031 1587 2069 gravitas
1599 2051 1610 2066 ‚
1635 2032 1800 2060 maturitas
1814 2025 1987 2068 confiliorum
1998 2052 2009 2067 ‚
2035 2039 2089 2061 au-

1206 2076 1354 2109 &ornatis
1371 2078 1512 2118 pondus,
1538 2080 1732 2118 antiquitatis
1754 2075 1887 2120 infigne?
1914 2076 2091 2120 Praesertim

1206 2131 1238 2158 in
1247 2127 1345 2167 officiis
1358 2124 1560 2167 Ecclefiasticis
1573 2125 1659 2159 baud
1659 2126 1755 2168 facili
1770 2138 1900 2168 unquam
1922 2134 2089 2169 repentinis

1206 2173 1272 2217 visa
1293 2175 1330 2215 est
1353 2176 1571 2209 nativitatibus
1599 2175 1776 2219 acquiescere
1790 2201 1801 2216 ,
1827 2188 1878 2210 nec
1883 2176 1917 2220 se
1928 2179 2093 2220 aliquando

1199 2226 1335 2266 ‚iuvenili
1353 2227 1440 2268 paffa
1452 2224 1489 2265 est
1504 2226 1665 2259 decolorari
1673 2227 1802 2260 levitate
1815 2251 1827 2267 ,
1850 2227 1978 2269 Ecclesia
1997 2229 2091 2269 plena

1200 2277 1308 2317 judicii
1319 2300 1326 2306 .
1353 2276 1438 2308 Unde
1453 2280 1597 2308 miramur
1604 2275 1685 2319 satis
1696 2301 1707 2318 ,
1733 2277 1810 2320 quid
1824 2277 1923 2320 visum
1928 2278 2026 2319 fuerit
2038 2278 2092 2312 boc

1207 2334 1334 2367 tempore
1354 2324 1530 2368 quibusdam
1553 2326 1680 2367 vestrum
1706 2327 1822 2370 voluiffe
1841 2336 1958 2362 mutare
1969 2330 2089 2362 colorem

1206 2381 1349 2418 optimum
1360 2401 1370 2416 ‚
1398 2387 1509 2409 novam
1523 2377 1688 2410 inducendo
1700 2378 1898 2411 celebritatem
1911 2402 1921 2418 ‚
1949 2390 2040 2421 quam
2049 2384 2090 2411 ri-

1207 2435 1254 2458 tus
1266 2424 1400 2467 Ecclefiae
1411 2425 1503 2469 nescit
1516 2451 1526 2467 ‚
1553 2438 1612 2459 non
1619 2426 1728 2469 probat
1744 2433 1820 2460 ratio
1831 2454 1841 2469 ‚
1868 2440 1926 2461 non
1947 2440 2089 2462 commen-

1207 2477 1264 2510 dat
1274 2482 1401 2518 antiqua
1414 2478 1540 2509 traditio
1553 2502 1560 2509 .
1588 2478 1755 2519 Numquid
1763 2478 1904 2511 Patribus
1923 2479 2065 2512 doc‘liores
2075 2504 2088 2520 ,

1207 2534 1260 2559 aut
1286 2527 1450 2560 devotiores
1472 2525 1577 2569 sumus
1606 2527 1623 2558 ἒ
1649 2529 1809 2562 Periculose*
1842 2527 2052 2570 praesumimus
2073 2554 2086 2570 ,

1206 2577 1353 2618 quidquid
1374 2575 1502 2619 ipsorum
1521 2581 1554 2609 in
1574 2577 1686 2610 talibus
1701 2579 1871 2620 prudentia
1886 2584 2085 2620 praeterivit.

1207 2626 1252 2659 Et
1273 2627 1354 2661 infra
1369 2640 1381 2659 .·
1407 2628 1440 2661 st
1454 2625 1494 2668 fic
1514 2626 1695 2669 videbatur,
1719 2626 1892 2671 consulenda
1920 2638 1984 2662 erat
1996 2630 2086 2671 pria:

1205 2675 1368 2717 Apostolicae
1377 2679 1397 2709 5
1398 2677 1462 2709 edis
1474 2677 1637 2710 auHoritas
1650 2702 1660 2718 ,
1685 2679 1720 2711 67
1735 2684 1848 2711 nonita
1856 2683 2086 2720 praecipitanter

1205 2734 1293 2767 atque
1316 2725 1472 2768 inconsulte
1479 2735 1641 2768 paucorum
1646 2726 1799 2770 sequenda
1804 2727 1977 2770 simplicitas
1993 2733 2087 2769 impe-

1205 2781 1328 2809 ritorum
1348 2800 1355 2807 .
1394 2779 1440 2808 Et
1465 2778 1538 2810 ante
1571 2779 1690 2819 quidem
1718 2779 1802 2820 apud
1828 2779 1939 2820 aliquos
1958 2788 2086 2812 errorem

1205 2834 1399 2868 compereram
1413 2850 1424 2866 ,
1445 2824 1504 2869 sed
1513 2826 1723 2866 drfflmulabam
1733 2853 1743 2868 ,
1766 2835 1895 2870 parcens
1908 2829 2081 2868 devotioni,

1205 2888 1271 2919 quae
1292 2877 1329 2910 de
1342 2875 1467 2919 fimplt'ci
1478 2878 1562 2910 corde
1589 2878 1623 2911 (rt
1643 2889 1741 2912 amore
1754 2883 1886 2922 Virginis
1919 2877 2061 2912 veniebat
2073 2902 2081 2910 .

1205 2928 1314 2961 Verum
1334 2928 1418 2969 apud
1431 2924 1607 2969 sapientes,
1634 2937 1725 2971 atque
1747 2934 1779 2961 in
1793 2926 1914 2970 famosa
1937 2927 2082 2970 nobilique

1205 2975 1355 3017 Ecclesia,
1381 2978 1416 3011 (τ
1439 2979 1521 3018 cujus
1538 2976 1707 3021 specialiter
1720 2977 1804 3018 filius
1820 2976 1890 3020 sum
1911 3001 1922 3017 ‚
1943 2975 2080 3020 supersti-

1204 3033 1282 3059 tione
1302 3025 1486 3068 deprehensa
1496 3050 1507 3066 ,
1533 3026 1626 3070 nescio
1649 3026 1756 3067 anfine
1763 3033 1857 3070 gravi
1870 3026 1979 3070 offensa
1988 3032 2081 3063 etiam

1206 3075 1291 3115 vestri
1314 3081 1443 3107 omnium
1470 3077 1641 3115 diffimulare
1653 3082 1802 3118 potuerim
1827 3101 1833 3108 .
1878 3079 1959 3121 ,Quae
1979 3086 2082 3112 autem

1205 3128 1293 3163 dixi,
1320 3123 1429 3166 absque
1443 3126 1618 3167 praejudicto
1632 3124 1710 3168 sane
1732 3126 1814 3159 dicta
1832 3126 1891 3168 lint
1907 3126 2014 3170 sanius
2031 3126 2086 3171 sa·

1367 3177 1511 3207 Romanae
1520 3173 1690 3218 praesert‘rm
1699 3179 1730 3208 E
1732 3175 1832 3217 cclest'ae
1843 3176 2011 3211 auctoritati
2035 3187 2084 3210 at-

266 3223 407 3258 omnine
420 3223 539 3265 prodiit
551 3223 820 3266 supralaudatum
833 3221 1033 3265 colloquium
1047 3211 1160 3258 Alba-l
1203 3237 1257 3268 que
1266 3228 1396 3258 examini
1405 3232 1497 3257 totum
1507 3223 1557 3257 boc
1568 3250 1577 3265 ,
1593 3224 1667 3267 ficut
1679 3227 1713 3261 ό*
1724 3236 1852 3268 canera,
1862 3239 1929 3271 quae
1940 3227 2083 3273 ejustnodi

266 3274 372 3310 nensis
393 3271 555 3306 Monachi
580 3284 658 3307 cum
682 3270 943 3314 Archiepiscopo
971 3273 1159 3307 Armenio·¹
1199 3274 1296 3317 sunt,
1322 3272 1465 3316 universa
1476 3272 1607 3317 reservo:
1638 3275 2084 3322 Ipfius,fiquidditersapio‚

267 3334 359 3362 rum.
387 3323 498 3366 Quare
520 3322 631 3358 &veri
643 3322 777 3366 speciem
792 3320 912 3355 liabent
938 3321 1004 3355 haec
1023 3322 1159 3371 laudati¹
1200 3334 1329 3366 paratus
1346 3326 1462 3364 ‚iudicio
1485 3327 1662 3359 emendare.
1692 3325 1746 3360 Ex
1770 3339 1837 3372 quo
1858 3328 1944 3363 lucet
1963 3329 2083 3362 festum

270 3372 456 3418 Cardinalis
480 3371 613 3405 Batonii
642 3371 735 3406 verba
759 3385 765 3404 ε
794 3375 846 3404 Ex
877 3370 980 3414 quibus
1012 3372 1143 3408 omnibus
1206 3375 1268 3408 hoc
1292 3373 1310 3405 ὲ
1332 3375 1485 3408 Romana
1508 3385 1588 3408 tunc
1602 3375 1742 3410 Ecclesia
1766 3376 1905 3413 necdum
1927 3377 2018 3411 fuisse
2029 3375 2082 3409 ad-

265 3421 343 3469 satls
366 3431 543 3464 compertum
561 3420 683 3454 babetur
703 3446 713 3461 ,
739 3420 880 3463 ejusmodi
901 3421 1098 3459 celebritatem
1112 3429 1143 3456 in
1157 3416 1160 3459 l
1205 3425 1352 3464 missum.
1383 3423 1474 3472 Qun
1489 3425 1556 3460 imo
1579 3436 1639 3460 trra
1652 3425 1821 3464 dumtaxat
1832 3428 1978 3471 Deiparae
2000 3424 2082 3460 festa

369 3473 476 3513 Cbrij‘l.
492 3476 571 3515 Lupi
584 3476 669 3515 Oper.
682 3475 758 3505 Tom.
770 3475 820 3506 JV.

1606 3475 1637 3510 G
1663 3487 1686 3522 g
1967 3474 2034 3511 coli
