2352 3736
74 734 131 764 Tit.
163 737 189 763 6.
204 743 231 763 c.

76 783 182 850 {13.0
205 825 230 842 2.

79 1387 151 1424 Cap.
187 1394 233 1414 ιι.

77 1436 120 1460 14·

80 1690 143 1721 Lib.
166 1701 192 1721 ι,

73 1738 125 1774 qu.
146 1741 174 1767 5-

70 1772 129 1800 Tit.
156 1781 187 1809 3.
207 1780 235 1802 c.

73 1926 132 1958 Lib-
152 1936 182 1960 7.
205 1936 230 1957 c.

622 161 1036 209 REMENSE

249 356 280 399 pi
287 356 418 396 scopum
429 351 463 384 in
475 349 634 393 opusculo
644 348 684 382 de
695 345 989 382 Ecclefiasticarum
1014 354 1119 377 rerum

248 402 488 447 dispensatione
515 400 670 433 dixerunt
692 407 758 431 non
795 394 1000 437 recipiendos
1030 417 1044 449 .'
1080 404 1120 426 eo

250 454 342 499 quod
354 451 499 486 Romani
514 449 629 493 Legati
641 447 712 491 ipfis
731 443 914 479 condendis
933 455 1002 477 non
1029 451 1124 476 mter·

250 505 402 540 fuissent.
430 499 604 549 quuid
624 498 683 535 fit,
709 493 896 537 posteriores
920 492 1055 549 Synodi·
1070 503 1126 527 eos

251 554 393 589 omnino
405 550 617 586 exsufflarunt
626 571 634 579 .
665 544 798 579 Etenim
811 544 828 576 a
842 543 936 578 Patre
949 544 1007 577 suo
1018 542 1128 586 Pippi-

251 617 298 638 no
321 605 356 638 ὅ(
376 603 495 636 ὃιῐιᾶο
509 598 656 639 Martyre
671 594 847 628 Bonifacio
873 603 1014 636 coeptam
1036 592 1128 634 lapsae

250 653 428 698 disciplinae
466 646 736 683 reformationem
764 645 960 687 prosequens
988 641 1128 675 Carolus

251 705 396 749 Magnus
408 697 519 732 statuit
532 698 566 730 in
577 697 635 730 suo
649 694 902 739 Aquisgranenfi
927 690 1108 735 Capitulari
1121 704 1128 723 ε

252 761 318 789 Nec
327 761 399 786 uxor
409 750 429 780 ἃ
441 753 508 780 viro
517 746 634 789 dimiffa
645 746 738 778 alium
749 749 877 785 accipiat
895 747 996 776 virum
1006 746 1129 775 vivente

251 810 318 839 viro
321 800 397 844 suo,
417 809 469 831 neo
480 802 531 830 vir
542 798 634 829 aliam
644 799 771 839 accipiat
791 800 916 826 vivente
938 803 1028 824 uxore
1049 797 1129 833 prio-

251 861 296 887 ri.
324 848 487 892 Loquitur
496 847 599 881 etiam
608 845 649 880 de
659 845 746 878 fatto
756 842 802 877 ob
812 842 1011 877 adulterium
1022 841 1129 875 divor-

248 904 299 937 tio
311 926 319 933 .
347 897 498 933 Edictum
515 897 607 930 enim
618 893 836 929 suumfundat
848 893 883 926 in
906 891 1049 935 superius
1077 890 1129 925 ad-

249 951 348 986 dusto
370 950 512 983 Canone
535 944 787 989 Carthaginensi
802 968 809 975 .
835 942 941 990 Qod
967 941 1069 984 ipsum
1093 941 1127 974 in

248 1001 349 1036 tertio
364 1000 422 1033 suo
433 996 614 1040 Capitulari
629 996 734 1028 firmat
750 993 938 1027 Ludovicus
960 991 1058 1025 Pius.
1086 991 1130 1023 Et

250 1050 361 1085 habita
372 1049 431 1083 sub
442 1048 511 1092 ipso
521 1047 612 1080 sexta
626 1044 809 1077 Parifienfis
819 1042 972 1085 Synodus
997 1041 1108 1074 statuit
1121 1053 1128 1072 z

251 1103 318 1144 ‚Qui
337 1098 430 1143 causa
432 1097 642 1141 fornicationis
667 1094 786 1133 dimiffls
809 1091 948 1125 uxoribus
957 1089 1023 1133 suis
1048 1092 1128 1124 alias

252 1153 362 1183 ducunt
381 1172 391 1189 ,
431 1152 551 1181 Domini
572 1143 725 1189 sententia
745 1143 871 1176 adulteri
891 1142 945 1184 effe>
965 1149 1127 1174 notantur.

252 1201 356 1248 Qod
368 1200 471 1243 ipsum
484 1198 642 1231 statutum
653 1193 746 1227 fuisse
756 1193 774 1225 a
786 1193 923 1226 sec-unda
934 1215 944 1230 ‚
970 1191 1023 1224 cui
1038 1191 1131 1233 Joan-

253 1262 310 1284 nes
331 1251 463 1283 ostavus
476 1245 632 1279 Pontifex
656 1243 819 1287 praesedit,
848 1241 1002 1274 Trecenfi
1022 1241 1125 1283 Syno-

250 1300 315 1340 do,
342 1300 387 1333 est
414 1296 506 1340 supra
530 1295 694 1328 ostensum
715 1318 722 1324 .
765 1291 989 1325 Lucidiffimisv
1024 1290 1130 1324 verbis

256 1347 466 1383 confirmavit
500 1347 600 1380 etiam
627 1342 856 1377 Namnetenfis
872 1338 1024 1384 Synodus
1040 1353 1051 1372 .·
1077 1343 1130 1371 Vir

252 1399 376 1442 dimiffae
386 1397 420 1430 ob
430 1397 610 1429 adulterium
623 1398 724 1426 uxoris
738 1416 749 1432 ,
782 1393 835 1425 illa
858 1396 1011 1430 vivente,
1036 1390 1130 1422 nulla·

252 1458 338 1482 tenus
349 1449 443 1481 aliam
452 1451 578 1487 accipiat
597 1468 605 1475 .
621 1443 733 1476 Similis
738 1440 843 1482 forma
852 1440 886 1473 (θ’
899 1445 932 1472 in
942 1440 1061 1473 muliere
1067 1438 1130 1482 fir-

252 1499 375 1532 vabitur
393 1522 404 1537 ‚
423 1495 453 1538 fi
467 1506 533 1529 eam
555 1499 605 1527 vir
627 1494 693 1534 ejus
715 1491 904 1523 adulteravit
926 1514 935 1522 ,
963 1490 1046 1522 Eam
1067 1489 1130 1522 effe

252 1559 374 1582 certam
389 1545 558 1588 Evangelii
572 1543 678 1587 legem
690 1565 701 1582 ‚
726 1540 850 1583 ipsique
863 1549 980 1572 omnes
992 1538 1131 1581 Scriptu-

252 1608 303 1631 ras
315 1621 325 1636 ,
352 1596 462 1629 Patres
473 1617 483 1633 ,
493 1594 526 1627 ὅ(
538 1593 695 1626 Canones
708 1590 888 1624 consonare
903 1588 1072 1621 affirmavit
1095 1587 1130 1620 in

250 1646 344 1681 libris
354 1644 394 1680 de
407 1644 557 1680 Lotharii
572 1643 673 1686 Regis
686 1640 829 1674 divortio
845 1664 854 1679 ,
883 1650 978 1681 atque
1002 1637 1130 1681 insigni-

252 1706 301 1731 ter
312 1695 512 1730 demonstrat
525 1693 726 1727 Hincmarus
751 1689 967 1732 Metropolita
990 1688 1132 1721 Remen—

252 1747 291 1780 fis
302 1771 309 1778 .
339 1747 382 1780 Et
394 1747 426 1779 in
441 1746 499 1778 suo
511 1742 690 1785 Capitulari
706 1740 790 1773 Isaac
803 1738 1018 1783 Lingonenfis
1041 1738 1132 1781 Epis-

253 1807 379 1840 copus:
405 1799 459 1827 Vir
469 1792 591 1836 dimiffae
603 1792 638 1825 ob
648 1792 830 1824 adulterium
852 1794 953 1822 uxoris
968 1812 978 1828 ‚
1005 1789 1058 1820 illa
1084 1794 1131 1820 vi-

254 1855 344 1880 vente
363 1870 374 1886 ,
403 1844 573 1878 nullatenus
593 1841 703 1875 babeat
724 1841 875 1874 licentiam
897 1841 998 1872 ducere
1019 1838 1129 1869 aliam.

253 1895 354 1938 Apud
365 1892 563 1938 Ansegisum
574 1891 770 1925 Lobiensem
783 1887 947 1924 Abbatem
968 1887 1015 1921 est
1035 1886 1131 1930 Capi·

250 1945 360 1980 tulum
371 1942 484 1977 Caroli
495 1942 634 1986 Magni.
662 1939 833 1974 Necaliud
846 1950 922 1972 cum
936 1938 999 1971 suis
1028 1938 1132 1980 Syno-

250 1994 303 2029 dis
323 1993 417 2028 sensit
437 1991 598 2038 gloriosus
620 1989 731 2024 noster
749 1987 928 2032 Apostolus
948 1988 983 2021 δε
1005 1987 1132 2029 Martyr

250 2043 462 2079 Bonifatius:
474 2041 662 2076 Libertinos
674 2040 708 2074 δε
720 2049 856 2073 omnem
866 2036 932 2072 fere
941 2035 1130 2071 Christiani-

251 2102 352 2129 tatem
363 2102 481 2128 exutos
491 2093 648 2126 Parentes
663 2089 790 2124 nostros
802 2087 897 2132 plene
908 2097 1050 2130 reparare
1061 2087 1129 2119 uni-

252 2156 295 2178 co
308 2144 442 2180 instanti
454 2154 520 2177 non
535 2143 643 2185 potuit
655 2165 666 2181 ,
677 2139 814 2183 ideoque
825 2138 908 2172 duro
920 2136 1053 2170 illorum
1063 2147 1133 2170 cor-

253 2193 289 2227 di
301 2193 342 2227 ad
353 2192 601 2236 tempusaliqua
612 2190 752 2224 divortia
775 2186 1005 2232 dispensatorie
1028 2185 1133 2219 indul-

256 2242 314 2276 fit.
339 2242 426 2290 Qae
447 2242 588 2275 omnino
610 2242 672 2273 fuit:
697 2250 787 2273 mens
797 2238 897 2272 etiam
911 2235 1064 2280 Gregorii
1091 2237 1134 2269 se-

256 2291 358 2336 cundi
383 2315 394 2331 ‚
429 2292 464 2324 &
489 2289 697 2334 quorundam
718 2289 860 2322 aliorum
902 2286 1131 2320 Romanorum

255 2340 477 2376 Pontificum.

305 2389 356 2424 At
367 2391 492 2433 inquies
503 2390 656 2425 Sanctum
668 2389 828 2433 Joannem
850 2384 1129 2430 Chrysostomum

256 2440 350 2485 ioqui
360 2439 507 2474 adversus
519 2439 623 2474 solum
634 2450 676 2473 ex
696 2439 759 2472 alia
780 2448 879 2483 quam
904 2436 1132 2471 fornicationis

255 2491 350 2525 causa
367 2489 555 2532 repudium.
582 2489 718 2524 Etenim
740 2489 775 2522 in
793 2486 931 2522 laudatis
953 2486 994 2520 de
1015 2485 1131 2520 ducen-

256 2539 425 2575 daeuxoris
446 2538 679 2583 qualitatibus,
704 2539 737 2572 ὅ(
763 2537 915 2572 adversus
938 2536 1128 2579 desperatio-

257 2602 335 2624 nem
351 2589 554 2624 sermonibus
575 2587 691 2624 diserte
712 2587 820 2622 scribit
839 2611 850 2628 ,
882 2586 971 2630 quod
996 2586 1042 2620 ob
1063 2586 1132 2619 nul-

258 2638 330 2672 lum
340 2663 350 2678 ,
365 2640 421 2673 nifi
437 2641 543 2674 solum
554 2638 767 2683 impudicitiae
778 2637 895 2671 vitium
910 2636 1029 2670 Paulus
1042 2635 1133 2679 Apo-

258 2687 360 2721 stolus
370 2690 532 2731 permittat
543 2688 664 2732 expelli
674 2699 832 2727 uxorem,
858 2687 892 2721 &
914 2686 1011 2720 aliam
1032 2685 1134 2720 intro-

258 2737 355 2771 duci.
381 2738 423 2770 Et
436 2738 470 2771 in
481 2738 605 2773 decima
628 2749 714 2772 nona
738 2739 828 2780 super
846 2738 982 2780 primam
1005 2736 1045 2770 ad
1065 2736 1135 2769 Co·

259 2786 400 2821 rinthios
411 2787 587 2829 Epistolam
601 2788 750 2822 Humilia
771 2786 943 2832 distinguit
965 2786 1049 2820 inter
1060 2786 1130 2819 infi-

259 2836 411 2871 delem&
431 2836 608 2870 adulteram
631 2848 788 2878 uxorem,
814 2835 898 2871 hanc
925 2837 1028 2870 solam
1052 2836 1134 2870 affir-

260 2895 327 2920 mat
337 2885 424 2928 posse
436 2885 530 2928 ejici,
557 2885 591 2919 &
612 2886 701 2922 addit
718 2888 867 2922 causam:
894 2888 978 2929 ,Quia
997 2888 1067 2927 jam
1087 2885 1133 2929 so-

262 2938 354 2970 lutum
372 2934 409 2976 est
434 2939 652 2968 matrimonium
671 2960 679 2967 .
705 2936 749 2969 Et
768 2937 850 2970 infr&
878 2948 885 2967 :
914 2935 978 2974 Pol}
1000 2935 1134 2976 fornica-

262 2992 369 3021 tionem
393 2990 521 3018 maritus
548 2996 605 3017 non
631 2983 824 3024 estmaritus.
853 2985 1052 3028 Respondeo
1064 2985 1130 3020 haec

263 3033 383 3078 abipso
396 3036 431 3069 in
443 3035 554 3070 eadem
571 3034 722 3068 Homilia
732 3031 872 3077 exponi:
904 3036 1047 3069 Adultera
1071 3048 1135 3070 ma·

263 3089 356 3118 ritum
378 3085 507 3120 dedecore
527 3083 645 3126 offecit,
668 3083 754 3125 falia
777 3082 814 3123 cst
834 3086 955 3119 alterius
971 3109 981 3126 ‚
1007 3087 1042 3120 Θ
1063 3087 1129 3120 abo-

363 3482 471 3524 Cbrtss.
486 3486 565 3527 Lupi
577 3488 665 3529 oper.
678 3483 753 3518 Tom.
765 3487 817 3517 IV.

1106 161 1665 209 CONCI'LruM.

250 264 350 290 nones
361 252 434 285 sunt
445 248 533 293 parvi
545 248 712 293 ponderis.
744 247 791 280 Hi
806 247 894 280 enim
919 246 992 278 sunt
1003 269 1013 284 ,
1028 254 1123 295 squos

250 303 383 348 quidam
390 300 476 344 apud
487 297 704 343 Agobardum
719 296 974 341 Lugdunensem
987 290 1121 328 Archie-

1906 177 1996 221 195

1179 245 1253 277 levit
1258 247 1334 284 Jura
1358 249 1556 291 Matrimonii.
1587 244 1850 289 Utiquequoad
1873 243 2007 280 thorum
2025 247 2059 282 &

1181 292 1462 330 cohabitationem
1487 321 1493 328 .
1520 287 1624 330 ”Hinc
1651 297 1684 329 δε
1721 296 1880 340 trigesum
1907 296 2062 332 Homilia

1184 343 1362 376 introducit
1376 345 1562 388 loquentem
1584 346 1782 380 Dominum:
1818 348 1849 377 si
1870 347 2009 380 adultera
2020 346 2060 389 fit

1184 393 1303 434 mulier,
1323 401 1443 428 minime
1454 404 1483 428 te
1493 408 1561 440 cogo
1571 404 1602 429 ut
1612 407 1676 429 cum
1697 407 1732 429 ea
1752 395 1868 428 habites
1884 408 1893 438 ;
1914 397 1944 437 fi
1957 396 2064 439 infide-

1183 443 1222 475 lis
1235 468 1245 483 ,
1271 454 1328 476 non
1344 445 1484 485 prohibeo
1503 470 1510 477 .
1541 447 1628 479 Nam
1649 446 1756 480 laesum
1779 445 1878 479 etiam
1901 445 2063 481 adulterio

1188 494 1356 527 vinculum
1377 494 1440 527 sola
1476 506 1581 529 morte
1602 496 1683 529 solvi
1703 495 1749 530 est
1773 496 1865 539 supra
1886 495 2063 539 professus.

1189 544 1230 576 Et
1244 544 1332 587 quod
1346 544 1493 591 quaedam
1506 544 1638 577 Patrum
1650 545 1834 580 locutiones
1857 543 1912 580 hic
1933 546 2066 590 cespita-

1189 605 1219 626 re
1257 592 1428 627 videantur
1450 618 1459 632 ,
1499 605 1567 627 non
1603 594 1649 627 est
1671 596 1875 629 mirandum.
1908 595 2066 631 Utuntur

1186 644 1276 676 enim
1290 641 1392 685 phrafi
1410 643 1607 687 Evangelica
1620 666 1630 681 ,
1654 654 1723 685 quae
1734 646 1876 679 omnino
1889 645 1987 680 habet
2009 646 2066 680 ali-

1187 692 1267 735 quid
1278 692 1482 727 obscuritatis
1499 717 1507 724 .
1536 692 1623 726 Aliis
1634 704 1803 736 parumper
1816 695 1921 729 verbis
1929 697 2064 733 Sandius

1188 741 1386 781 Matthaeus,
1414 742 1486 775 aliis
1510 742 1644 776 Sanctus
1657 743 1808 783 Marcus,
1836 744 1908 778 aliis
1931 745 2068 780 Sanetus

1189 792 1292 825 Lucas
1301 817 1311 832 ‚
1321 791 1394 825 aliis
1403 791 1436 825 in
1451 792 1551 835 prima
1563 793 1603 826 ad
1617 791 1813 826 Corinthios
1824 793 1970 836 Epistola
1984 795 2069 829 Pau·

1190 842 1237 877 lus
1251 841 1430 884 Apostolus
1441 842 1503 876 fuit
1514 843 1589 877 usus
1604 867 1614 883 ,
1642 843 1782 886 ideoque
1803 844 1939 877 sanstus
1957 843 2069 889 Augu-

1190 892 1291 924 stinus
1304 892 1505 936 singulorum
1520 892 1615 927 verba
1629 893 1780 937 producit
1792 904 1830 927 ac
1839 893 1972 928 discutit
1983 895 2018 927 in
2031 894 2071 928 li-

1189 941 1253 976 bris
1265 941 1305 975 de
1319 942 1509 977 adulterinis
1520 944 1685 988 conjugiis
1696 967 1707 983 ‚
1734 944 1768 977 ὅ(
1787 942 1927 978 advertit
1950 944 2069 988 palma-

1188 1003 1256 1025 rem
1269 991 1494 1026 difficultatem
1506 995 1568 1027 effe
1580 994 1620 1027 de
1634 993 1741 1027 sanni
1764 993 1916 1028 Matthaei
1939 994 2043 1028 verbis
2056 1008 2068 1028 .-

1189 1043 1373 1085 ‚Quicumque
1385 1041 1529 1085 dimiserit
1544 1055 1663 1076 uxorem
1668 1042 1756 1086 fitam
1767 1068 1777 1084 ,
1790 1043 1847 1086 nist
1853 1043 2072 1086 obfornicatio-

1190 1103 1260 1125 nem
1270 1116 1280 1131 ‚
1292 1093 1327 1126 (ἃ
1335 1094 1428 1125 aliam
1437 1094 1560 1126 duxerit
1569 1118 1580 1134 ‚
1591 1093 1755 1126 moechatur
1767 1118 1774 1125 .
1803 1098 1848 1126 Et
1859 1099 1911 1137 qui
1922 1094 2070 1137 dimissam

1189 1143 1310 1174 duxerit
1320 1166 1330 1182 ‚
1346 1142 1522 1176 mechatur.
1547 1144 1630 1176 Eam
1645 1142 1753 1177 lucide
1761 1145 1899 1187 exponit
1908 1144 2071 1179 celebrata

1193 1191 1248 1225 sub
1262 1191 1373 1226 Caroli
1387 1193 1506 1238 Magni
1518 1192 1660 1236 Imperio
1668 1205 1722 1236 per
1729 1192 1907 1227 Paulinum
1920 1193 2072 1238 Aquileje

1193 1239 1409 1275 patriarcham
1422 1242 1576 1286 Synodus
1588 1243 1837 1286 Foro-Iulienfis
1850 1256 1857 1276 z
1874 1246 2027 1287 ,Quoniam
2038 1249 2072 1276 in

1190 1293 1282 1323 medio
1290 1292 1445 1335 ambiguus
1472 1298 1672 1335 interponitur
1679 1291 1778 1336 sermo
1791 1317 1802 1334 ,
1829 1295 1864 1327 id
1880 1294 1918 1335 est
1930 1317 1941 1333 ,
1966 1293 2022 1335 nisi
2038 1292 2072 1326 ob

1184 1340 1413 1380 fornicationem
1425 1367 1435 1382 ,
1461 1347 1557 1384 quaeri
1569 1348 1708 1376 nimirum
1716 1343 1812 1385 potest
1824 1369 1834 1385 ,
1862 1352 1963 1377 utrum
1977 1341 2074 1385 adso-

1190 1392 1253 1422 lam
1277 1392 1425 1424 licentiam
1449 1393 1623 1425 dimittendi
1659 1403 1781 1426 uxorem
1801 1418 1811 1433 ‚
1838 1405 1880 1426 an
1906 1399 2000 1427 etiam
2027 1393 2071 1426 ad

1190 1449 1349 1482 utrumque
1358 1439 1470 1474 dmum
1494 1441 1664 1482 referatur,
1690 1441 1741 1474 boc
1759 1442 1801 1482 eft
1812 1466 1823 1482 ,
1848 1444 1895 1475 ad
1909 1444 2004 1475 aliam
2026 1449 2076 1476 vi·

1192 1492 1280 1522 vente
1291 1490 1344 1521 illa
1354 1491 1558 1531 accipiendam
1572 1515 1582 1531 ‚
1608 1489 1692 1532 quasi
1697 1492 1812 1524 dixerit
1825 1515 1836 1531 ,
1850 1493 1915 1535 ‚Qui
1926 1491 2075 1535 dimiserit

1191 1550 1307 1572 uxorem
1315 1537 1404 1580 suam
1414 1563 1424 1578 ‚
1439 1541 1473 1573 <tt
1484 1541 1576 1572 aliam
1588 1538 1642 1581 nist
1649 1540 1684 1573 ob
1691 1539 1920 1582 fornicationem
1931 1543 2053 1575 duxerit
2064 1566 2078 1582 ,

1191 1588 1349 1621 maechatur
1359 1613 1366 1621 .
1380 1589 1432 1622 Ex
1442 1589 1559 1623 Sanno
1568 1590 1781 1634 Hieronymo
1790 1590 1905 1624 definit
1915 1592 2079 1635 exceptio-

1192 1648 1268 1672 nem
1290 1637 1384 1672 istam
1405 1638 1445 1672 ad
1468 1639 1570 1673 solam
1591 1664 1602 1679 ,
1628 1651 1698 1684 quae
1722 1640 1869 1685 proxime
1889 1641 2078 1682 antecedit,

1190 1686 1379 1721 dimittendi
1394 1688 1561 1723 licentiam
1572 1688 1686 1724 debere
1696 1690 1845 1735 restringi
1859 1715 1866 1722 .
1894 1692 1991 1726 Fada
2014 1692 2076 1736 igi-

1192 1749 1245 1772 tur
1255 1736 1298 1770 ob
1307 1736 1563 1773 fornicationem
1591 1739 1733 1774 dimiffio
1756 1752 1823 1775 non
1847 1740 1941 1775 solvit
1966 1741 2080 1776 vincu-

1193 1788 1282 1829 lum,
1317 1787 1465 1832 adeoque
1477 1790 1510 1823 &
1522 1790 1578 1833 qui
1591 1790 1689 1825 aliam
1700 1790 1813 1830 ducit,
1838 1792 1873 1826 δε
1889 1792 1946 1834 qui
1968 1791 2082 1825 dimis-

1194 1839 1259 1873 sam
1270 1837 1421 1879 duxerst,
1442 1840 1573 1883 ipsaque
1583 1840 1665 1874 item
1686 1840 1777 1875 alteri
1800 1841 1928 1876 nubens
1948 1840 2079 1875 dimissa

1192 1890 1333 1923 omnino
1348 1888 1553 1923 moechantur
1565 1913 1572 1919 ·
1601 1892 1714 1938 Qem
1724 1892 1853 1926 sensum
1867 1903 1936 1926 non
1950 1890 2080 1926 dumta-

1194 1948 1251 1972 xat
1264 1939 1296 1971 in
1310 1939 1449 1972 laudatis
1461 1939 1478 1971 a
1489 1938 1573 1973 dista
1587 1940 1724 1981 Synodo
1747 1942 1837 1984 super
1856 1942 1965 1975 Sanffl
1989 1941 2081 1976 Mat-

1194 1988 1268 2021 thaei
1282 1988 1502 2033 Evangelium
1514 1990 1772 2024 Commentariis
1784 2013 1794 2029 ,
1821 1990 1874 2025 sed
1886 1992 1919 2025 δε
1931 1992 1967 2025 in
1994 1991 2079 2026 litte-

1193 2038 1235 2071 ris
1244 2037 1285 2071 ad
1296 2039 1470 2073 Oceanum
1483 2039 1580 2073 tradit
1592 2040 1728 2074 Sanetus
1741 2041 1978 2084 Hieronymus:
1993 2043 2080 2078 ΡΜ·
2102 2052 2186 2090 Epist,
2207 2056 2258 2089 3o.'

1192 2094 1267 2129 cepit
1278 2090 1420 2121 Dominus
1432 2099 1553 2122 uxorem
1564 2101 1621 2122 non
1633 2090 1737 2123 debere
1747 2092 1862 2123 dimitti
1870 2099 1994 2132 excepta
2006 2102 2080 2124 cau·-
2098 2102 2162 2132 cap.
2193 2104 2216 2123 ι.

1189 2136 1226 2180 sa
1239 2137 1452 2178 fornicationis
1467 2162 1476 2178 ,
1502 2140 1535 2171 eb·
1554 2139 1585 2180 fi
1602 2140 1721 2183 dimiff‘a
1740 2139 1839 2181 fuerit
1849 2165 1859 2181 ‚
1886 2153 2007 2175 manere
2026 2146 2074 2175 in-

1194 2195 1320 2229 nuptam
1330 2212 1337 2220 .
1366 2189 1529 2230 ,Quidquid
1538 2194 1612 2221 viris
1614 2189 1758 2231 jubetur,
1786 2189 1836 2222 hoc
1864 2190 2076 2235 consequenter

1192 2238 1341 2270 redundat
1354 2243 1385 2269 in
1391 2237 1538 2279 foeminas
1551 2263 1557 2270 .
1588 2238 1696 2274 Aliter
1706 2238 1861 2274 nonnihil
1889 2241 1985 2275 sentit
1996 2241 2077 2276 San·

1193 2289 1261 2321 stus
1283 2287 1488 2331 Augustinus
1510 2299 1520 2320 2
1546 2287 1726 2333 Exceptam
1749 2290 1982 2325 fornicationis
1999 2303 2076 2326 cau-

1194 2338 1282 2377 sam,
1309 2338 1385 2372 licet
1399 2349 1465 2372 non
1478 2336 1518 2372 ad
1538 2339 1641 2373 solam
1662 2338 1875 2380 dimittendi,
1903 2340 1955 2375 sed
1974 2342 2009 2376 &
2031 2340 2074 2377 ad

1196 2398 1352 2421 novarum
1389 2389 1574 2431 nuptiarum
1603 2389 1771 2423 licentiam
1797 2392 1974 2432 referatur,
2000 2393 2073 2427 vult

1193 2437 1260 2471 istis
1271 2437 1395 2481 nuptiis
1406 2449 1473 2472 non
1485 2439 1608 2472 favere.
1636 2439 1834 2474 Existimant
1850 2441 1913 2475 effe
1933 2441 2076 2477 locutio>-

1195 2499 1270 2521 nem
1279 2487 1413 2522 similem
1426 2487 1501 2521 huic
1513 2501 1520 2519 :
1547 2490 1653 2521 scienti
1666 2489 1773 2523 bonum
1782 2513 1792 2529 ,
1816 2491 1850 2525 (5
1859 2502 1917 2524 non
1922 2491 2055 2533 facienti
2063 2516 2079 2536 ‚

1188 2546 1338 2580 peccatum
1348 2538 1387 2578 est
1399 2540 1459 2571 illi.
1490 2537 1555 2573 Uti
1568 2539 1703 2573 scienter
1715 2551 1884 2583 peccantes
1896 2541 2056 2576 damnans
2064 2566 2077 2582 ‚

1194 2589 1385 2632 ignoranter
1397 2587 1501 2631 lapsos
1513 2599 1580 2622 non
1594 2600 1749 2634 expurgat
1776 2590 1914 2634 Jacobus
1935 2591 2079 2636 Aposto-

1194 2638 1243 2671 lus
1254 2662 1265 2678 ,
1292 2638 1337 2672 ita
1350 2638 1367 2672 a
1380 2637 1533 2672 Domino
1547 2663 1558 2679 ,
1583 2638 1662 2673 dum
1674 2640 1754 2675 citra
1764 2641 1991 2675 fornicationis
2001 2652 2076 2676 cau-

1195 2690 1260 2721 sam
1272 2687 1475 2730 repudiantes
1500 2700 1538 2723 ac
1547 2688 1625 2723 alias
1637 2691 1766 2733 nuptias
1778 2702 1974 2725 attentantes
1983 2691 2074 2725 dam·

1195 2748 1251 2771 nat
1262 2737 1430 2778 adulterii,
1459 2748 1515 2771 eos
1529 2763 1539 2778 ‚
1560 2740 1671 2780 quiex
1690 2741 1746 2774 ista
1770 2742 1863 2774 causa
1875 2750 2003 2784 patrant
2024 2750 2075 2775 ea·

1195 2788 1270 2821 dem
1280 2812 1291 2829 ,
1306 2786 1375 2821 vult
1389 2787 1595 2831 Augustinus
1607 2800 1674 2823 non
1689 2791 1861 2835 expurgari
1874 2815 1881 2822 .
1908 2790 1989 2825 Istos
2002 2802 2072 2825 non

1196 2837 1281 2871 solos
1291 2859 1302 2876 ‚
1321 2835 1372 2871 sed
1383 2838 1554 2882 praesertim
1565 2838 1738 2874 dumtaxat
1750 2853 1787 2874 ac
1798 2841 1928 2885 gravius
1940 2840 2073 2875 damna-

1195 2888 1220 2920 ri
1237 2888 1368 2930 censet3
1397 2888 1445 2921 uti
1466 2889 1600 2923 scienter
1622 2901 1791 2933 peccantes
1813 2889 2010 2924 damnantur>
2030 2890 2072 2925 ab

1196 2938 1359 2981 Apostolo
1382 2937 1523 2981 Jacobo.
1555 2940 1662 2974 Sanffi
1683 2940 1887 2982 Hieronymi
1911 2941 2073 2983 expositio

1193 2987 1238 3021 est
1249 2987 1522 3034 clarior&10nge
1546 2989 1689 3024 firmior.
1718 2991 1762 3023 Et
1787 3001 1827 3022 ex
1847 2988 1898 3022 his
1917 2989 2072 3024 omnibus

1196 3036 1286 3070 vides
1297 3037 1480 3079 praesentem
1505 3039 1630 3072 Leonis
1654 3040 1737 3074 noni
1762 3038 1937 3075 Canonem
1958 3038 2072 3076 solidis

1194 3086 1416 3121 fundamentis
1426 3087 1489 3121 effe
1501 3088 1619 3122 nixum
1638 3112 1645 3120 .

1931 3485 2020 3521 CA-
