2352 3736
367 102 470 153 454

722 216 760 252 D

396 322 552 360 Ecretalis
573 318 708 357 Urbani
722 319 760 353 —1.
779 283 944 364 §Epistola
967 318 1014 355 est
1050 289 1184 363 apricas.

298 372 485 463 Decretgbli¹
501 399 678 459 'Pontificis
714 418 853 457 subinde
890 418 1046 464 scriptura
1072 366 1186 463 {aipei-

295 477 477 563 Delcaitgiim
497 527 526 561 S.
553 523 677 559 Leonis
698 522 758 556 IX.
787 519 987 566 Presbyteris
1013 479 1185 554 congii-enl-

344 578 428 613 tiam
451 575 612 622 praecipit.
640 585 695 610 21.
727 584 755 609 1·.
784 572 947 606 Nicolaus
969 570 1009 604 11.
1023 569 1186 604 Diaconis

344 629 380 663 &
399 626 638 663 Subdiaconis.
670 634 724 661 21·
748 633 775 658 1.
802 634 834 659 2.
855 622 947 656 Idem
959 620 1103 665 praestitit
1115 619 1186 663 post

279 695 283 699 ·
345 676 550 721 Stephanum
573 674 618 708 X.
640 673 830 708 Alexander
863 672 904 706 11.
935 683 990 709 21·
1013 682 1044 707 2.
1069 672 1187 705 Decre-

344 739 416 762 tum
441 726 506 761 hoc
530 726 570 761 ad
591 736 726 759 omnem
753 722 933 757 Ecclesiam
944 721 1093 756 extendit
1108 720 1187 754 Gre-

347 777 460 822 gorius
494 777 570 811 Vll.
596 787 642 812 22
677 787 707 811 2.
742 773 846 820 Qod
869 772 980 806 multis
1003 769 1187 815 conjugatis
1213 793 1228 806 .

347 826 550 870 Presbyteris
573 826 636 858 fuit
656 822 863 865 contemptui
886 846 894 853 .
924 832 979 869 23.
1001 832 1035 858 -1·
1064 820 1188 855 Adver-
1214 852 1221 859 ,

349 879 422 912 sarii
445 876 541 919 hu-jus
560 874 680 908 decreti
707 874 931 906 recensentur.
1087 881 1142 919 23.
1164 882 1187 907 2

297 928 468 970 Deruense
493 924 735 959 Monasterium
760 922 990 966 perantiquum
1010 947 1017 955 .
1047 927 1135 957 2'11.
1162 929 1186 955 2

347 978 431 1013 Haec
454 976 599 1011 Abbatia
619 973 660 1009 ad
682 974 731 1019 jus
764 971 1013 1017 Archiepiscopi
1046 972 1188 1006 Remen-

346 1029 387 1063 sis
409 1028 566 1072 pertinet:
1055 1032 1138 1068 214.
1166 1034 1187 1058 2

298 1077 566 1123 Dispensationis
589 1074 726 1110 facilitas
749 1073 784 1108 in
806 1070 1043 1116 impedimento
1065 1083 1188 1116 cogna-

347 1129 452 1163 tionis
484 1128 566 1161 olim
590 1137 659 1160 non
683 1126 763 1160 fuit.
795 1121 871 1160 188.
899 1134 926 1159 1.
947 1123 1009 1157 Sed
1044 1123 1188 1166 plerique

345 1178 506 1223 conjuges
536 1175 722 1219 hujusmodi
757 1175 890 1218 separati
916 1199 923 1206 .
962 1172 1041 1207 Fere
1067 1172 1187 1216 primus

346 1227 541 1273 dispensavit
566 1225 780 1261 Innocentius
803 1224 859 1258 111.
879 1222 953 1260 188.
967 1232 998 1259 2.
1020 1222 1189 1265 AliiPon3

346 1280 453 1313 tifices
476 1280 551 1312 sunt
564 1276 744 1311 subsecuti.
778 1271 853 1320 189.
872 1286 899 1311 ι.
924 1274 1002 1307 Fuit
1013 1282 1121 1307 tamen
1135 1284 1186 1306 an·

347 1328 380 1363 te
399 1328 622 1372 dispensatum
644 1352 651 1358 .
689 1325 766 1360 ibid.
792 1324 940 1358 Primum
961 1324 996 1357 in
1019 1324 1186 1358 matrimo-

347 1379 408 1413 nio
438 1378 504 1422 jam
545 1378 711 1412 contracto
733 1399 744 1415 ,
778 1373 854 1408 dein
877 1375 912 1408 in
939 1374 1183 1408 contrahendo.

350 1427 427 1476 189-
443 1438 476 1463 2.
491 1427 703 1473 Dispensatio
726 1425 842 1471 praevia
862 1423 903 1458 ab
924 1422 1118 1459 Alexandro
1132 1424 1184 1457 111.

346 1477 505 1514 inchoata
519 1504 527 1512 .
1106 1473 1184 1508 ibid.

296 1530 511 1573 Dispensatus
531 1528 571 1563 ad
589 1538 694 1564 unum
719 1526 955 1571 Episcopatum
966 1525 1012 1560 est
1028 1525 1185 1567 dispensa-

345 1588 399 1613 tus
421 1580 462 1613 ad
482 1589 616 1613 ornnem
641 1601 648 1609 .
678 1588 731 1623 39.
755 1588 793 1610 21.
815 1574 985 1608 Bastardus
1006 1583 1118 1606 tamen
1142 1573 1183 1605 de

345 1628 512 1663 beneficio
534 1627 575 1662 ad
597 1625 795 1671 Beneficium
817 1625 884 1656 fine
902 1634 991 1656 nova
1012 1622 1107 1654 venia
1130 1633 1184 1654 ne·

344 1678 419 1719 quit
440 1676 628 1710 transferri.
1021 1691 1034 1704 .
1079 1678 1132 1715 39.
1165 1679 1181 1703 1

294 1725 482 1764 Donatistae
500 1721 782 1760 Christianitatem
803 1729 878 1755 toto
901 1718 981 1754 orbe
1010 1717 1183 1753 credebant

343 1776 487 1813 exulasse
512 1801 519 1807 .
558 1783 636 1822 913.
667 1783 695 1808 1.
725 1773 765 1806 Se
787 1771 874 1805 solos
899 1769 1062 1813 jadiabant
1088 1767 1185 1803 Chri-

342 1828 466 1862 flianos
491 1826 524 1859 &
547 1826 688 1860 sanctos:
721 1821 825 1870 Qod
844 1819 960 1855 &aliis
971 1818 1126 1854 haereticis
1138 1818 1183 1853 est

344 1884 523 1912 commune
533 1898 541 1907 .
1054 1879 1076 1917 9
1084 1880 1098 1905 x
1105 1879 1134 1916 3-
1162 1879 1183 1906 2

730 1973 760 2009 Ε
801 1975 810 1986 .

379 2079 586 2121 Leemosyna
614 2076 691 2111 Deo
717 2085 786 2118 non
810 2074 937 2118 placet,
964 2083 1036 2117 quae
1055 2072 1098 2108 de
1125 2071 1186 2106 illi·

404 2129 478 2174 citis
501 2129 536 2161 ὃς
561 2126 735 2170 iniquitate
759 2124 969 2170 congeritur.
1079 2133 1135 2170 44.
1168 2134 1183 2158 1

302 2180 528 2222 Eleemosynae
549 2178 662 2221 passim
680 2176 821 2214 dantur,
848 2185 885 2208 ut
898 2184 1049 2217 pauperes
1062 2173 1189 2224 prodo·

351 2229 525 2264 natoribus
546 2228 658 2261 Deum
680 2231 819 2260 exorent
844 2251 851 2258 .
889 2224 1016 2258 Contra
1041 2225 1187 2257 sentiunt

346 2280 508 2319 Wicleff‚
533 2278 666 2321 ejusque
677 2278 858 2310 sectatores.
881 2271 1187 2322 83.1.2.Piumesi
1225 2308 1227 2310 ,

347 2340 509 2376 pauperes
527 2340 582 2372 per
602 2325 818 2361 haereditarias
836 2323 1036 2359 donationes
1059 2324 1100 2359 ad
1119 2334 1187 2367 pre.-

349 2380 589 2424 cesfobligarc.
614 2377 695 2412 ibid.
721 2377 843 2410 Resest
856 2374 1095 2417 antiqu-imma.
1123 2372 1192 2408 Ad·-

1089 2422 1142 2471 84.
1175 2435 1187 2459 1

290 2445 294 2448 ·
348 2433 455 2466 versus
474 2427 683 2465 Lutheranos
706 2439 744 2461 ac
767 2424 984 2460 Calvinistas.

309 2482 499 2516 Elestiones
520 2479 721 2513 Antistitum
743 2476 762 2510 ὲ
787 2475 934 2510 Barbaris
956 2474 1106 2520 Regibus
1125 2474 1193 2508 vio-

309 2565 314 2569 *
353 2532 457 2565 {enter
470 2530 645 2573 impetitae.
677 2540 752 2564 122·
771 2538 803 2563 2.
825 2526 859 2559 δε
883 2527 967 2568 seqq.
993 2526 1125 2559 Summa
1150 2525 1184 2558 in

353 2579 412 2614 has
434 2580 498 2613 fuit
521 2578 680 2623 violentia
703 2579 737 2610 in
764 2577 879 2609 Africa
906 2575 965 2608 sub
988 2574 1185 2608 Hunnerico

353 2630 451 2673 Rege
471 2627 550 2661 ibid.
573 2626 693 2661 Mitior
713 2624 870 2659 nonnihil
896 2625 929 2656 in
956 2624 1048 2657 Italia
1072 2649 1079 2656 .
1107 2623 1186 2657 ibid.

351 2680 438 2727 Qae
476 2676 602 2710 duravit
634 2674 806 2718 usquead
836 2673 1096 2708 Constantinum
1125 2674 1188 2708 lv.

357 2738 435 2774 123.
463 2739 491 2765 1.
518 2726 580 2761 Sed
599 2724 749 2759 acriorin
764 2723 858 2757 Italia
870 2722 928 2757 sub
940 2722 1185 2768 Longobardis.

357 2789 439 2825 123.
458 2789 529 2814 1-2-
554 2777 635 2810 Haec
648 2773 803 2823 violentia
830 2773 928 2807 etiam
947 2773 1088 2808 ‘intravit
1110 2775 1189 2808 His-

356 2829 488 2872 panias.
518 2835 592 2872 123.
614 2837 646 2863 2·
669 2827 802 2859 Summa
824 2824 885 2857 fuit
906 2823 941 2856 in
968 2824 1188 2869 Memvingiis

356 2880 557 2914 Francorum
579 2875 729 2920 Regibus
753 2900 760 2908 .
797 2884 871 2920 124.
897 2875 925 2909 1.
950 2874 983 2908 δε
1009 2876 1092 2917 seqq.
1128 2876 1189 2909 Ea-

356 2930 432 2964 dem
447 2927 605 2961 violentia
619 2927 652 2959 in
667 2925 790 2970 Anglia
804 2924 956 2969 grassata.
983 2924 1049 2958 Cui
1062 2924 1188 2958 obstitit
1227 2952 1229 2957 .

356 2981 386 3013 S.
410 2977 562 3012 Thomas
584 2975 841 3010 Cantuarienfis.
873 2984 949 3020 125.
964 2973 1105 3011 2.'Vide
1126 2978 1189 3007 No·

355 3035 481 3062 minatio
497 3054 503 3060 .
531 3028 721 3060 Nominandi
736 3051 744 3058 .

309 3078 461 3121 Eligendi
484 3077 671 3112 facultatem
693 3077 728 3110 in
749 3076 889 3119 Imperio
900 3052 1197 3110 orientaliclerus*

360 3128 544 3172 Principem
576 3128 707 3172 rogavit
735 3152 741 3159 .
780 3126 891 3159 Etiam
923 3125 1079 3159 Carolum
1117 3126 1188 3159 Ma-

360 3187 463 3221 gnum
477 3202 486 3217 ‚
501 3178 631 3221 ejusque
642 3176 840 3211 Succeffores
851 3200 859 3208 .
888 3185 963 3222 140.
981 3188 1006 3211 1.
1021 3186 1051 3210 2..
1066 3176 1188 3210 Eadem

363 3226 408 3266 usi
419 3227 572 3269 potestate
585 3228 693 3272 Reges
704 3225 855 3270 Capetini
866 3250 873 3256 .
904 3234 943 3269 14
953 3236 979 3260 1.
996 3238 1022 3261 1-
1036 3226 1069 3258 ὅ(
1085 3227 1190 3270 Reges

365 3273 513 3318 Angliae.
542 3287 618 3316 141.
630 3287 660 3312 2.
676 3275 911 3313 Unielesiioni
924 3286 1008 3308 unus
1024 3275 1122 3320 Regis
1134 3276 1192 3309 suf-

307 3357 312 3362 ,
356 3322 499 3360 'siciebat
516 3326 703 3359 consensus.
736 3336 854 3372 142.1-
878 3323 1008 3366 Abusus
1029 3325 1063 3361 in
1086 3324 1191 3359 danda

367 3372 511 3420 eligendi
545 3371 673 3407 licentia
711 3377 774 3409 suit
809 3375 988 3420 designatio
1023 3377 1191 3420 personae.

957 82 979 129 1
1049 80 1125 128 Ν
1169 48 1328 129 DJE
1394 86 1469 129 X.

1299 177 1374 215 143.
1407 175 1490 205 1.2.
1513 163 1686 214 Ejusmodi
1706 165 1896 210 ciceronem
1917 171 2125 214 ierat-Inno-

1297 218 1423 252 centius
1438 216 1495 252 111.
1507 219 1614 255 Immo
1625 220 1764 256 declarat
1772 224 1835 257 esse
1846 223 2086 277 irrisum-„544
2104 240 2122 266 1
2139 256 2142 258 ,

1295 268 1352 302 Ab
1375 268 1450 302 aliis
1462 281 1595 315 quoque
1608 270 1828 315 improbatur.
1856 277 1934 320 144:
1950 275 2126 319 22²Pr‘mci·

1295 326 1351 362 pe's
1362 320 1394 353 se
1407 319 1441 352 in
1458 320 1631 356 eleetiones
1641 322 1843 369 insinuarunt
1855 328 1910 368 per
1922 329 2126 368 preces-,ascet

1294 379 1459 404 armatas..
1494 370 1574 406 ibid.
1598 372 1685 419 Qae
1705 371 1849 408 libertati
1863 374 2013 419 ¹eligendi
2040 386 2129 420 repu-

1294 429 1400 465 gnant
1424 445 1435 462 ‚
1471 421 1619 465 quamvis
1644 421 1685 457 ab
1722 423 1863 459 Ecclesia
1900 425 2127 460 difflmuletur.

1258 518 1261 519 ⁷
1299 479 1373 516 145.
1400 483 1429 508 1.
1454 472 1788 517 Eligendilicentiaa
1807 474 1955 520 Regibus
1967 476 2128 519 postulan-

1263 565 1267 571 ι
1296 520 1338 554 da
1349 521 1545 557 Canonibus
1563 523 1753 558 &Ecclefiae
1774 523 1914 559 libertati
1925 525 2123 561 adversatur.

1270 586 1277 597 ·
1299 581 1376 618 145.
1402 584 1434 609 2.
1456 574 1576 618 Jugum
1611 571 1677 608 hoc
1696 574 1739 609 ab
1755 573 1902 620 vEcclesia
1932 576 2100 611 excussum
2117 602 2124 610 .

1298 622 1375 665 146.
1399 633 1429 659 1.
1451 632 1484 657 2.
1505 623 1660 668 Eligendi
1686 624 1819 659 licentia
1842 650 1853 666 ‚
1888 625 2039 667 sanaeque
2064 626 2127 662 ele-

1294 671 1414 707 &ionis
1436 673 1646 709 confirmatio
1666 675 1706 709 ad
1728 675 1797 718 jura
1817 675 1953 721 Regalia
1964 677 2103 720 pertinet
2116 701 2128 718 ‚
2175 696 2177 699 ·

1263 748 1272 758 .
1296 720 1454 767 adeoque·
1466 723 1544 759 solis
1561 725 1718 769 convenit
1738 726 1893 769 supremis
1902 726 2127 772 Principibus.

1299 781 1376 821 147.
1397 783 1444 810 ’1.
1465 786 1496 812 2.
1522 774 1559 809 ld
1581 784 1689 809 tamen
1719 775 1819 810 etiam
1837 778 1939 812 fecere
1960 777 2072 812 Duces
2093 778 2126 812 &

1299 821 1466 859 Comites.
1496 822 1570 872 148.
1598 837 1626 861 1.
1649 826 1836 861 Licentiam
1857 827 2127 875 illam['existima-

1297 882 1372 907 runt
1384 874 1491 918 Reges
1503 875 1544 919 ad
1555 885 1713 910 coronam
1725 877 1813 911 suam
1827 877 2001 921 pertinere.
2018 878 2092 924 148-
2105 890 2127 915 2

1249 921 1439 966 Episcopae,
1465 921 1662 966 Presbyteri:
1673 949 1686 964 ‚
1702 927 1764 960 &c.
1777 926 1811 960 id
1820 927 1889 967 est,
1908 928 2022 962 feliciae
2033 926 2074 962 ab
2086 928 2128 961 E-

1297 972 1454 1016 piscopo,
1475 970 1670 1016 Presbytero
1684 996 1695 1013 ,
1717 975 1779 1006 &c.
1801 985 1918 1011 uxores
1938 1002 1951 1019 ,
1982 978 2127 1012 invalide

1297 1035 1385 1058 nova
1407 1023 1617 1056 matrimonia
1637 1022 1890 1059 contraxissent.
1918 1025 1972 1073 36.
1991 1027 2023 1062 ‘1.
2036 1027 2127 1061 Idem

1295 1077 1479 1108 etiamnum
1502 1073 1536 1106 in
1560 1072 1684 1106 Graecia
1705 1071 1861 1108 servatur.
2047 1076 2127 1111 ibid.

1249 1123 1402 1167 Episcopi
1439 1123 1616 1159 Britanniae
1647 1125 1723 1157 sunt
1745 1124 1940 1169 suffraganei
1971 1124 2127 1171 Episcopi

1297 1173 1502 1208 Turonensis
1516 1199 1523 1206 .
1552 1185 1632 1210 212.
1653 1173 1687 1206 δι’.
1708 1174 1791 1219 seqq.
2108 1171 2119 1191 Ὗ

1249 1225 1401 1268 Episcopi
1435 1225 1636 1271 Cardinales
1658 1225 1733 1258 sunt
1757 1223 2022 1271 Archiepiscopis
2059 1226 2130 1272 dig-

1298 1274 1404 1309 niores
1426 1286 1508 1323 441.
1547 1286 1574 1310 1.
1598 1274 1751 1319 Episcopi
1771 1273 1908 1311 subinde
1929 1288 1999 1311 non
2025 1275 2066 1310 ad
2084 1272 2131 1311 ci·

1297 1325 1433 1359 vitatem
1456 1350 1466 1365 ‚
1503 1326 1555 1359 sed
1576 1325 1617 1359 ad
1635 1334 1742 1359 totam
1762 1333 1894 1371 gentem
1928 1327 2125 1362 consecrati.

1296 1375 1346 1409 lta
1369 1374 1623 1410 Willebrordus.
1649 1382 1727 1423 4422
1752 1387 1783 1413 1.
1810 1375 2038 1424 Humberrus,
2059 1376 2130 1412 alii-

1295 1437 1375 1467 que.
1420 1456 1423 1460 .
1771 1443 1773 1446 ¹
1999 1436 2079 1474 442.
2105 1439 2130 1463 2

1247 1476 1398 1520 Episcopi
1409 1478 1536 1512 castitas
1549 1478 1645 1512 aliam
1658 1478 1761 1522 pariat
1772 1503 1784 1520 ,
1811 1479 1938 1514 necesse
1947 1473 2011 1514 est.
2038 1487 2088 1525 19-
2109 1487 2126 1513 1

1247 1526 1400 1570 Episcopi
1421 1529 1456 1561 in
1479 1529 1642 1563 Conciliis
1660 1529 1706 1563 ob
1731 1530 1846 1564 locum
1863 1531 2047 1575 frequenter
2068 1527 2130 1560 liti-

1295 1585 1414 1618 garunt
1435 1600 1442 1607 -
1476 1588 1559 1612 202.
1580 1590 1608 1612 1·
1629 1579 1824 1623 ‘Episcopus
1842 1577 2130 1625 Magdeburgenfis

1293 1625 1331 1662 in
1355 1624 1533 1658 Germania
1548 1625 1729 1671 Primatum
1741 1627 1857 1661 habet.
1885 1630 1923 1661 ln
1937 1629 2046 1662 Gallia
2065 1628 2131 1662 Co-

1297 1665 1450 1704 loniensis
1466 1695 1473 1703 .
1504 1671 1733 1718 Moguntinus
1747 1684 1785 1708 ac
1804 1676 2006 1711 Trevirensis
2016 1676 2128 1711 Cardi-

1294 1720 1423 1755 nalibus
1446 1721 1616 1765 Episcopis
1641 1722 1893 1768 aequiparantur.
1920 1724 2128 1771 Exquffica·

1296 1771 1364 1814 pite
1386 1768 1633 1806 cardinalatum
1668 1774 1856 1808 recusarunt
1874 1800 1881 1807 .
1911 1772 2130 1818 Appellantur

1296 1822 1394 1856 etiam
1433 1819 1683 1856 Eminenriffimi
1708 1848 1715 1855 .
1769 1816 1870 1871 203.'
1891 1835 1919 1860 1.
1966 1824 2129 1860 Oblatum

1295 1871 1543 1907 cardinalatum
1573 1869 1753 1916 ‘perperam
1797 1886 1868 1909 non
1902 1873 2100 1910 admiserunt
2119 1900 2129 1908 .

1295 1932 1342 1960 20
1368 1947 1374 1954 -
1402 1934 1434 1959 2·
2119 1936 2121 1940 ¹

1250 1934 1404 2017 Episczxpi
1429 1972 1541 2007 Latini
1563 1974 1702 2019 propriis
1719 1973 1754 2008 in
1776 1973 1872 2009 «bello
1902 1975 2054 2010 manibus
2074 1988 2128 2019 pu·

1258 2037 1262 2042 ·
1297 2020 1453 2068 gnavere.
1484 2021 1562 2069 386.
1588 2035 1617 2060 1·
1637 2023 1805 2067 Ejusmodi
1831 2024 2044 2069 Episcopis&
2056 2026 2129 2060 Cle-

1275 2072 1499 2116 meis-Graeci
1513 2084 1581 2108 non
1601 2084 1789 2109 caruerunt.
1814 2074 1892 2109 ibid.
1913 2076 2016 2124 Qod
2029 2074 2128 2110 hodie

1272 2134 1273 2139 ¹
1296 2124 1415 2158 cessat.
1679 2130 1684 2135 ·
2002 2124 2078 2174 386.
2104 2135 2129 2160 a.

1249 2174 1423 2219 Episcopi,
1450 2175 1507 2216 qui
1520 2173 1732 2220 Regularium
1750 2175 1862 2210 litteris
1874 2175 1907 2210 in
1921 2176 2128 2220 approbatio-

1297 2236 1339 2259 ne
1351 2224 1391 2258 ad
1407 2224 1632 2259 Conseffiones
1645 2226 1695 2260 vel
1707 2227 1898 2261 Conciones
1907 2227 1990 2261 ultra
2016 2226 2128 2261 Eccle-

1297 2275 1343 2308 sia:
1354 2275 1407 2308 seu
1420 2275 1625 2310 Pontificum
1632 2276 1772 2310 Decreta
1787 2277 2018 2311 limitationem
2029 2284 2127 2321 appo-

1298 2335 1382 2359 nunt
1404 2349 1415 2365 ,
1443 2327 1628 2360 simoniaca
1648 2326 1719 2360 labe
1735 2327 2005 2361 contaminantur
2021 2352 2028 2360 .
2043 2326 2126 2361 'Uti

1297 2376 1329 2409 &
1345 2375 1523 2419 Regulares
1535 2380 1589 2419 qui
1603 2376 1773 2420 acc'e'prant
1785 2402 1792 2409 .
1807 2390 1810 2393 ⁴
1971 2379 1973 2381 ’
1993 2388 2047 2425 51.
2062 2387 2089 2413 1-
2102 2389 2126 2415 2

1249 2425 1432 2471 Episcopus
1443 2426 1599 2460 Ostiensis
1609 2426 1805 2461 Pontificem
1816 2426 2007 2462 Romanum
2015 2428 2126 2461 conse-

1296 2487 1365 2511 crat
1377 2500 1384 2509 .
1413 2477 1457 2510 Et
1471 2475 1577 2510 Pallio
1588 2479 1705 2511 utitur.
1718 2488 1797 2524 205.
1809 2484 1840 2513 2.
1855 2478 2054 2522 Episcopus,
2068 2478 2126 2511 im-

1297 2538 1355 2560 mo
1376 2524 1646 2570 ›Archiepiseopos
1670 2529 1836 2562 consecrat
1857 2553 1864 2560 .
1894 2528 1972 2566 206.
1994 2530 2025 2562 1.
2047 2527 2124 2561 Fuit

1291 2577 1458 2611 -Romanae
1470 2576 1652 2611 Provincia:
1663 2577 1919 2612 protothronus.
1998 2586 2074 2622 192.-
2101 2587 2124 2612 2

1250 2627 1395 2670 Epistola
1409 2627 1493 2668 apud
1505 2629 1534 2661 S.
1550 2628 1796 2670 Hieronymum
1817 2628 1858 2660 de
1880 2628 1999 2668 septem
2021 2623 2126 2669 gradi-

1299 2677 1359 2711 bus
1371 2678 1411 2711 ad
1425 2677 1597 2712 Rusticum
1610 2676 1855 2712 Narbonensem
1868 2686 1936 2708 non
1947 2674 1992 2707 est
2001 2675 2030 2707 S.
2045 2674 2128 2709 Hie·-

1296 2729 1445 2771 ronymi.
1476 2733 1481 2737 ’
1710 2743 1712 2745 ’
2001 2720 2079 2771 388·
2107 2736 2127 2761 1

1225 2774 1227 2778 ’
1251 2779 1400 2823 Epistola
1421 2780 1451 2812 S.
1475 2777 1626 2820 Gregorii
1653 2775 1693 2811 ad
1719 2775 1907 2819 Januarium
1924 2773 2130 2810 existimatur

1297 2829 1426 2862 fiffitia.
1998 2824 2076 2862 262.
2106 2837 2126 2863 1

1249 2877 1404 2922 Epistolae
1414 2877 1558 2920 quaedam
1574 2877 1702 2911 coelitus
1724 2876 1843 2924 allataep
1877 2873 1954 2923 184.
1979 2887 2007 2913 1-
2030 2885 2060 2909 2.
2083 2875 2126 2908 E-

1297 2927 1379 2961 tiam
1392 2938 1456 2960 una
1468 2939 1509 2961 ex
1520 2926 1649 2962 inferno
1662 2953 1669 2960 .
2005 2924 2123 2972 1851.

1225 3009 1230 3031 5
1251 2976 1454 3012 Eucharistia
1466 2978 1610 3011 amissam
1621 2990 1678 3022 per
1699 2980 1790 3013 esum
1810 2978 1900 3022 pomi
1925 2977 2029 3011 vitam
2049 2976 2126 3010 crim

1303 3030 1425 3062 foenore
1448 3028 1600 3061 restaurat
1620 3054 1627 3060 .
1665 3038 1743 3076 235.
1771 3042 1797 3066 1.
1816 3027 2024 3072 Christusjn
2050 3026 2128 3059 ulti-

1251 3089 1257 3093 “
1300 3089 1352 3112 ma
1374 3088 1467 3111 coena
1488 3089 1618 3112 carnem
1638 3079 1774 3122 praebuit
1793 3079 1983 3123 passibilem.
2013 3076 2052 3109 In
2072 3075 2129 3110 tri-

1300 3129 1367 3163 duo
1389 3128 1503 3162 mortis
1523 3128 1591 3161 fieri
1619 3128 1727 3172 potuit
1753 3128 1963 3163 Consecratio
1988 3152 1994 3158 .
2034 3126 2130 3172 Qae-

1303 3179 1423 3212 stiones
1440 3178 1568 3211 curiosa:
1591 3171 1721 3212 silentio
1741 3180 1848 3222 potius
1863 3204 1872 3218 ‚
1903 3177 2000 3221 quam
2021 3175 2128 3222 dispu-
2164 3218 2167 3224 Χ

1302 3229 1430 3263 tatione
1449 3228 1667 3262 honorandae.
1693 3228 1770 3276 236.
1791 3239 1821 3263 2.
1846 3227 2004 3271 Ephesina
2027 3225 2130 3267 Syno-

1304 3280 1363 3312 dus
1385 3280 1516 3312 Sacrum
1539 3278 1686 3312 Calicem
1720 3277 1868 3311 fidelibus
1898 3289 1966 3311 non
1995 3275 2128 3309 substra-

1303 3330 1370 3362 xit.
1395 3326 1515 3372 238.1.
1537 3328 1605 3375 Qi
1631 3327 1726 3362 abeo
1750 3325 1975 3367 abstinebant,
2001 3325 2127 3358 S.Leo-

1305 3379 1342 3414 ni
1355 3378 1397 3414 de
1419 3375 1665 3415 Manichaeismo
1691 3377 1836 3423 suspet‘ii.
1862 3375 1941 3425 238.
1963 3373 2128 3457 zvflaltres
