2352 3736
361 205 392 243 9
402 206 428 234 2

292 274 326 308 in
337 272 392 308 sua
402 272 514 307 Latera
520 269 606 303 nenfi
616 267 755 311 Synodo
774 264 940 301 mandavit
959 262 1081 295 cunetis
1094 272 1161 296 am-

126 315 197 352 Cap.
217 325 259 346 ιο·
291 322 416 368 piarum
427 320 619 354 Djoeceseon
631 319 692 362 Epi
696 318 800 360 scopis
811 339 822 354 ‚
848 318 886 346 Ut
896 319 979 346 viros
991 311 1107 345 idoneos
1119 313 1162 345 ad

289 372 402 420 sanc‘lae
414 370 639 406 Praedicatt‘onis
650 370 769 410 officium
778 363 982 408 exequendum
992 362 1137 406 affumant
1150 387 1161 404 ‚

288 430 426 468 potentes
448 426 481 454 m
501 428 584 462 opere
610 421 644 453 ό·
662 416 794 460 sermone
821 436 832 453 ‚
858 419 911 455 qui
933 413 1092 456 commiffas
1106 412 1162 453 fibi

287 473 391 516 plebes
402 476 468 505 vice
489 469 631 513 [osor-um,
656 476 720 499 cum
727 472 782 506 per
796 461 830 506 se
851 464 929 497 idem
950 469 1164 506 nequiverint,

286 523 403 567 solicite
413 520 566 564 visitantes
579 541 589 557 ,
615 514 705 550 verbo
716 514 863 556 adisti-ent
875 515 910 548 θ’
922 514 1054 555 exemplo
1064 538 1076 554 ‚
1100 519 1169 556 qui-v

289 573 346 609 bus
356 571 426 614 ipſs,
447 580 509 602 cum
520 567 703 611 indiguerint
715 588 727 604 ,
748 565 870 609 congrue
885 563 1034 606 neceffart'a
1055 562 1165 608 submi·

292 622 430 663 nistrenn
458 629 495 651 ne
505 624 562 658 pro
581 612 801 659 'neceffariorum
820 613 936 655 deftdu
955 614 1165 659 compellantur

290 669 412 712 defistere
423 667 461 703 ab
488 673 601 708 incepto
614 690 625 707 ‚
651 677 708 699 aut
732 664 842 709 plebes
862 674 1008 709 gravare.
1035 664 1085 702 Ita
1106 664 1167 697 Ar·

289 718 496 765 gentinenses
508 742 519 758 ‚
542 716 631 760 quod
643 714 882 759 praedicationis
891 715 1040 749 officium
1061 715 1097 748 in
1110 715 1165 748 sua

288 768 429 803 Ecclefia
438 766 639 803 instituerint
649 777 725 801 cum
733 776 853 810 magna
863 765 1015 812 pennone
1024 789 1037 809 ,
1054 762 1166 803 laudat

287 818 476 854 Conrardus
487 817 600 853 Abbas
612 816 828 860 Uspergenfis
839 839 848 850 .
983 847 986 849 .

297 891 303 894 »
334 869 417 904 Istos
437 867 759 911 PseudorApostolos
781 867 816 902 in
837 865 954 902 litteris
975 864 1017 903 ad
1027 865 1166 900 Colum-

287 919 397 954 benses
406 921 468 956 suae
478 917 646 954 Parochiae
654 915 846 954 Monachos
869 916 1043 953 infestatur
1064 916 1164 952 etiam

112 984 185 1023 Cap,
203 993 271 1023 192.
285 972 316 1005 S.
327 970 388 1004 lvo
398 969 606 1004 Carnutenfis
618 967 797 1012 Episcopus
809 979 817 999 ε
850 967 1005 1001 Praeterea
1012 970 1065 1008 qui
1074 967 1113 999 de
1122 966 1166 999 la-

284 1019 402 1055 boribus
413 1031 555 1055 manuum
566 1017 719 1061 necsffaria
731 1015 786 1058 fibi
802 1024 984 1059 praeparare
1007 1027 1065 1051 non
1082 1013 1165 1059 suffi-

284 1077 366 1105 ciunt
377 1094 388 1109 ‚
418 1081 476 1105 non
486 1070 559 1105 bene*
565 1066 764 1111 prospiciunt.
791 1068 877 1110 ,Quia
895 1077 964 1109 que
973 1067 1100 1102 in-aliis
1119 1077 1164 1099 re-

282 1119 492 1162 prehendunt,
511 1119 688 1162 frequenter
699 1116 757 1160 ipfi
769 1121 974 1157 committunt,
998 1117 1068 1153 dum
1089 1115 1164 1149 vim

278 1176 413 1213 penuria
422 1170 519 1204 vibius
526 1170 699 1212 pradicant
706 1169 826 1212 populis
838 1171 1034 1203 innocentiam
1052 1164 1140 1212 suam
1153 1188 1164 1206 ‚

281 1222 363 1263 quod
381 1219 420 1260 est
440 1231 512 1254 oves
533 1220 663 1256 vendere
686 1231 701 1264 ς
721 1219 895 1262 pradicant
915 1226 948 1253 ut
961 1218 1163 1255 manducent,

280 1271 363 1313 quod
369 1270 408 1310 est
417 1270 507 1304 boves
531 1271 682 1306 vendere,-
708 1272 786 1303 Cum
805 1268 883 1303 tales
906 1267 1079 1303 venditores
1097 1276 1163 1301 cum

279 1320 489 1355 venditoribus
512 1320 710 1355 columbarum
726 1319 763 1353 de
773 1320 893 1361 Templo
912 1319 1060 1353 Dominus
1077 1317 1163 1357 ejece-

279 1375 323 1403 rIt
334 1393 346 1409 ,
372 1372 407 1403 Θ
417 1372 438 1402 ἃ
466 1369 682 1403 catholicorum
688 1366 828 1414 societate
839 1367 1037 1403 eltmmandos
1057 1364 1162 1401 borum

271 1418 383 1462 fimiles
397 1419 642 1463 praefiguraverie
651 1442 659 1450 .
685 1421 795 1461 Neque
812 1422 892 1454 enim
901 1416 953 1451 hoc
964 1428 1011 1452 eos
1023 1414 1162 1459 excusare

278 1471 400 1503 videtur
423 1493 435 1509 ,
460 1470 543 1510 quod
559 1479 653 1501 manu
671 1466 729 1510 suet
744 1473 889 1508 pecunias
911 1477 970 1500 non
993 1472 1162 1509 accipiunt,

274 1517 334 1563 sed
342 1520 477 1555 Giezitas
485 1516 553 1562 suos
563 1527 618 1553 auct
637 1515 736 1561 secum
746 1514 859 1550 habent
870 1540 882 1557 ,
906 1525 961 1550 aut
967 1516 1031 1559 post
1049 1514 1083 1562 se
1095 1521 1163 1553 mit-

278 1578 370 1609 tunt,
396 1567 657 1611 qut'collefflonem
679 1571 826 1607 accipIant
839 1589 850 1607 ,
878 1566 958 1600 &in
980 1577 1103 1608 quorum
1113 1577 1163 1599 vo-

279 1619 390 1652 luerint
402 1617 471 1664 ufits
480 1619 653 1660 expendant
663 1642 670 1653 ,
696 1619 765 1650 Haec
788 1621 823 1651 in
838 1613 873 1659 se
879 1614 910 1658 st
926 1614 1138 1657 confiderarent
1151 1640 1161 1655 ‚

279 1670 429 1709 elericos,
446 1666 613 1702 *Monaehos
637 1690 649 1707 ‚
671 1666 808 1700 Reaores
832 1663 1028 1706 Ecclefiarum
1053 1668 1088 1699 ό·
1102 1669 1162 1698 Μο-

122 697 254 730 A.1478.

279 1719 469 1760 rustes-iorum
488 1729 546 1754 non
567 1726 653 1752 tanto
669 1716 768 1759 studio
788 1718 956 1752 lacerarent
978 1739 986 1747 .
1013 1713 1160 1762 Qidam

277 1778 319 1802 eo
353 1779 501 1812 tempore
532 1765 697 1802 Monachi
728 1766 931 1811 gan-iverunt
968 1775 1162 1801 communes

278 1818 497 1853 Ecclefiarum
519 1819 554 1852 ὅς
571 1816 848 1853 Monasteriorum
870 1815 1078 1863 poffeffioues
1098 1814 1160 1851 effe

277 1868 436 1903 Clericali
449 1868 694 1908 sanctimoniae,
721 1867 754 1901 &
771 1866 964 1903 Monastico
987 1865 1159 1911 praesertim

277 1919 476 1964 paupertatis
495 1927 577 1952 voto
597 1917 742 1953 adversas
754 1941 764 1957 ,
789 1914 1027 1951 damnaverunt
1039 1938 1049 1954 ,
1075 1913 1157 1948 dese-

277 1980 410 2005 ruerunt
433 1967 658 2007 Monasteria,
683 1967 718 2000 ὃς
738 1967 802 2000 sese
824 1966 1098 1999 transformarunt
1124 1965 1160 1997 in

279 2018 507 2055 Anachoretas
519 2044 525 2050 .
554 2018 681 2052 Eorum
688 2016 789 2060 aliqui
803 2015 844 2050 de
854 2025 1018 2049 manuum
1030 2015 1159 2047 suarum

280 2070 392 2105 labore
405 2080 460 2104 aut
471 2080 541 2103 non
553 2076 702 2112 poterant
715 2090 726 2105 ,
751 2075 807 2099 aut
817 2076 857 2099 ex
868 2063 985 2097 desidia
1002 2062 1159 2097 nolebant

279 2119 338 2154 fibi
348 2119 668 2164 comparat-evictum
680 2140 687 2149 .
715 2116 809 2150 Hinc
822 2114 951 2159 populis
961 2124 1031 2149 non
1054 2112 1159 2146 solum

280 2169 522 2214 Evangelium‚
546 2167 601 2201 sed
619 2168 756 2202 &suam
782 2164 1032 2200 sanctimoniam
1052 2162 1161 2197 abiere

280 2218 507 2264 praedicmum,
536 2217 634 2259 idque
646 2227 724 2251 cum
743 2215 853 2253 socio,
877 2214 936 2257 qui
959 2211 1159 2249 mendicaret

281 2281 340 2314 pro
358 2270 450 2313 ipfis,
475 2269 508 2301 &
527 2267 646 2301 faceret
668 2265 852 2300 collectam.
879 2263 1062 2302 Ecclefias,
1085 2261 1164 2296 <3oe-

281 2320 383 2355 nobia
402 2344 412 2359 ‚
440 2318 611 2356 Cleticos,
636 2316 670 2349 ὅ(
705 2315 835 2357 quosvis
855 2313 1050 2349 Coenobitas
1076 2312 1157 2346 Mo-

282 2367 406 2405 nachos
440 2367 624 2403 lacerabant
658 2364 789 2409 pessime
818 2388 829 2405 ,
863 2363 992 2407 ajebant
1027 2362 1090 2396 effe
1126 2363 1159 2396 in

282 2422 366 2454 statu
392 2417 614 2453 damnationis
649 2438 661 2455 ‚
693 2414 735 2450 ad
771 2414 976 2458 Apostafiam
1010 2411 1160 2447 sollicita-

283 2470 362 2505 bant
375 2495 385 2510 ,
410 2468 551 2502 titubare
562 2467 704 2499 fecerunt
714 2465 860 2505 multos,
888 2464 989 2498 etiam
1001 2460 1159 2506 quosdam

603 187 874 230 SecuNDA
911 183 1317 227 Puooemmns
1354 179 1789 244 Dlssssnrnno,

1219 263 1354 297 fratrum
1375 262 1636 300 mendicantium
1654 289 1664 299 ,
1690 267 1824 302 Etenim
1850 267 1950 312 gratis
1973 269 2095 305 docere

1220 315 1253 348 &
1265 312 1431 358 pradicare
1439 338 1451 356 ,
1475 314 1513 351 ἀ
1521 323 1563 346 ex
1575 314 1762 351 mendicato
1773 311 1880 353 vivere
1891 318 1937 352 est
1948 322 2092 355 omnino

1222 364 1414 408 Apostolica
1436 363 1607 408 perfeffio,
1632 363 1724 400 Nam
1745 365 1791 399 ita
1800 366 1938 403 Paulum
1951 369 2094 413 Aposto-
2116 390 2192 420 Hom
2222 397 2274 421 ²7·

1222 414 1290 448 lum
1302 415 1415 450 vixisse
1427 414 1513 459 apud
1521 411 1719 449 Corinthios
1730 438 1742 454 ,
1755 414 1790 447 in
1801 417 1946 456 semndae
1955 420 1997 455 ad
2007 420 2094 464 ipsos
2197 410 2200 414 ¹

1221 464 1372 509 Epistolae
1393 464 1650 502 Commentariis
1673 463 1782 510 palam
1808 465 1940 503 testatur
1961 471 2103 507 sanetus*

1221 514 1645 559 JoannesChrysostomus.
1947 544 1949 547 .

1270 564 1430 602 Notanda
1442 566 1516 600 sunt
1528 565 1637 600 Sancti
1650 564 1762 601 lvonis
1775 566 1871 601 verba
1883 591 1896 608 ,
1921 570 2096 605 Praedieant

1221 625 1254 650 ut
1276 616 1458 650 manducent
1480 641 1489 650 .
1519 614 1706 652 Continent
1730 616 1897 660 antiquam
1922 618 1958 652 ἀ
1978 627 2099 656 certam

1223 664 1481 704 Christianitatis
1505 666 1651 710 tegulam
1669 690 1681 707 ,
1703 677 1775 710 quaa
1793 665 1902 702 divini
1922 668 2010 704 verbi
2030 680 2103 713 pm

1222 717 1384 758 conium,
1409 713 1823 761 quodvisSacramentum‚
1851 718 1999 754 Ecclefiae
2022 719 2104 764 regi-

1223 778 1299 802 men
1317 777 1374 801 aut
1396 765 1614 802 ministerium
1626 790 1643 807 ,
1668 768 1723 804 seu
1744 767 1863 802 statum
1883 769 2078 804 clericalem
2090 793 2103 810 ‚

1216 829 1292 854 >non
1304 817 1381 854 dico
1393 829 1435 854 ex
1451 817 1673 859 abundanfiae,
1683 823 1739 853 aut
1750 818 1862 858 luxus,
1878 819 1932 854 sed·
1945 831 1986 854 ex
1998 819 2102 854 neces²

1224 868 1295 902 sarii
1320 868 1422 905 victus
1443 879 1553 902 amore
1564 869 1708 908 fastum,
1728 868 2021 911 administratum,
2047 880 2104 904 aut

1222 917 1404 961 susceptum
1417 942 1428 958 ‚
1452 916 1495 953 de
1514 919 1607 964 gravi
1618 919 1741 961 semper
1763 928 1896 963 peccato
1915 920 2103 955 damnavit.

1216 967 1336 1006 'Palam
1358 967 1393 1005 id
1403 968 1502 1003 docet
1525 968 1662 1005 inlibris
1680 967 1828 1006 adversus
1849 969 2104 1005 parmenianum

1223 1018 1252 1051 S.
1266 1016 1489 1062 Augustinus:
1517 1018 1666 1061 Apostolus
1675 1025 1744 1061 ait,
1771 1022 1805 1057 si
1815 1021 1921 1054 volens
1930 1020 1981 1054 boc
1996 1020 2080 1062 facio
2091 1034 2104 1061 ,>
2126 1020 2156 1051 1,
2168 1026 2278 1049 νωι-

1222 1070 1381 1104 mercedem
1389 1067 1503 1110 baba-05
1523 1067 1554 1111 fi
1558 1078 1658 1103 autem
1666 1075 1785 1104 invitus
1797 1094 1809 1111 ,
1832 1069 2015 1114 dispensatio
2027 1069 2104 1103 mibi
2311 1084 2314 1088 ⁸
2330 1064 2333 1093 ἶ

1220 1117 1383 1159 creditatest
1395 1141 1402 1149 .
1428 1119 1470 1152 Id
1479 1117 1541 1157 est,
1566 1118 1628 1151 illis
1645 1119 1764 1160 prodest
1783 1120 1888 1162 quibus
1910 1120 1962 1155 boc
1983 1120 2105 1166 dispen-

1216 1166 1272 1213 so,
1293 1179 1352 1202 non
1359 1165 1435 1199 mibi
1446 1171 1498 1209 qui
1502 1166 1592 1208 fidus
1597 1165 1686 1210 sum.
1713 1170 1781 1211 ,Qui
1799 1175 1878 1204 enine
1888 1176 2008 1204 monas
2019 1171 2104 1212 facit

1218 1225 1344 1260 propter
1364 1217 1516 1254 commoda
1535 1218 1693 1260 &gaudia
1713 1220 1869 1260 carnalia,
1895 1230 1964 1262 qua.
1975 1218 2002 1260 fi
2015 1220 2107 1254 aliter

1220 1267 1328 1303 habere
1335 1267 1427 1310 poffet
1439 1292 1450 1307 ,
1475 1268 1555 1300 illud
1568 1267 1702 1309 Ecclefiae
1723 1268 1916 1308 ministerium
1936 1267 2080 1313 desereret
2092 1293 2118 1309 ,,

1221 1316 1281 1361 ipsi·
1291 1323 1393 1360 utique
1402 1316 1489 1362 fidus
1500 1316 1539 1356 est
1548 1324 1562 1357 ¹,
1586 1318 1708 1360 ideoque
1720 1323 1837 1354 invitus
1848 1319 1932 1362 facit
1941 1344 1949 1352 .
1981 1320 2102 1364 Neque

1222 1368 1312 1404 enim
1327 1368 1363 1404 in
1375 1367 1590 1403 ministerium
1603 1391 1615 1408 ,
1642 1368 1697 1402 sed
1719 1368 1754 1403 in
1767 1368 1825 1403 illa
1845 1369 2023 1405 commoda
2044 1371 2106 1404 fer-

1224 1429 1276 1451 tur
1285 1417 1353 1461 ejus
1366 1417 1520 1453 voluntas
1529 1441 1541 1457 ‚
1565 1427 1666 1461 atque
1676 1418 1720 1452 ita
1733 1417 1779 1453 est
1791 1418 1898 1463 palam
1909 1419 2117 1454 fiumen-im.

1224 1468 1311 1501 vitus
1333 1492 1341 1502 ,
1368 1465 1540 1503 Consonat
1562 1467 1597 1500 in
1617 1467 1800 1504 canonicis
1819 1468 1860 1502 ad
1885 1470 1966 1503 suos*
1981 1467 2118 1504 Chore-.

1223 1517 1405 1561 E'piscopos
1427 1517 1543 1551 litteris
1564 1527 1702 1561 magnus
1712 1517 1848 1552 Bafilius
1861 1532 1871 1552 .·
1898 1521 2028 1553 Plurimi
2047 1531 2119 1554 nse-¹

1220 1577 1255 1604 tu
1264 1581 1278 1608 ·,
1303 1579 1340 1602 ne
1351 1571 1384 1599 in
1394 1567 1504 1600 milites
1515 1565 1687 1610 referantur
1699 1591 1710 1607 ,
1733 1566 1846 1611 seipsos
1856 1564 2014 1609 ministerio
2022 1575 2106 1614 inge·

1220 1626 1315 1651 runt.
1343 1617 1481 1654 Eoseffe
1496 1617 1579 1653 dicit
1592 1616 1775 1652 ministerio
1795 1618 1967 1665 indignos.
1997 1620 2104 1668 Qod

1223 1676 1340 1701 notent
1363 1667 1413 1703 illi
1427 1690 1439 1706 ,
1464 1667 1520 1710 qui
1543 1667 1585 1703 ad
1611 1667 1732 1703 laicum
1754 1669 1886 1712 forum,
1912 1670 2105 1715 veffigalia,

1221 1727 1278 1752 aut
1297 1716 1363 1750 alia
1384 1716 1570 1761 reipublicae
1591 1728 1693 1752 onera
1710 1718 1905 1753 declinanda
1926 1721 2104 1765 suscipiunt

1222 1767 1424 1803 clericatum
1445 1791 1453 1799 .
1482 1766 1538 1801 Ad
1562 1767 1637 1802 suos
1660 1768 1739 1802 item
1761 1768 1971 1813 presbyteros
1992 1770 2104 1806 scribit

1221 1815 1415 1860 S..Synefius
1441 1814 1660 1852 ptolomaidis
1682 1817 1886 1862 Episcopus,
1914 1819 2104 1863 Pentapoli*

1222 1876 1306 1902 tanae
1318 1866 1500 1903 Provincia:
1512 1866 1731 1911 Metropolita
1743 1881 1750 1901 :
1777 1868 1859 1904 Illud
1862 1876 1925 1912 par
1942 1869 1981 1911 est
1991 1872 2036 1903 ad
2046 1881 2104 1905 vos

1220 1915 1381 1960 usurpare,
1409 1915 1534 1959 Honesta
1551 1916 1633 1958 fiant
1653 1917 1780 1957 honeste.
1809 1923 1986 1960 Amputetur
2005 1926 2104 1954 omnis

1222 1968 1260 1999 de
1281 1968 1360 1999 lucro
1378 1972 1547 2002 contentio.-
1573 1971 1684 2000 Omnia
1705 1969 1763 2001 Det
1774 1966 1865 2010 eausa
1881 1966 2112 2011 suscipiantur..

1221 2020 1295 2049 Non
1318 2016 1442 2051 eandem
1465 2016 1517 2061 effi.-
1536 2023 1664 2051 virtutis
1673 2026 1765 2060 atque
1784 2022 1925 2062 nequitia
1942 2023 2104 2051 materiam

1222 2073 1334 2107 oportet
1345 2090 1352 2097 .
1381 2064 1495 2108 Cursus
1513 2067 1626 2108 illepro
1643 2066 1808 2108 pietate&
1820 2088 1827 2098 .
1857 2069 1918 2100 Pto
1936 2067 2096 2101 animabus
2116 2093 2117 2096 η

1221 2116 1413 2149 certandum.
1440 2114 1587 2158 ‚Quisquis
1605 2125 1662 2158 per
1672 2115 1805 2158 Ecclefiae
1826 2118 1949 2150 tuendae
1967 2116 2095 2161 spectem

1221 2162 1404 2207 marsupium
1413 2173 1500 2208 auget
1512 2188 1523 2204 ‚
1549 2173 1639 2208 atque
1647 2165 1700 2200 boc
1708 2164 1773 2209 ipso
1783 2190 1795 2206 ,
1818 2168 1897 2209 quod
1907 2172 1946 2200 iis
1967 2173 2103 2209 tempori-

1221 2215 1275 2247 bus
1289 2216 1372 2249 utilis
1385 2214 1436 2259 effe
1446 2215 1588 2249 videatur
1600 2240 1612 2257 ,
1635 2227 1703 2258 quse
1715 2221 1827 2252 anime
1837 2223 1902 2251 vim
1911 2217 2082 2261 efflagitant
2092 2240 2104 2258 ‚

1214 2264 1270 2305 fibi
1276 2263 1451 2307 potestatem
1469 2267 1604 2300 conciliat
1615 2289 1627 2307 ,
1652 2271 1681 2298 t‘s
1700 2265 1739 2307 est
1750 2278 1836 2310 quem
1845 2278 1898 2300 nos
1915 2276 2006 2302 extra
2017 2265 2106 2302 chei-

1213 2315 1349 2354 suanum
1357 2313 1534 2357 consortium
1543 2317 1680 2350 volumus
1689 2318 1891 2351 amandatum
1902 2343 1910 2351 .
1933 2319 2008 2350 Non
2014 2327 2109 2350 man-

1221 2376 1286 2399 cam
1297 2370 1442 2399 virtutem
1445 2364 1525 2406 fecit
1542 2369 1619 2399 Deus
1627 2378 1641 2398 ,ι
1667 2370 1741 2399 Non
1752 2367 1806 2400 illa
1813 2365 2107 2410 fiicietatenequitiae

1222 2416 1338 2458 indiget
1350 2439 1357 2447 .
1385 2419 1457 2448 Non
1473 2418 1534 2448 Deo
1544 2418 1656 2450 milites
1670 2418 1798 2450 deerunt
1811 2439 1822 2456 ,
1840 2414 1974 2458 Ecclefiis
1986 2416 2087 2448 &lom
2095 2438 2106 2446 .

1224 2466 1445 2499 commilitones
1457 2471 1611 2508 inveniet,
1638 2466 1686 2499 hic
1703 2468 1822 2508 quidem
1839 2467 1983 2499 mercedis
2005 2470 2109 2506 'exper-

2125 1886 2210 1928 Episs:
2219 1891 2250 1925 5.'

284 2518 539 2555 Columbenses,
566 2515 682 2558 quibus
693 2514 861 2548 adversum
883 2513 962 2548 istos
985 2513 1162 2547 seductores
1224 2524 1271 2547 tes
1284 2539 1295 2555 ‚
1318 2513 1378 2558 sed
1387 2520 1420 2547 in
1431 2516 1512 2548 Coelo
1524 2518 1616 2558 plena
1627 2516 1758 2548 mercede
1768 2516 1924 2548 donandos
1934 2525 1949 2546 .·
1969 2514 2105 2558 Ejusmo-

282 2568 473 2605 muniendis
495 2565 644 2608 adjunxit
664 2565 723 2603 lvo
745 2564 924 2607 Episcopus
938 2577 948 2596 .·
974 2566 1043 2596 Haec
1060 2561 1167 2606 scripsi
1224 2566 1256 2597 dt
1279 2576 1333 2598 vos
1349 2563 1414 2606 fitis
1429 2590 1437 2597 .
1462 2565 1592 2600 Eruditi
1616 2562 1748 2608 quidam
1772 2564 1890 2605 Laid,
1915 2563 2007 2608 quod
2027 2575 2106 2607 ope-

284 2620 371 2652 ·vobt's
383 2642 392 2658 ,
406 2617 523 2659 fratres
537 2640 548 2656 ,
577 2623 610 2652 ut
623 2626 680 2648 non
691 2620 863 2649 terreamini
885 2619 997 2648 tonitru
1008 2624 1160 2646 vanarum

284 2673 562 2706 comminationum,
588 2676 679 2708 neque
705 2669 884 2698 moveamini
905 2665 925 2696 ἃ
939 2662 1033 2704 vestro
1052 2660 1160 2706 sensu,

281 2719 339 2764 sed
352 2717 512 2761 secundum
527 2715 642 2758 statuta
659 2715 892 2757 praecedentium
914 2716 1041 2746 Parrum
1063 2718 1162 2746 vitam

286 2768 417 2810 vestram
435 2769 576 2811 dirigatis
587 2790 598 2806 ‚
624 2765 892 2804 &obt-diensium,
916 2775 1007 2805 quam
1019 2763 1162 2796 Praelatis

287 2819 393 2859 vestris
420 2818 533 2851 debetis
555 2841 566 2858 ‚
593 2818 627 2850 ὀ·
643 2816 860 2857 stabilitatem,
883 2825 972 2856 quam
993 2812 1163 2853 monasterio

288 2868 380 2908 vestro
393 2868 507 2911 profeffi
527 2867 591 2907 estis
604 2891 615 2907 ,
635 2867 762 2911 firmiter
781 2870 912 2900 teneatis
937 2887 949 2903 ,
977 2875 1014 2897 ne
1038 2864 1162 2896 damna-

290 2926 392 2952 tionem
403 2929 499 2952 eorum
510 2943 520 2958 ,
531 2922 579 2959 qui
590 2926 663 2950 vota
669 2914 726 2962 sua
735 2921 825 2948 irrita
829 2915 956 2957 faciunt
967 2935 978 2952 ‚
987 2916 1162 2946 incurratis.

291 2969 417 3002 Hisunt
431 2969 479 3002 illi
490 2968 670 3012 gyrovagi,
698 2964 865 3000 adversum
882 2974 964 3007 quos
974 2962 1009 2996 in
1022 2961 1162 2996 secunda

290 3014 475 3051 Pictavienfi
496 3017 635 3061 Synodo
654 3016 833 3050 statuerunt
856 3012 1044 3048 cardinales
1067 3012 1165 3056 Joan-

294 3075 351 3099 nes
371 3066 403 3098 &
420 3066 611 3102 Benedictus
629 3091 640 3107 ,
667 3064 830 3100 Paschalis
852 3062 984 3099 secundi
1008 3073 1063 3106 per
1086 3061 1163 3095 Gal-

294 3114 372 3146 liam
386 3114 498 3156 Legati
510 3128 517 3146 :
544 3120 581 3148 Ut
587 3116 756 3159 sanc‘lorum
767 3117 922 3157 Reliquias
932 3111 1021 3156 causa
1029 3117 1163 3154 pecum‘ae

295 3161 463 3204 &qua-stus
473 3166 703 3205 circumferentes
728 3167 772 3199 ad
775 3166 1020 3208 pradicationem
1041 3174 1100 3196 non
1110 3162 1161 3194 ad-

294 3218 471 3246 mittantur.
501 3212 602 3245 Erant
622 3212 798 3257 hypocritae
818 3215 851 3249 δε
864 3213 1034 3249 sarabaita:
1054 3236 1065 3252 ,
1090 3222 1164 3254 pra:-

294 3260 447 3298 dicabant
466 3273 506 3294 ex
530 3271 637 3295 amore
657 3265 811 3304 quaestus,
837 3266 871 3299 &
890 3265 954 3299 fine
979 3261 1164 3307 Episcopali

294 3310 492 3346 authoritate
513 3333 523 3349 ,
551 3310 689 3352 ideoque
706 3313 790 3354 ipsos
814 3315 931 3348 merito
950 3322 1045 3349 notat
1064 3311 1106 3347 de
1118 3311 1165 3346 Si-

296 3362 410 3396 monia
434 3359 552 3400 S.1v0,
578 3361 611 3393 δε
631 3361 770 3402 ipsorum
794 3364 962 3397 mendicos
981 3364 1090 3398 socios
1112 3373 1165 3405 ap·

297 3410 569 3456 pellatGiezitas.
599 3408 690 3443 Absit
704 3421 782 3453 ergo
794 3421 828 3445 ut
842 3411 993 3452 damnet,
1021 3413 1165 3456 quitunc

297 3460 436 3496 necdum
468 3468 534 3495 etat
560 3459 594 3494 in
633 3459 771 3494 Ecclefia
799 3483 810 3501 ,
845 3461 1022 3505 regularem
1048 3463 1164 3498 statum

1225 2626 1294 2649 ram
1307 2616 1395 2649 suam
1408 2614 1449 2647 ad
1469 2614 1709 2659 expugnandos
1727 2622 1807 2648 tunc
1825 2614 2000 2658 graffintes
2011 2612 2105 2649 Aria-

1224 2676 1286 2699 nos
1305 2664 1452 2699 viderent
1477 2665 1626 2700 Ecclefiae
1649 2664 1767 2698 utilem
1794 2675 1833 2698 ac
1854 2664 1942 2708 quafi
1964 2663 2104 2699 neceffi·

1223 2716 1305 2749 riam
1323 2740 1332 2756 ‚
1359 2713 1417 2747 fibi
1428 2713 1469 2748 ab
1481 2714 1650 2759 Episcopis
1660 2713 1808 2748 oblatum
1820 2713 2046 2747 Ministerium
2069 2714 2106 2748 ἃ

1223 2765 1426 2799 Clericatum
1448 2776 1516 2800 non
1538 2765 1597 2800 nifi
1608 2764 1666 2798 sub
1687 2763 1820 2807 pinguis
1839 2762 2107 2808 stipendiispouo,

1223 2816 1312 2850 sione
1329 2814 1503 2849 voluerunt
1515 2815 1687 2848 admittere
1697 2839 1705 2848 .
1732 2814 1800 2848 Eos
1810 2824 1878 2848 non
1890 2814 1997 2847 solum
2008 2813 2103 2848 omni

1223 2864 1406 2899 ministerio
1419 2889 1430 2904 ‚
1456 2865 1509 2899 sed
1529 2865 1563 2899 δε
1576 2863 1816 2900 communione
1835 2861 1992 2908 indignos
2006 2859 2103 2896 adfir-

1225 2925 1293 2950 mat
1317 2915 1491 2959 synesius,
1514 2914 1686 2949 confidcns
1708 2914 1866 2949 Ecclefias
1880 2913 1957 2947 fine·
1971 2911 2102 2946 idoneis

1223 2965 1365 3000 &castis
1385 2965 1549 2999 Ministtis
1570 2976 1737 3008 nunquam
1757 2964 1937 2998 &Domino
1957 2959 2102 2994 deseren-

1224 3017 1300 3050 das.
1328 3015 1433 3063 Qod
1455 3015 1561 3059 ipsum
1585 3015 1619 3048 in
1630 3014 1789 3048 Pastorali
1810 3013 1852 3048 ad
1866 3014 1940 3047 suos
1952 3009 2102 3045 Clericos

1223 3067 1258 3100 &
1273 3063 1462 3099 Monachos
1486 3064 1632 3109 Epistola
1652 3064 1753 3098 tradit
1776 3059 2009 3106 elegantiffime
2022 3060 2100 3094 San-

1211 3106 1294 3149 *stus
1304 3114 1518 3160 Agobardus‚
1545 3115 1603 3149 sub
1615 3113 1788 3149 Ludovioo
1803 3112 1862 3154 pio
1872 3110 2101 3155 Lugdunensis

1228 3163 1499 3210 Archiepistopus
1511 3177 1518 3198 :
1545 3167 1567 3198 5
1567 3174 1623 3199 unt
1633 3170 1686 3208 qui
1695 3173 1752 3197 non
1761 3168 1911 3202 apparent
1932 3159 2100 3195 hominibus

1225 3220 1311 3257 impii
1332 3240 1343 3256 ,
1361 3213 1421 3259 sed
1437 3224 1494 3258 per
1509 3213 1682 3257 stinulatam
1693 3210 1843 3253 justitiam
1856 3210 1938 3252 fiunt
1959 3217 1993 3244 in
2012 3211 2101 3244 oculis

1225 3265 1374 3299 hominum
1381 3265 1536 3310 sepulchra
1546 3264 1698 3299 dealbata,
1725 3266 1759 3292 in
1773 3263 1829 3293 Dei
1839 3269 1937 3294 autem
1948 3262 2036 3294 oculis
2045 3284 2057 3300 ,
2066 3260 2104 3293 sd

1225 3315 1261 3355 est
1276 3340 1286 3356 ‚
1296 3321 1380 3349 intus
1387 3316 1460 3360 sunt
1469 3317 1554 3358 pleni
1562 3311 1659 3353 ‹ffbus
1670 3317 1848 3344 mortuorum
1860 3335 1871 3350 ,
1882 3312 1917 3344 ὁ·
1925 3317 2006 3343 omni
2013 3307 2103 3353 spur-

1225 3372 1315 3398 citia.
1346 3370 1396 3400 Ait
1406 3366 1509 3400 beatus
1531 3361 1644 3395 Paulus
1655 3360 1824 3402 Apostolus:
1851 3360 1956 3396 NON
1975 3358 2102 3392 ENIM

1211 3416 1420 3473 gsUMUs,
1446 3411 1596 3447 SICUT
1619 3410 1851 3449 PLURIMI,
1878 3408 2104 3443 ADULTE-

1210 3475 1215 3540 ι
1227 3465 1422 3501 RANTES
1432 3460 1646 3498 VERBUM
1657 3460 1739 3495 DEI
1751 3482 1762 3500 ,
1772 3459 1939 3496 SED-EX
1953 3457 2105 3493 SINCE-

1921 3507 2055 3543 RITA-
