2352 3736
143 334 226 374 Epist.
254 340 301 366 60-

316 269 388 293 vam
410 256 580 292 defendere
600 256 727 292 videtur
739 258 774 292 in
785 257 857 292 aliis
879 256 918 291 ad
930 255 1052 288 ditium
1064 254 1187 291 Prima·

314 318 383 343 tem
402 307 516 341 litteris
526 306 673 341 laudatus
691 308 768 342 lvo:
800 309 886 339 Multi
907 304 1021 346 Elem,
1048 310 1099 348 qui
1115 318 1188 350 gra-

315 364 425 396 tuitam
444 358 481 390 (¹5
497 360 678 390 canonicam
688 357 797 390 babent
805 355 968 388 eleeitonem
979 380 991 397 ,
1017 361 1089 397 quia
1112 357 1187 389 dila·

315 407 443 442 tionibus
464 406 733 450 &fatigationibus
758 405 981 446 impediuntur,
1007 411 1186 447 comparatis

307 456 361 499 fibi
370 462 496 499 petuma
519 455 724 491 mediatoribus
747 455 1015 496 &prolocutoribus
1029 480 1040 495 ,
1065 467 1102 489 ne
1123 465 1187 489 tur-

310 515 378 549 pem
394 513 554 549 patiantur
575 502 741 547 repulsam,
768 509 800 538 in
811 507 1006 538 simonittcam
1026 507 1187 547 aliquando

314 562 481 600 impingunt
500 552 736 597 consecrationem
751 578 759 586 .
790 555 971 598 Episcopos
993 556 1027 589 δε
1040 555 1185 589 Abbates

312 605 487 651 &Regibus
506 603 659 647 deinceps
681 604 868 644 nominari,
891 615 947 639 aut
965 605 1110 639 investiri
1135 617 1185 639 ve-

308 664 416 691 tuerat
426 651 612 698 rigidiffime
622 654 802 699 Gregorius
813 655 967 698 septimus
977 681 984 688 .
1001 655 1107 689 Priori
1120 656 1185 690 De-

306 714 400 740 creto
420 702 553 747 quidam
567 703 676 748 Reges
694 703 891 739 obediebant
904 729 914 745 ,
940 706 1076 740 alterum
1097 705 1186 749 peni·

310 764 361 789 tus
369 753 550 797 adspernati
562 778 569 785 .
597 755 784 789 Secundum
798 755 951 790 Canones
962 756 1038 800 eligi
1053 755 1183 799 permit-

307 802 420 839 tebant
430 802 626 845 Antistites‚
653 815 685 839 at
697 805 825 839 nullum
837 805 854 839 ὲ
864 806 896 839 se
906 816 974 839 non
993 806 1180 839 investitum

308 853 456 889 benedici
466 864 522 887 aut
532 855 728 889 consecrari.
756 854 862 890 Aliter
874 856 1024 890 initiatos
1043 856 1128 889 varie
1149 855 1182 888 &

308 903 577 942 durevexabant.
602 904 675 939 Imo
697 905 898 950 &acquisito
921 917 975 949 per
988 905 1181 940 electionem

308 954 377 997 jure
399 953 612 988 exturbabant
635 978 647 996 ,
681 955 946 999 mandabantque
976 957 1059 989 alios
1079 956 1178 1000 eligi.

307 1005 401 1038 Hinc
410 1004 543 1048 quidam
555 1029 566 1044 ,
594 1004 728 1049 longam
743 1006 888 1040 Ecclefiae
905 1007 965 1040 suae
978 1007 1181 1041 vacationem

307 1054 446 1088 miserati
461 1079 471 1094 ,
498 1066 553 1097 pet
562 1065 690 1098 emptos
699 1067 779 1091 auro
791 1056 959 1092 Palatinos
971 1055 1179 1090 emolliebant

307 1104 435 1148 Regem
457 1128 468 1144 ,
490 1103 770 1149 impetrabantque
789 1105 986 1150 accipienda:
1006 1107 1071 1140 fine
1098 1106 1179 1139 inve-

307 1153 417 1187 stitura
438 1155 696 1189 consecrationis
715 1157 901 1191 licentiam-
930 1157 1006 1190 Erat
1027 1156 1181 1190 redimere

306 1204 453 1247 iniquam
474 1216 588 1239 vexam
602 1229 612 1244 ‚
637 1205 698 1240 else
721 1216 828 1240 tamen
857 1207 1038 1241 Simoniam
1053 1206 1181 1239 Sanctus

306 1253 366 1287 lvo
388 1255 541 1289 affirmat.
570 1256 672 1303 Qod
694 1257 796 1299 ipsum
820 1255 943 1290 sensisse
964 1256 1092 1289 videtur
1105 1255 1181 1288 San-

306 1303 560 1341 stusAnselmus
572 1330 581 1346 ,
608 1305 774 1340 exulatum
797 1306 887 1340 abire
902 1330 912 1345 ,
938 1304 1007 1338 ime>
1026 1303 1177 1338 &occidi

306 1354 451 1394 malens,
478 1365 573 1398 quam
595 1355 777 1388 Guilielmo
800 1356 886 1399 Regi
912 1354 1087 1397 postulatas
1109 1354 1178 1388 auri

304 1414 427 1437 marcas
439 1413 606 1450 numerare
616 1426 627 1443 ‚
653 1412 751 1444 atque
772 1403 817 1438 ὶιὲ
833 1402 982 1449 iniquam
1005 1416 1121 1439 vexam
1136 1416 1179 1438 re·

305 1452 445 1487 dimere.
476 1451 571 1486 Etad
583 1450 802 1486 Guilielmum
821 1453 1047 1488 vintoniensis
1071 1453 1180 1488 Eccle-

305 1504 356 1537 fiae
377 1503 522 1537 Eiectum
536 1527 546 1543 ‚
571 1503 588 1535 ὲ
601 1513 668 1543 quo
694 1503 861 1537 Henricus
871 1502 994 1547 primus
1005 1503 1077 1538 Rex
1090 1504 1178 1539 inde-

306 1553 412 1588 bitum
435 1554 545 1587 nescio
568 1550 658 1594 cujus
676 1552 770 1587 castri
793 1553 946 1599 exigebat
965 1552 1179 1599 homagium,

306 1602 373 1638 haec
386 1603 523 1647 scripsit:
546 1607 580 1635 In
598 1602 648 1636 hoc
658 1614 712 1636 vos
735 1604 857 1637 multtim
868 1612 979 1647 oportet
1001 1607 1178 1646 attendere,

308 1655 387 1697 quod
396 1656 517 1687 necdum
538 1653 634 1693 vestra
645 1653 766 1687 Dilec‘lio
784 1653 913 1698 fiescepit
924 1654 1066 1698 Episcopi
1084 1655 1178 1699 conse·

306 1710 434 1738 aratione
445 1729 454 1744 ,
481 1706 514 1738 Q&
519 1703 549 1745 fi
555 1704 604 1737 hoc
607 1703 753 1745 faceretis
764 1707 843 1748 quod
851 1707 870 1738 ἆ
882 1705 966 1739 vobis
978 1709 1046 1739 Rex
1058 1712 1151 1750 engIt
1166 1731 1176 1748 ‚

307 1756 407 1787 trullus
427 1755 514 1798 poffit
535 1754 710 1797 exstinguere
727 1755 920 1790 execrabilem
933 1755 1058 1798 famam
1071 1780 1082 1796 ,
1108 1761 1180 1800 quia

307 1804 482 1846 hocfadium
495 1806 562 1848 effer
577 1813 699 1847 propter
710 1804 928 1849 Episcopatus,
953 1818 1039 1849 quem
1057 1808 1181 1848 perdere

307 1860 449 1888 timeretis
463 1880 472 1894 ,
498 1857 724 1896 redemptionem
733 1880 740 1887 .
767 1856 871 1903 Qod
884 1867 940 1901 pro
951 1857 1122 1891 avertenda
1135 1858 1179 1892 fa·

250 1920 253 1922 ¹
307 1906 364 1938 ἅτ
379 1905 556 1939 ΕΙεέὶὶοειίε
567 1915 622 1939 aut
642 1905 754 1950 Regiae
775 1906 1012 1942 nominationis
1032 1907 1181 1942 exsuffla·

130 2028 192 2063 ις.
209 2025 287 2062 tit.3.

128 2075 207 2102 5:23-

306 1955 422 1995 1⁵tone‚
447 1964 602 1999 tantaque
624 1955 810 1990 redimenda
833 1968 936 1998 vexa,
962 1958 1047 2002 Regi
1059 1956 1181 2002 aliquid

303 2005 382 2039 dare
403 2006 439 2038 fit
461 2005 629 2044 simonia,
656 2006 763 2040 lucide
774 2007 946 2050 supponit.
975 2008 1057 2041 Item
1071 2008 1180 2042 nescio

307 2066 405 2099 quem
428 2055 647 2098 Episcopum,
673 2057 730 2100 qui
752 2055 770 2089 ὲ
791 2056 903 2100 majori
927 2056 1074 2100 Capituli
1094 2066 1180 2100 parte

306 2106 424 2139 electus
449 2106 587 2141 minoris
610 2107 706 2149 partis
735 2106 1024 2141 contradictionem
1043 2107 1181 2150 pecunia

305 2157 531 2199 composuerat
549 2180 560 2196 ,
587 2157 812 2191 Simoniacum
832 2157 973 2192 declarat
995 2156 1080 2200 apud
1104 2156 1181 2190 Gre-

306 2207 438 2256 gorium
451 2217 576 2240 nonum
587 2205 712 2241 Lucius
721 2207 832 2242 tertius
844 2232 855 2248 ,
881 2208 916 2242 ἀ
928 2206 1040 2241 cedere
1051 2207 1142 2252 cogit
1155 2232 1162 2239 .

360 2255 408 2289 Aat
420 2255 496 2288 vero
504 2257 629 2298 partem
638 2281 649 2297 ,
673 2267 743 2300 quae
753 2257 895 2292 omnino
906 2267 976 2292 vera
990 2256 1036 2291 est
1048 2281 1059 2298 ,
1085 2252 1182 2301 nega-

309 2306 412 2340 tivam
426 2304 566 2339 traditin
590 2304 725 2340 historia
745 2309 799 2339 sua
809 2306 975 2341 Henricus
984 2305 1181 2341 Huntendo-

308 2356 426 2391 nienfis
438 2353 718 2396 Archidiaconus‚
744 2354 881 2388 scribens
892 2355 932 2389 de
943 2356 1030 2389 disto
1045 2356 1181 2389 Guiliel-

308 2404 564 2452 moAnglorum
579 2405 672 2450 Rege
685 2419 695 2438 :
721 2404 905 2438 Wilbelmus
930 2404 1065 2446 infirmus
1076 2405 1183 2439 Rober-

310 2466 340 2490 to
351 2454 590 2499 cancellariosuo
603 2456 685 2489 dedit
694 2454 905 2501 Eptfiopatum
917 2456 1078 2488 Lincolniae
1091 2480 1097 2487 .
1125 2458 1145 2488 5
1145 2457 1184 2489 ed

308 2517 347 2540 ex
360 2518 414 2548 quo
419 2504 512 2548 fanus
515 2506 582 2547 fuit
594 2530 604 2546 ,
627 2510 767 2547 poem'tuit
777 2516 858 2537 eum.
885 2506 1051 2538 condolens
1072 2511 1161 2550 igitur
1171 2531 1181 2547 ,

310 2558 390 2599 quod
399 2555 610 2598 Epifhopasum
620 2567 677 2588 non
687 2556 871 2589 vendiderat
883 2580 893 2595 ,
918 2566 983 2589 cum
996 2554 1182 2599 Arcbiepisoo-

306 2614 347 2649 po
357 2605 536 2647 Eboraci-nsi
552 2608 748 2639 calumniatus
766 2605 805 2645 est
816 2605 992 2643 Robertum,
1018 2608 1097 2647 quod
1106 2606 1182 2639 Urbs

311 2657 475 2689 Lincolm'ae
494 2656 530 2689 (ε’
541 2657 701 2690 Provincia
714 2655 854 2698 Lindiffae
867 2653 1082 2698 Arcbiepiscopo
1088 2657 1182 2688 eidem

305 2705 454 2749 subjacere
468 2706 623 2748 debuissent
636 2730 646 2745 ‚
674 2716 724 2739 nec
729 2711 828 2747 potuit
836 2704 923 2748 causa
935 2711 1109 2746 terminari,
1131 2708 1184 2739 do-

311 2767 363 2790 nec
373 2755 518 2790 Robertue
529 2761 657 2798 qutnque
667 2756 812 2789 librarum
831 2758 924 2789 millia
935 2758 1009 2799 Regi
1015 2763 1072 2796 pro
1093 2756 1180 2789 liber-

310 2815 373 2840 tate
397 2803 526 2846 Ecclefiae
546 2804 610 2847 fiiae
628 2811 790 2849 pepigerit.
819 2807 910 2849 ,Quod
919 2809 993 2849 Regi
1010 2807 1129 2848 quidem
1140 2807 1182 2838 Si-

309 2862 438 2896 moniae,
466 2854 592 2897 Praesult
604 2859 676 2889 verb
680 2858 711 2899 J
712 2856 816 2894 ustitia:
828 2857 1003 2898 deputatum
1014 2855 1068 2895 est.
1097 2857 1183 2889 Inter

311 2905 577 2940 cantuariensem
599 2908 633 2940 ὅ(
654 2905 890 2940 Eborac-ensem
913 2905 1183 2949 Archiepiscopos

312 2956 373 2989 fuit
395 2965 487 2990 vetus
507 2955 546 2990 lis
558 2955 599 2990 de
621 2955 694 2990 sede
715 2957 910 3000 suffraganea
937 2955 1183 2995 Lincolnienfi,

313 3014 380 3045 quae
400 3006 624 3039 Cantuarienfi
650 3005 768 3040 subesse
788 3007 909 3049 semper
926 3007 1062 3039 maluit.
1089 3006 1182 3039 Hinc

314 3050 393 3095 crgo
413 3053 478 3086 dati
502 3055 715 3099 Episcopatus
747 3057 884 3099 pretium
909 3057 976 3090 alio
1003 3055 1062 3089 sub
1086 3055 1183 3088 titulo

309 3111 488 3150 ,emungere
513 3105 622 3138 volens
644 3105 943 3145 GuilielmuSVRex
971 3107 1112 3139 minatus
1138 3105 1183 3138 est

315 3151 418 3193 ipsam
433 3149 618 3186 Eb‘oracenfi
630 3157 829 3199 supponere,
855 3166 951 3199 atque
965 3156 1007 3189 ita
1022 3155 1075 3188 ille
1087 3154 1183 3194 solus,

318 3210 387 3234 non
410 3198 573 3232 Robertus
598 3203 794 3247 Episcopus,
819 3206 955 3250 quiejus
975 3206 1183 3248 iniquitatem

314 3247 453 3285 redemit
465 3273 474 3288 ,
496 3250 655 3283 commisit
667 3252 861 3289 Simoniam.
892 3255 1045 3298 Ejusdem
1059 3256 1184 3288 senten-

313 3300 373 3333 tiae
394 3298 455 3331 fuit
474 3297 635 3334 Henricus
650 3299 871 3341 Vintoniensis
894 3305 1094 3348 Episcopu8‚
1120 3305 1185 3338 Ste-

315 3346 421 3392 phani
433 3347 534 3391 Regis
544 3347 637 3381 frater
646 3373 656 3389 ‚
683 3360 719 3382 ac
732 3343 929 3393 Apostoiicae
942 3355 1032 3389 Sedis
1050 3366 1105 3398 per
1117 3353 1186 3388 An-

317 3397 422 3443 gliam
443 3397 584 3440 Legatus
605 3422 615 3438 ‚
650 3399 667 3431 a
690 3410 758 3441 quo
791 3403 1004 3442 quarumdam
1034 3404 1185 3438 Afbbatia-

321 3459 393 3485 runa
404 3471 417 3493 ,
444 3446 555 3492 Regia:
574 3449 774 3486 commende
785 3449 974 3487 violentiam
992 3455 1129 3501 pecunia
1139 3465 1187 3490 re-

622 168 894 212 saeuum
931 167 1333 211 Pnooeiulnns
1370 164 1804 228 Dasea-rano,

1252 254 1448 290 d'imentium
1461 280 1471 296 ‚
1496 255 1675 293 &liberam
1696 260 1873 297 seeundum
1892 260 2046 299 Canones
2064 263 2129 299 elo-

1251 305 1394 340 &ionem
1408 306 1453 339 ita
1464 307 1718 350 recuperandum
1732 334 1743 350 ,
1768 314 1897 346 causam
1908 312 2001 348 fuiffe
2012 314 2128 357 proba.

1253 366 1322 389 tam
1343 356 1476 390 testatur
1494 356 1527 390 in
1549 355 1680 390 historia
1693 361 1819 395 novella
1827 362 2030 398 Guilielmus
2040 363 2130 397 Mal-

1249 405 1464 440 rnesberiensis
1487 432 1493 439 .
1524 407 1634 440 Etiam
1668 408 1884 446 venerabilem
1910 411 2126 448 Betthoidum

1249 455 1396 490 Elestum
1409 455 1693 490 Constantiensem
1707 481 1717 498 ‚
1737 458 1793 501 qui
1809 457 1865 492 fibi
1885 461 2126 506 perquemdam

1245 504 1416 539 Comitem
1429 507 1549 549 positos
1560 507 1709 541 ineundae
1730 509 1929 550 possessionis
1949 513 2061 548 obices
2072 524 2127 556 pe·

1247 555 1344 588 cunia
1370 555 1535 598 dissolvit,
1564 568 1677 602 purgat
1697 558 1731 590 in
1742 557 1808 600 ejus
1819 559 1885 592 vita
1901 558 2053 596 Albertus
2064 562 2126 597 Ar-

1246 605 1442 648 gentinenfis
1463 630 1470 637 .
1498 606 1605 640 Addit
1625 619 1696 641 eam
1719 607 1782 641 effe
1803 609 1927 651 praxim
1953 612 2124 654 omnium,

1245 655 1443 698 quiiniquos
1464 655 1662 691 istosalaica
1684 657 1841 701 potestate
1852 658 1961 693 obices
1982 669 2053 705 tum
2065 662 2124 696 ste·

1246 714 1384 746 quenter
1410 705 1615 748 patiebantur
1637 731 1648 748 ,
1675 719 1728 751 per
1754 708 1872 743 Sedern
1898 709 2129 753 Apostolicam.

1247 753 1455 789 provisorum
1470 780 1478 788 .
2128 789 2132 793 .

1294 803 1367 839 Nec
1380 803 1514 839 Sanetus
1526 806 1586 840 lvo
1600 807 1696 841 nobis
1707 807 1888 843 adversatur
1900 835 1907 841 .
1931 810 2010 854 Ejus
2023 810 2131 847 addu-.

1243 856 1310 888 &us
1333 855 1425 889 locus
1438 855 1484 889 est
1496 854 1632 890 modicae
1654 856 1862 893 authoritatis
1909 860 2119 905 Rigidiffima

1242 904 1330 938 enim
1354 905 1512 940 Romana:
1524 907 1674 941 Ecclesiae
1693 909 1860 943 adversum
1872 908 1971 944 laicas
1983 910 2122 945 Antisti-

1243 964 1313 987 tum
1327 955 1531 990 investituras
1548 958 1687 991 Decreta
1702 959 1898 1002 improbavit
1912 985 1922 1000 ,
1950 962 2063 995 volens
2074 960 2119 996 ob

1243 1015 1310 1038 rem
1333 1016 1393 1038 nec
1417 1006 1555 1040 naturali
1579 1018 1639 1040 nec
1664 1006 1778 1043 divino
1800 1010 1868 1051 jure
1896 1012 2029 1044 vetitam
2052 1022 2121 1045 non

1243 1055 1407 1089 committi
1418 1053 1640 1091 Sacerdotium
1658 1067 1754 1101 atque
1767 1059 1940 1102 imperium
1950 1086 1960 1102 ,
1986 1061 2127 1095 turbari·*

1243 1114 1304 1144 que
1315 1105 1547 1148 rempublicam
1569 1116 1669 1149 atque
1693 1108 1891 1150 Ecclefiam,
1913 1110 2067 1145 &dicens
2077 1122 2126 1145 ex·

1244 1154 1391 1187 Decretis
1413 1155 1482 1188 istis
1503 1156 1610 1189 enasci
1622 1156 1713 1198 plura
1737 1169 1940 1200 peccatorum
1953 1162 2095 1204 pericula
2107 1173 2127 1200 ‚¹

1244 1204 1411 1246 praesertim
1428 1205 1521 1238 variae
1530 1227 1540 1243 ‚
1566 1215 1664 1248 quam
1679 1205 1734 1240 sub
1745 1207 1938 1242 redimendae
1949 1211 2133 1244 vexaetitu-.

1242 1252 1275 1287 lo
1286 1253 1336 1287 vel
1349 1255 1424 1288 fuco
1437 1255 1682 1289 committerent
1706 1257 1865 1291 canonice
1882 1257 1984 1292 etiam
1995 1259 2096 1293 Electi
2107 1273 2130 1300 ,-

1243 1303 1396 1337 Simoniae
1414 1329 1421 1336 .
1452 1304 1525 1338 Nec
1546 1304 1784 1346 dubitandum,
1809 1309 1888 1351 quin
1913 1309 2018 1342 varius
2039 1309 2122 1352 ejus·

1244 1353 1333 1387 modi
1360 1355 1453 1388 fucus
1465 1364 1523 1397 pro
1547 1365 1623 1388 vero
1646 1355 1744 1390 titulo
1766 1367 1847 1392 tunc
1871 1358 1902 1390 se
1913 1357 2121 1402 vendiderit,

1241 1414 1336 1447 atque
1354 1415 1421 1437 non
1442 1415 1559 1438 vexam
1572 1403 1759 1446 redemerit,
1787 1406 1840 1440 sed
1852 1417 1960 1441 veram
1979 1410 2118 1443 causarit

1242 1453 1441 1487 Simoniam.
1464 1453 1642 1488 Praesertim
1661 1456 1737 1498 quia
1748 1455 1909 1498 ejusmodi
1922 1455 2130 1502 redemptio·-

1242 1514 1298 1537 nes
1309 1504 1407 1537 etiam
1422 1503 1550 1538 vetabat
1562 1515 1599 1538 ac
1610 1503 1785 1538 damnabat
1797 1506 1951 1540 Romana
1964 1502 2120 1549 E‘ccleria,

1244 1554 1401 1588 mandans
1423 1554 1646 1588 investituram
1667 1554 1790 1598 plenea
1805 1555 1952 1601 Regibus
1969 1556 2094 1592 dimitti
2108 1571 2132 1590 ‚t

1243 1604 1348 1638 Aufer
1358 1604 1603 1639 damnationem
1625 1604 1731 1645 hanc,
1757 1605 1861 1640 &ista
1882 1606 2040 1641 violentia
2063 1618 2130 1650 po·-

1247 1655 1352 1688 tuiffet
1365 1655 1504 1689 omnino
1521 1655 1654 1690 redimi.
1683 1655 1776 1690 Olim
1788 1656 1877 1691 enim
1891 1656 2003 1691 Patres
2015 1656 2117 1692 nostri

1243 1705 1343 1739 etiam
1364 1705 1560 1739 Idololatriae
1585 1706 1776 1740 violentiam
1801 1706 2002 1741 redemerunt
2021 1732 2028 1740 .
2056 1707 2130 1742 Atm

1244 1765 1355 1789 tamen
1370 1754 1560 1789 sanstiffima
1572 1755 1627 1790 illa
1642 1780 1652 1795 ,
1678 1756 1711 1789 ἃ
1725 1765 1804 1790 tunc
1815 1758 1956 1792 omnino
1978 1759 2123 1793 necestit-

1243 1806 1289 1839 ria
1301 1805 1440 1841 Decreta
1462 1805 1599 1841 istorum
1610 1806 1770 1840 malorum
1790 1805 1921 1842 fuerunt
1943 1807 2118 1843 dumtaxat

1243 1855 1369 1890 occafio
1383 1879 1394 1896 ,
1420 1866 1488 1889 non
1498 1856 1610 1897 causa,
1637 1856 1775 1900 ideoque
1784 1867 1821 1891 ea
1834 1857 2027 1902 improbans
2039 1859 2130 1892 San-'-

1242 1908 1307 1940 <stus
1319 1907 1376 1940 lvo
1386 1906 1520 1939 excessit
1532 1931 1539 1937 .
1567 1906 1671 1940 Sancti
1688 1906 1741 1939 An
1748 1907 1836 1941 selmi
1847 1907 2036 1951 exemplum
2047 1913 2130 1942 ποκ’

1243 1956 1318 1990 facit
1330 1956 1369 1990 ad
1383 1967 1465 1989 rem.
1493 1957 1612 1999 Neque
1623 1957 1712 1990 enirn
1723 1957 2009 1991 GuilielmusRex
2019 1957 2124 1992 illum·

1246 2006 1365 2050 Regno
1382 2005 1475 2048 ejecit
1487 2030 1494 2036 .
1523 2006 1622 2040 Varia
1641 2005 1844 2040 servituteab
1857 2006 1916 2040 illo
1935 2004 2127 2049 peffimeasss

1243 2055 1414 2099 fligebatur
1442 2055 1629 2099 Anglicana
1654 2056 1793 2090 Ecclesia
1814 2079 1824 2094 ‚
1850 2056 1991 2099 ideoque
2010 2055 2130 2091 omnio

1244 2106 1302 2138 bus
1314 2106 1405 2138 fimul
1429 2105 1461 2137 δε
1472 2105 1567 2138 semel
1579 2106 1680 2140 finem
1695 2106 1900 2149 impositurus
1910 2117 1965 2150 per
1976 2104 2129 2149 Apono·-

1242 2155 1310 2190 licat
1322 2154 1411 2188 Sedis
1430 2153 1662 2189 authoritatem
1684 2157 1819 2191 Sanstus
1833 2155 2003 2190 Anselmus
2015 2179 2027 2196 ‚
2053 2155 2125 2189 Re·-

1242 2216 1310 2249 gno
1336 2205 1535 2247 spontaneus
1552 2205 1683 2239 exceffit
1706 2229 1714 2236 .
1752 2205 1932 2248 Ejeffionis
1965 2205 2129 2248 injuriam>

1242 2254 1379 2288 omnino
1392 2279 1402 2295 ,
1428 2254 1478 2289 uti
1492 2254 1526 2291 in
1539 2254 1636 2289 fimili
1648 2254 1751 2298 specie
1764 2256 1841 2290 fecit
1862 2255 2027 2290 Robertus
2038 2254 2128 2289 Lin-·

1242 2305 1411 2339 colnienfis
1421 2304 1619 2349 Episcopus,
1647 2305 1799 2349 potuisset
1823 2307 1927 2350 pretio
1951 2306 2129 2340 evincere-⁸

1243 2354 1351 2389 Etiam
1373 2355 1467 2391 Lucii
1489 2355 1575 2389 tertii
1598 2357 1775 2390 Decretum
1801 2366 1869 2388 non
1890 2355 1936 2390 est
1957 2354 1999 2388 ad
2020 2365 2090 2389 rem
2105 2377 2116 2387 .

1242 2405 1362 2440 Nostra
1383 2406 1500 2449 quippe
1512 2405 1639 2440 affertio
1658 2405 1700 2439 de
1711 2405 1779 2438 sola
1802 2404 1946 2449 loquitur
1969 2403 2128 2437 violenta*

1241 2455 1357 2498 injuria
1380 2479 1390 2495 ,
1417 2466 1488 2496 quae
1508 2455 1686 2498 Superioris
1706 2453 1906 2489 authoritate
1929 2464 1996 2488 non
2019 2453 2118 2499 poffie

1240 2505 1362 2540 averti.
1390 2503 1534 2539 Proinde
1559 2505 1686 2539 Electus
1709 2504 1764 2537 ille
1781 2525 1793 2542 ,
1818 2513 1887 2538 non
1904 2502 2129 2542 muneribus,

1243 2555 1295 2590 sed
1317 2567 1371 2599 per
1381 2556 1473 2589 suum
1495 2553 1747 2597 Metropolitam
1759 2577 1770 2592 ,
1795 2562 1851 2587 aut
1861 2563 1915 2596 per
1927 2552 2126 2586 Dominum

1243 2605 1363 2650 Papam
1387 2604 1541 2641 debuerat
1562 2613 1687 2637 motam
1711 2602 1770 2636 fibi
1790 2602 1809 2636 a
1830 2603 1951 2637 minori
1963 2601 2129 2646 Capituli—

1242 2665 1327 2698 parte
1336 2653 1583 2689 contentionem
1598 2653 1701 2696 sopire
1713 2676 1721 2684 .
1749 2652 1793 2686 Et
1804 2651 1839 2685 in
1853 2652 2019 2695 quibusvis
2029 2651 2115 2686 circa

1241 2706 1399 2740 beneficia
1412 2713 1467 2738 aut
1491 2703 1555 2738 alia
1575 2701 1873 2744 EcclefiasticaJura
1896 2701 2010 2736 litibus
2023 2710 2125 2744 pecu-¹

1243 2756 1378 2790 niariam
1401 2753 1646 2787 transafflonem
1668 2763 1735 2786 non
1750 2753 1943 2795 permittunt
1963 2750 2042 2786 sacri
2053 2750 2127 2785 Ca·-

1244 2818 1365 2847 nones,
1387 2805 1444 2839 nisi
1469 2814 1540 2845 quae
1564 2803 1620 2836 fiat
1644 2814 1699 2846 per
1723 2801 1847 2836 Praelati
1861 2801 2127 2836 authoritatem.-

1244 2857 1336 2890 Hinc
1359 2851 1510 2889 &Sancti
1522 2850 1670 2886 Anselmi
1686 2851 1830 2895 Epistola
1843 2852 1885 2886 ad
1909 2861 2059 2886 remonon
2070 2849 2125 2883 fa·-

1243 2907 1287 2939 cit
1301 2931 1307 2937 .
1335 2904 1554 2939 Guilielmum
1564 2903 1653 2937 enim
1666 2902 1813 2937 Eiectum
1826 2901 1914 2934 nulla
1934 2898 2089 2934 violentia
2101 2920 2115 2938 ,

1245 2956 1296 2989 sed
1312 2956 1378 2989 sola
1390 2964 1481 2999 prece
1491 2953 1651 2996 adgressus
1659 2953 1723 2986 fuit
1736 2952 1808 2986 Rex
1820 2950 1986 2985 Henrieus
1995 2971 2007 2988 ,
2025 2947 2124 3002 ideo-›

1244 3016 1305 3046 que
1329 3005 1408 3039 citra
1428 3003 1598 3039 fundatam
1629 3002 1785 3037 Simoniae
1811 2999 2023 3044 suspicionem
2046 3007 2125 3038 ejus

1245 3054 1405 3099 postulata
1417 3065 1484 3088 non
1498 3061 1650 3096 poterant
1662 3051 1807 3095 impleri.

1294 3105 1372 3138 Huc
1383 3104 1482 3138 etiam
1494 3103 1675 3146 spectatula
1687 3100 1846 3137 simonia,
1856 3097 2003 3131 adversus
2013 3107 2114 3141 quam

1245 3157 1279 3187 in
1300 3155 1415 3189 litteris
1433 3154 1474 3188 ad
1486 3153 1652 3188 universos
1674 3147 1906 3192 Hispssfiafflm
1932 3146 2114 3191 EP5s00P0⁵

1245 3203 1355 3237 scribit
1377 3202 1555 3237 Hormisda
1576 3201 1732 3236 Pontifex
1754 3209 1762 3230 ²

1239 3253 1443 3296 sollicitudinis
1478 3255 1512 3287 &
1541 3252 1748 3287 admonitionis
1767 3251 1935 3280 omittimus
1958 3272 1970 3287 ‚

1243 3304 1291 3337 ille
1297 3302 1360 3347 sea?
1372 3305 1458 3346 culpa
1470 3299 1725 3344 asttmeulunum
1736 3320 1747 3336 ‚
1772 3301 1822 3338 qui
1842 3296 1894 3338 “fi
1911 3295 1972 3340 ‘Psc
1991 3297 2112 3339 quum

1245 3355 1264 3385 ἃ
1288 3356 1486 3396 redemptione
1504 3350 1577 3385 liber
1597 3351 1764 3380 initiaverit
1787 3346 1984 3380 benedtfflone
2001 3344 2113 3385 mystica

1246 3406 1429 3438 sacerdotem
1438 3426 1450 3442 ,
1476 3402 1510 3434 ἐν
1521 3407 1622 3431 tamen
1631 3398 1676 3429 ad
1684 3398 1805 3430 alterius
1814 3397 1961 3437 redempti
1971 3397 2114 3428 volunta-

1246 3464 1303 3488 tem
1314 3451 1470 3499 velsponte
1478 3454 1513 3482 in
1527 3446 1577 3482 boc
1587 3447 1639 3482 vel
1647 3447 1803 3490 neceffttate
1813 3443 1985 3492 consmfteir
1995 3446 2118 3537 23⁹1ae

1948 3503 2007 3539 pro

1798 3201 1867 3231 Nec
1893 3195 1970 3230 banc
1987 3205 2124 3239 partem
2133 3214 2269 3254 5951&sp

2003 3257 2041 3281 ne
2061 3246 2116 3280 vet
2131 3266 2156 3287 c.
2180 3267 2206 3285 ι.
