2352 3736
49 1337 122 1375 (Ἀρ.
135 1315 162 1375 9,.

480 123 590 172 'De
658 128 701 172 S.
772 129 1101 173 LEONIS

295 264 836 328 CALUMNIA
906 262 1031 314 xii.

227 382 364 431 Latini
399 380 559 448 filtrum
584 379 787 450 ssaptisma
815 385 872 429 ita
894 395 1103 448 peragunt*⁹

330 470 373 501 ut
398 474 454 508 ros
489 458 551 523 qui
575 454 821 520 baptizantur
847 487 860 510 ,
898 453 1004 496 unica

461 524 626 588 mersione
659 523 852 589 baptz'Q’nt
866 556 878 567 .

309 663 441 706 Andem
463 662 661 697 calumniam
683 660 779 695 nobis
797 660 951 704 impingit
974 657 1106 691 Marcus

336 713 548 758 Ephesiorum
563 711 850 754 Archiepiscopus:
879 712 962 741 Bina
980 718 1036 750 per
1047 708 1106 741 La-

229 765 508 799 tinos'inducuntur
523 760 717 805 Baptismata
730 785 736 792 .
763 766 859 793 Unum
869 758 946 801 quod
956 763 1039 790 trina
1050 756 1103 788 lm·

229 813 366 855 merfi'one
389 814 537 856 confertur
550 839 559 853 ,
586 814 710 846 alterum
727 811 808 852 quod
826 819 912 850 aquae
939 806 1106 849 infusionen}

225 862 341 907 summo
362 870 472 898 vertice
494 889 501 896 .
528 865 610 897 Duo
632 862 665 894 in
690 859 786 893 nobis
807 861 916 901 culpat
937 882 944 888 .
969 856 1098 896 Primo,

226 913 319 957 quod
342 915 459 948 trinam
483 924 550 945 non
575 908 789 943 adhibeamus
807 909 998 942 mersionem
1019 932 1026 939 .
1053 908 1108 940 Se:

224 962 341 997 eundo
361 987 372 1003 ,
399 961 488 1004 qudd
510 959 688 1004 aliquando
723 971 784 993 nec
811 959 942 992 unicam
966 972 977 991 :
1004 956 1104 1005 Qdd

228 1012 345 1054 nempe
365 1007 522 1054 quosdam
558 1008 789 1053 perfundamus
823 1009 993 1042 dumtaxat
1015 1032 1024 1047 ,
1053 1016 1108 1040 aut

227 1061 474 1106 adspergamus.
503 1062 546 1094 Et
568 1061 608 1094 de
620 1059 783 1103 Gregorio
806 1055 1080 1093 Hieromonacho
1094 1082 1103 1097 ‚

227 1110 462 1145 Alexandrinae
483 1111 630 1144 Ecclesiae
649 1109 861 1149 primicerio,
887 1119 924 1142 ac
936 1107 1107 1141 Philothei

226 1160 420 1196 Patriarchae
432 1159 471 1195 ad
485 1159 712 1195 Florentinam
725 1158 896 1200 Synodum
912 1158 945 1191 V
949 1158 1048 1194 icario
1061 1168 1106 1190 at-

225 1221 291 1255 que
302 1212 429 1256 Legato
443 1235 454 1250 ,
480 1210 587 1244 scribit
610 1209 644 1242 in
657 1209 797 1253 ejusdem
809 1208 954 1242 Concilii
976 1206 1108 1240 historia

225 1260 390 1304 Sylvester
420 1261 621 1305 Sguropulus
641 1273 652 1293 .·
679 1261 755 1292 Ante
775 1260 904 1291 triduum
928 1267 993 1290 cum
1021 1260 1109 1289 Petro

224 1313 356 1354 quodam
376 1311 533 1343 Calabrico
553 1316 585 1343 in
610 1308 836 1352 disputationem
855 1309 985 1341 incidens
998 1308 1034 1340 de
1047 1310 1110 1338 Ba·

219 1359 328 1404 ptismi
348 1363 535 1395 sacramento
557 1386 567 1402 ‚
594 1363 719 1393 Latinos
752 1358 933 1399 christiana·
963 1358 1105 1400 Religioni

220 1419 281 1454 per
292 1416 519 1455 regenerationis
539 1412 693 1443 lavacrum
705 1420 761 1441 non
772 1410 829 1441 rite
861 1413 997 1447 initiatos
1010 1418 1109 1451 argue-

224 1461 280 1495 hat
291 1486 302 1502 ,
323 1462 402 1503 quod
409 1463 511 1494 multis
519 1459 687 1502 sanc‘lorum
701 1462 830 1492 Parrum
854 1458 1025 1498 testimoniis
1037 1468 1109 1490 com-

223 1510 370 1554 probavit
380 1536 390 1552 ,
416 1516 466 1553 qui
478 1509 595 1553 Raptis
590 1518 668 1542 mum
679 1509 865 1542 delinearunt
878 1532 888 1547 ,
914 1506 1020 1549 quibus
1034 1517 1111 1539 nem-

224 1561 384 1603 pentibus
406 1566 438 1593 in
456 1562 555 1594 eodem
573 1558 689 1602 fingula
710 1557 951 1596 administrentur
964 1579 972 1586 .
1000 1555 1110 1588 Etiam

227 1610 290 1644 ifle
302 1611 483 1654 Gregorius
498 1621 539 1642 ex
562 1610 676 1640 iisdem
687 1604 848 1648 capitibus
869 1604 1039 1639 affirmavit
1052 1614 1112 1637 nos

226 1670 292 1693 nec
304 1657 451 1703 legitime
473 1669 534 1691 nec
547 1655 654 1690 valide
663 1655 846 1698 baptizatos
857 1678 864 1685 .
894 1655 937 1687 Et
950 1655 1112 1696 Sguropu-

224 1708 281 1742 lus
300 1709 474 1742 confirmat
490 1732 497 1739 .
525 1705 723 1739 Constanter
735 1704 887 1737 asseverat
902 1712 961 1735 nos
975 1701 1110 1734 Latinos

229 1760 320 1790 Sacro
331 1755 576 1799 Baptismifonte
585 1766 643 1787 non
666 1753 866 1792 ririablutos,
894 1751 1032 1793 ideoque
1056 1762 1112 1784 no-

229 1807 355 1842 biscum
364 1806 557 1840 tentandam
569 1816 636 1838 non
649 1804 742 1838 fuisse
754 1804 931 1836 unionem.
958 1799 1111 1834 Fundam:

229 1858 312 1892 sein
334 1857 472 1899 septimo
496 1854 637 1888 Canone
660 1851 1036 1894 Constantinopolitanae
1054 1853 1114 1893 Sy-

227 1906 337 1942 nodi:
362 1909 563 1938 Eunomianos
576 1928 587 1944 ‚
613 1909 663 1946 qui
687 1909 719 1935 in
731 1914 822 1936 unam
844 1900 1047 1943 demersionem
1063 1901 1115 1933 ba.

224 1963 394 2000 petuntur
407 1979 418 1995 ‚
440 1964 476 1987 at
488 1957 605 1987 Graecos
618 1955 808 1987 admittimus
821 1977 831 1992 ‚
857 1954 892 1985 tit
903 1951 1091 1993 baptizamus
1106 1975 1112 1981 .

228 2007 291 2042 Ad
303 2005 367 2039 haec
380 2005 470 2038 enim
482 2005 576 2038 verba
588 2003 695 2037 scribit
707 2002 908 2037 Theodorus
919 2000 1091 2034 Balsamon
1105 2013 1112 2032 ε

231 2060 321 2090 Nota
335 2067 372 2087 ex
381 2053 528 2096 prasenti
538 2058 676 2092 Canariae,
706 2054 788 2095 qued
795 2063 894 2085 omnes
905 2057 956 2093 qul
970 2056 1002 2083 in
1019 2062 1110 2082 unam

231 2102 434 2144 demersionem
464 2103 661 2146 baptizantur
683 2127 693 2143 ,
721 2101 838 2146 rursum
868 2100 1090 2143 rebaptizentur
1107 2126 1114 2132 .

226 2152 388 2189 Omnino
401 2162 494 2187 notat
517 2164 575 2188 nos
589 2153 729 2187 Latinos
740 2178 747 2185 .

285 2203 397 2248 Pergit
419 2203 620 2247 Sguropulus
640 2215 646 2235 :
676 2205 764 2236 Dixit
793 2205 979 2236 Primicerius
1004 2204 1114 2240 Petro,

229 2253 384 2297 ‚Quidfibi
397 2256 463 2285 vult
473 2252 526 2292 ista
541 2265 602 2286 vox
616 2276 625 2292 ,
652 2250 813 2294 Baptisma
828 2253 844 2284 ἓ
871 2257 917 2285 An
941 2261 975 2285 ut
995 2262 1072 2294 aqua
1084 2253 1115 2284 ln

230 2305 360 2344 alicujus
371 2311 458 2345 caput
470 2302 589 2343 affatim
600 2302 770 2344 effundatur
781 2327 792 2343 ,
817 2314 858 2335 an
875 2308 976 2344 potius
1001 2310 1036 2334 ut
1049 2306 1116 2343 quis

230 2360 266 2386 iri
281 2355 422 2394 fluentem
443 2351 602 2395 descendat
615 2377 625 2393 ,
652 2354 687 2387 (εἴ
707 2351 867 2396 adscendat
890 2347 1042 2394 immersus
1062 2363 1116 2384 un-

232 2405 282 2437 dis
296 2405 312 2436 2
341 2402 493 2444 Inficianti
503 2411 601 2437 autem
621 2406 709 2437 Petro
732 2404 822 2436 talem
838 2413 916 2435 num·
940 2401 1116 2443 baptizandi

231 2458 327 2487 ritum
341 2452 500 2496 usurpari,
530 2455 564 2486 ό·
579 2451 851 2496 Catabaptismatis
875 2463 977 2485 nomen
989 2456 1116 2491 mereri,

232 2505 315 2546 quod
333 2506 521 2536 Primicerius
531 2502 654 2545 postulet
668 2518 678 2536 :
705 2504 848 2541 Minime,
874 2500 1024 2544 respondit
1047 2504 1111 2533 Pri-

229 2547 369 2586 micerius
380 2577 391 2594 ,
415 2556 513 2586 Erras
523 2558 555 2585 in
568 2562 685 2591 aetyrno.
714 2558 801 2586 Nam
812 2550 1116 2593 Catabaptismapro-

229 2605 299 2645 prie*
321 2609 462 2643 accipitur
486 2627 497 2642 ‚
523 2604 643 2645 quando
667 2602 847 2645 descendunt
878 2607 911 2635 in
937 2602 1055 2640 undas,
1082 2602 1116 2634 (⁹⁶

231 2663 295 2685 mn
318 2652 522 2693 adscendunt.
551 2652 779 2695 Athaptrsmus
802 2654 892 2691 vult,
918 2661 952 2684 ut
972 2657 1003 2683 r’n
1025 2651 1114 2682 undis

232 2701 387 2742 baptizari·
395 2702 570 2741 proluuntur
580 2727 589 2742 ‚
619 2703 653 2735 (θ’
664 2702 701 2734 ab
711 2704 800 2735 undis
812 2703 856 2734 ad
866 2707 964 2744 ripam
976 2701 1108 2734 redeant.

233 2747 356 2784 ‘Petrus
366 2749 504 2782 Calaber
526 2751 624 2784 solam
637 2777 647 2791 ,
674 2762 752 2786 tunc
764 2752 782 2784 a
795 2751 920 2785 Latinis
943 2750 1090 2784 usitatam
1105 2774 1115 2790 ‚

232 2799 455 2848 perfusionem
486 2799 626 2832 sufficere
651 2824 662 2839 ‚
688 2802 869 2846 Gregorius
906 2800 1116 2834 primicerius

233 2850 345 2884 voluit
356 2849 473 2893 requiri
494 2849 686 2881 mersionem
700 2861 737 2886 ac
757 2852 965 2884 emersionem
978 2873 988 2888 ‚
1014 2851 1116 2883 solam

230 2899 474 2935 demersionem
495 2898 594 2932 ambo
619 2899 810 2932 censuerunt
835 2899 897 2933 esse
918 2899 1118 2943 Catabaptis-

238 2961 351 2984 mum.
382 2949 425 2983 Et
448 2951 493 2982 ita
518 2946 707 2982 hodiernam
724 2972 734 2987 ,
760 2960 830 2991 quae
843 2949 908 2981 sola
918 2948 1117 2983 demersione

235 2999 436 3044 baptismum
460 2998 616 3041 compleri
639 2998 725 3041 posse
761 3008 908 3032 autumat
928 3021 941 3037 ‚
967 3009 1119 3041 quorum-

238 3050 318 3084 dam
351 3048 627 3083 Scholasticorum
662 3048 853 3081 sententiam
886 3049 1115 3091 praefocarunt.

240 3099 286 3134 Et
297 3099 414 3133 merito
426 3124 433 3132 .
461 3098 596 3132 Etenim
611 3097 764 3131 adversus
777 3098 1029 3132 parmenianum
1042 3098 1115 3133 Car-

240 3147 468 3192 thaginensem
523 3147 769 3183 Donatistarum
806 3146 1094 3191 Archiepiscopum
1107 3173 1118 3189 ‚

241 3198 298 3241 qui
308 3198 450 3232 Domini
460 3210 591 3233 carnem
605 3198 728 3232 dixerat
733 3199 877 3243 Jordani·
895 3196 1058 3240 demersam
1075 3199 1118 3231 dt-

238 3250 322 3282 buvio
334 3272 345 3288 ‚
372 3247 492 3291 scripsit
515 3250 649 3283 Sanetus
670 3250 812 3291 Optatus
824 3247 1002 3290 Episcopus
1021 3247 1117 3283 Mile·

240 3298 372 3332 vitantis
394 3312 402 3330 :
428 3300 510 3330 Satis
536 3299 742 3340 inconfiderate*
766 3297 816 3330 boc
843 3295 913 3340 usus
946 3308 978 3330 es
1004 3297 1116 3331 verbo.

238 3348 336 3392 Quod
358 3348 482 3381 verbum
498 3345 553 3389 fiili
566 3347 719 3382 Pharaoni
741 3349 774 3382 (5
787 3349 851 3389 ejus
869 3348 976 3388 populo
997 3347 1119 3381 debeba-

234 3405 289 3431 tur
302 3423 314 3441 ‚
339 3406 390 3439 qut
405 3399 534 3439 pondere
559 3397 748 3438 deliciorum,
771 3407 921 3442 tanquam
938 3397 1094 3441 plumbum
1106 3424 1116 3441 ,

335 3447 449 3489 Christ.
464 3451 542 3491 Lupi
550 3452 636 3491 Oper.
649 3451 779 3482 Tom.1V.

1175 126 1776 173 N0N1Acrrs.
1881 130 1975 190 3387

1165 214 1209 242 ita
1224 207 1334 252 mersus
1349 199 1407 249 fii,
1435 208 1519 242 utibi
1539 207 1729 251 remanserit.
1756 209 1865 250 christi
1888 220 1985 245 autem
1997 225 2043 246 ca-

1165 271 1212 299 ro,
1242 261 1313 292 dum
1324 265 1356 292 in
1359 262 1390 304 J
1394 261 1506 292 ordane
1518 257 1667 302 descendit
1687 261 1720 293 (ψ
1732 258 1904 303 adscendit,
1931 263 2043 298 denier-

1161 308 1199 352 sa
1210 310 1230 340 ἃ
1240 318 1269 342 te
1282 311 1340 342 dici
1351 321 1408 341 non
1420 309 1521 343 debuit
1530 334 1537 340 .
1795 337 1798 341 .

1217 359 1269 392 De
1283 358 1523 402 baptizantibus
1535 358 1704 403 Apostolis
1725 360 1833 394 scribit
1848 361 1879 394 in
1895 360 1995 396 Libro
2004 361 2046 396 de

1167 408 1326 451 baptismo
1337 408 1583 443 Tertullianus.-
1610 410 1708 442 Nulla
1721 410 1864 450 dillinc‘lio
1884 410 1942 452 est,
1969 412 2047 446 marc*

1167 465 1234 500 quis
1244 471 1284 491 an
1290 458 1393 502 stagno
1405 483 1415 499 ,
1437 459 1558 500 flumine
1569 471 1609 491 an
1613 459 1723 502 fonte,
1748 461 1812 494 lacu
1830 472 1872 493 an
1893 462 1979 495 alveo
2000 463 2048 495 ΑΡ
2067 445 2138 483 (3²9¹
2155 453 2181 478 4'

1167 510 1264 542 luatur
1283 534 1289 540 .
1315 513 1383 542 Nec
1391 510 1552 550 quidquam
1563 510 1655 551 refert
1676 516 1757 543 inter
1774 522 1822 543 eos
1835 533 1845 548 ,
1870 522 1941 553 quos
1944 516 1976 556 J
1978 523 2048 544 oan-

1168 570 1219 591 nes
1239 564 1270 591 in
1274 560 1438 603 Jordane‚
1463 560 1497 592 (9·
1523 570 1593 599 quos
1620 563 1728 593 Petrus
1748 566 1781 592 in
1804 559 1904 598 Tybm
1927 567 2044 594 tinxit,

1168 613 1201 640 N
1204 608 1238 650 isi
1257 611 1290 642 Θ·
1300 609 1348 641 ille
1354 607 1450 651 spado
1460 632 1470 648 ‚
1498 621 1584 651 quem
1598 608 1753 652 Philippus
1767 616 1846 643 inter
1859 617 1930 643 vias
1934 610 2046 652 fortui-

1168 668 1200 691 ta
1211 670 1291 700 aqua
1302 663 1418 696 tinxit,
1440 660 1509 699 plus
1527 658 1639 700 salutis
1660 665 1824 693 autminus
1850 658 1965 695 retulitss
2001 661 2047 694 Ec

1167 708 1198 740 in
1213 708 1352 741 secunda
1365 707 1532 750 Apologia
1559 708 1666 741 scribit
1687 710 1727 741 de
1740 710 1938 752 baptizandis
1952 710 2046 753 Justi-

1169 769 1227 790 nus
1238 757 1366 799 Martyr
1378 768 1384 787 :
1416 758 1461 792 Εό
1472 757 1662 791 adducuntur
1673 759 1692 788 ἁ
1705 759 1786 791 nobis
1800 784 1812 799 ,
1840 760 1889 790 ubi
1901 759 1938 798 est
1948 772 2026 802 aqua
2037 783 2046 793 .

1170 807 1300 850 Utique
1313 804 1352 840 ad
1365 817 1450 839 mare
1461 830 1472 845 ,
1499 807 1620 839 fiumen
1633 831 1642 846 ,
1675 806 1782 842 lacurn
1795 831 1805 847 ‚
1833 818 1888 841 aut
1900 810 2028 842 fontem
2037 822 2051 842 ,τ

1172 857 1212 890 Et
1229 857 1275 889 de
1287 858 1403 890 Sansto
1417 856 1579 890 pontifice
1596 855 1729 890 Vistore
1753 856 1850 891 habet
1866 856 1947 891 liber
1962 858 2053 891 Pon-

1168 906 1309 940 tificalis:
1339 910 1393 939 Hic
1405 905 1547 946 constituit
1561 931 1571 946 ,
1596 916 1629 939 ut
1642 908 1799 947 neceffitate
1803 907 1938 948 faciente
1950 933 1960 949 ‚
1986 908 2051 941 ubi-

1168 968 1285 999 cumque
1306 962 1445 990 inventus
1461 956 1565 999 fuisset
1575 962 1744 999 quicumque
1767 957 1915 991 bominum
1934 969 1970 991 ex
1979 969 2051 1001 gen-

1170 1007 1245 1039 tihus
1259 1013 1403 1046 veniens,
1427 1005 1486 1046 five
1506 1013 1539 1039 in
1557 1006 1678 1047 flumine
1692 1033 1701 1048 ‚
1722 1007 1787 1048 five
1812 1014 1845 1043 in
1868 1013 1968 1048 mari,
1989 1006 2054 1048 five

1170 1056 1291 1098 insonte
1302 1080 1311 1095 ,
1331 1055 1395 1097 five
1407 1062 1439 1089 in
1443 1056 1547 1099 stagno
1567 1057 1776 1098 baptizaretur
1793 1083 1803 1099 ,
1831 1067 1950 1091 tantum
1963 1057 2056 1090 chri·-

1165 1108 1272 1148 stianae
1289 1107 1474 1139 credulitatis
1499 1107 1662 1148 conseffione
1683 1109 1858 1149 declarata,
1883 1114 1996 1151 integer
2009 1107 2060 1148 esa

1166 1157 1297 1199 ficeretur
1320 1155 1522 1196 christianus.
1554 1156 1718 1191 Videntur
1741 1158 1841 1200 aliqui
1864 1156 1904 1191 de
1927 1157 2052 1191 datoin

1171 1205 1399 1243 communibus
1435 1207 1519 1240 locis
1556 1206 1717 1249 baptismo
1753 1217 1833 1241 tunc
1869 1207 2027 1240 dubitasse
2039 1203 2061 1239 .’

1171 1257 1274 1305 Qod
1289 1256 1559 1300 frequentissimus
1572 1257 1653 1291 olirn
1669 1257 1763 1292 fuerit
1784 1257 1841 1291 iste
1853 1255 2032 1300 baptismus
2042 1281 2054 1296 ,

1171 1306 1395 1342 demonstrant
1407 1306 1541 1350 plurima
1553 1306 1741 1350 Martyrum
1763 1307 1901 1351 antiqua
1914 1308 1995 1341 Asta
2018 1306 2054 1339 δε

1172 1357 1338 1400 exempla.
1368 1358 1411 1390 Et
1437 1356 1476 1391 de
1488 1358 1606 1391 saneto
1633 1357 2055 1402 Gregorio‘Armeniornm

1175 1407 1356 1450 Apostolo,
1383 1407 1473 1451 quod
1495 1418 1626 1441 centum
1645 1408 1678 1441 ὅ(
1691 1408 1813 1453 viginti
1829 1407 1933 1441 millia
1952 1405 2057 1450 bapti-

1173 1458 1293 1492 zaverit
1313 1457 1347 1489 in
1364 1457 1496 1491 Eufrate
1510 1481 1520 1496 ‚
1547 1457 1686 1490 affirmat
1708 1457 1895 1492 authentica
1923 1456 1990 1498 ejus
2012 1456 2058 1488 vi-

1173 1516 1205 1539 ta
1219 1530 1229 1545 ‚
1255 1508 1288 1540 ὅς
1299 1506 1470 1539 confirmat
1484 1507 1516 1539 in
1530 1507 1631 1549 prima
1645 1507 1804 1541 lnveffiva
1816 1508 1902 1542 Isaac
1915 1504 2059 1549 ejusdem

1173 1556 1281 1599 gentis
1304 1554 1489 1587 Patriarcha
1505 1579 1512 1586 .
1543 1556 1585 1587 Et
1597 1545 1862 1590 Christianoruii‘i
1881 1557 1981 1589 etiam
1996 1555 2063 1587 Re.

1174 1615 1252 1649 gum
1272 1603 1473 1647 temporibus
1496 1603 1655 1646 plurimos
1675 1605 1859 1639 desiderasse
1884 1604 2060 1647 baptizari,

1174 1655 1207 1686 δε
1221 1653 1401 1694 baptizatos
1412 1653 1503 1685 fuisse
1524 1653 1557 1684 in
1573 1654 1734 1694 Jordane,
1761 1655 1807 1688 est
1828 1655 1984 1688 omnibus
1995 1666 2060 1687 mae

1176 1701 1327 1734 nifestum
1350 1726 1356 1733 .
1385 1701 1474 1735 Nam
1498 1701 1532 1734 ὃς
1558 1701 1703 1745 Magnus
1726 1704 1965 1737 Constantinus
1990 1709 2006 1742 ,’
2026 1704 2061 1736 δε

1175 1752 1321 1795 Magnus
1346 1751 1480 1784 Basilius
1498 1751 1791 1787 id'desiderarunt.
1818 1752 1922 1800 Qod
1943 1754 2063 1787 Hiero-¹

1175 1801 1306 1844 solymae
1324 1800 1504 1844 Episcopus
1530 1798 1679 1835 habuerit
1704 1802 1897 1847 singularem
1922 1827 1931 1842 ,
1959 1801 2062 1845 bapti-

1172 1850 1290 1885 zandis
1313 1849 1419 1884 isthuc
1437 1849 1570 1884 advenis
1592 1852 1773 1893 praefectum
1794 1850 1953 1890 Clerum‚
1980 1852 2064 1885 affir-

1175 1912 1243 1935 mat
1267 1900 1300 1933 in
1326 1899 1482 1944 spirituali
1505 1899 1604 1934 Prato
1627 1901 1762 1935 Sanctus
1779 1901 1985 1946 Sophronius
2006 1899 2065 1935 ibi-

1172 1952 1250 1986 dem
1273 1949 1455 1984 Patriarcha
1471 1974 1478 1981 .

1226 2001 1359 2035 Interim
1370 2000 1419 2035 uti
1433 2002 1533 2034 sacras
1548 2000 1696 2035 Basilicas
1714 2025 1724 2041 ,
1751 2002 1837 2036 ita&
1850 2003 1933 2035 sacra
1947 2001 2063 2043 Bapti-

1172 2051 1268 2085 steria
1282 2049 1399 2084 habere
1422 2051 1545 2094 semper
1569 2047 1801 2096 studuitatque
1825 2051 1938 2085 habuit
1952 2051 2065 2084 omnis

1177 2100 1234 2135 sub
1248 2101 1345 2134 Coelo
1361 2101 1500 2135 Ecclesia
1512 2125 1519 2133 .
1551 2102 1593 2135 Et
1607 2099 1672 2135 haec
1690 2104 1759 2145 post
1782 2102 1891 2136 datam
1902 2101 1919 2134 ὲ
1932 2102 2063 2145 Magno

1174 2151 1402 2185 Constantino
1450 2162 1561 2194 pacem
1607 2151 1738 2186 fuerunt
1790 2151 2041 2195 splendidiffima
2056 2175 2064 2183 .

1173 2201 1275 2247 Qod
1290 2202 1354 2244 ipsa
1377 2200 1478 2235 etiam
1501 2201 1640 2245 gentiles
1665 2212 1918 2241 venerarentur,
1946 2202 1976 2235 ὅ(
1991 2200 2064 2233 hor-

1175 2260 1282 2285 rerent
1307 2250 1472 2285 offendere
1486 2275 1496 2291 ‚
1525 2250 1633 2285 scribit
1654 2251 1693 2286 ad
1717 2253 1864 2286 Leonem
1886 2251 2064 2294 Imperato-

1176 2313 1243 2336 rem
1256 2325 1266 2341 ,
1293 2301 1326 2336 δε
1342 2299 1518 2335 Timothei
1535 2301 1646 2335 AEluri
1662 2327 1670 2341 ,
1699 2302 1754 2345 qui
1766 2304 1916 2337 Sanctum
1929 2302 2064 2335 Patriar-

1174 2351 1271 2386 cham
1284 2351 1469 2386 Proterium
1490 2350 1558 2384 illic
1573 2353 1765 2394 praesumpsit
1788 2352 1957 2390 occidere,
1984 2351 2062 2384 saci-

1177 2414 1237 2435 nus
1264 2401 1340 2436 inde
1362 2411 1536 2447 exaggerat
1563 2401 1762 2436 Ortho'doxa
1786 2402 1929 2447 AEgypti
1958 2401 2066 2443 Syno-

1176 2451 1250 2486 dus.
1285 2451 1399 2486 Exstat
1421 2451 1558 2495 epistola
1584 2452 1653 2496 post
1678 2452 1851 2494 synodum
1881 2451 2062 2486 Chalcedo-

1177 2503 1322 2535 nensern.
1350 2500 1547 2535 Habuerunt
1571 2503 1656 2536 varia
1685 2504 1821 2536 nomina
1844 2528 1851 2534 .
1880 2502 1978 2535 Distu
1995 2503 2064 2534 fue·
2086 2499 2130 2538 ’ΞΡ-
2150 2511 2195 2528 22·

1177 2561 1250 2585 runt
1273 2549 1400 2585 concha
1421 2574 1432 2590 ‚
1458 2553 1531 2585 fons
1557 2575 1567 2590 ,
1594 2552 1749 2587 balneum
1777 2578 1786 2592 ‚
1815 2552 1936 2596 piscina
1963 2576 1969 2583 .
1999 2552 2062 2584 Eo·

1176 2612 1248 2634 rum
1259 2602 1398 2635 formam
1410 2601 1562 2634 describit
1576 2601 1609 2634 in
1636 2602 1737 2645 prima
1752 2602 1983 2645 Mystagogica
2000 2600 2064 2635 Ca·

1176 2649 1289 2684 techesi
1303 2652 1437 2685 Sandius
1451 2651 1597 2694 Cyrillus
1611 2653 1853 2694 Hierosolyma«
1869 2651 2057 2693 Episcopus:

1177 2702 1289 2744 Ingreffi
1311 2700 1380 2740 estis
1400 2706 1588 2741 triporticum
1610 2703 1713 2734 domus
1738 2701 1934 2742 Baptisterii.
1963 2700 2005 2733 Et
2019 2699 2060 2732 de

1178 2762 1264 2783 novo
1278 2750 1399 2783 SanAEtis
1423 2749 1558 2792 Joannis
1579 2753 1664 2792 apud
1691 2750 1927 2784 Alexandriam
1952 2749 2062 2792 Bapti·

1178 2800 1272 2833 sterio
1288 2799 1400 2833 scribit
1412 2790 1543 2842 Martyi·
1555 2798 1796 2843 Theophanes:
1829 2805 1887 2832 Hoc
1898 2811 1975 2832 anno
1987 2802 2059 2832 san·

1177 2851 1215 2883 dli
1225 2854 1361 2895 Joannir
1369 2855 1483 2883 nomine
1494 2851 1610 2891 quadra
1620 2851 1920 2895 figurasconstruc‘lum
1936 2849 1972 2892 est
1985 2858 2059 2891 opus
2080 2840 2199 2880 501⁴&-

1178 2901 1371 2934 Alexandria·
1384 2924 1394 2940 ,
1422 2899 1609 2942 &baptismo
1620 2901 1778 2940 lustrandis
1799 2901 1972 2941 adjunc‘lum
1988 2901 2060 2933 aedi»

1174 2951 1290 2993 ficium.
1320 2951 1363 2984 Et
1388 2950 1477 2993 quod
1498 2951 1688 2993 amplissima
1714 2976 1723 2990 ‚
1751 2953 1914 2994 variasque
1937 2949 2058 2983 habens

1179 3001 1327 3034 Basilicas
1346 3025 1356 3040 ,
1386 3000 1570 3042 Tyriorum
1595 3001 1797 3042 Metropolis
1819 3012 1885 3034 non
1910 2998 2057 3033 habuerit

1180 3050 1234 3084 nisi
1247 3051 1381 3083 unicum
1395 3049 1615 3092 baptisterium
1631 3076 1641 3090 ‚
1669 3051 1701 3083 in
1715 3051 1831 3083 litteris
1841 3050 1880 3083 ad
1895 3049 2058 3084 Constan-

1179 3099 1431 3142 tinopolitanam
1458 3099 1596 3143 A⁴gapeti
1620 3100 1789 3134 Pontificis
1820 3100 1991 3144 Synodum
2013 3109 2059 3132 te·

1181 3150 1275 3183 statur
1299 3149 1504 3193 Epiphanius
1525 3149 1668 3191 ejusdem
1691 3150 1832 3184 civitatis
1857 3150 2054 3194 Episcopus.

1180 3200 1246 3247 Qi
1271 3209 1342 3232 mos
1361 3199 1542 3233 etiamnum
1569 3199 1668 3233 hodie
1691 3201 1779 3245 viget
1801 3200 1836 3233 in
1858 3199 2054 3244 quibusdam

1183 3247 1380 3284 Civitatibus
1400 3249 1497 3283 Italiae
1518 3273 1526 3281 .
1552 3249 1655 3297 Qiod
1678 3250 1760 3285 olim
1786 3249 1872 3293 apud
1895 3250 2053 3293 quosdam

1183 3299 1268 3334 nulla
1290 3298 1448 3333 rusticana
1474 3299 1631 3334 parochia
1649 3325 1660 3341 ,
1686 3298 1738 3334 sed
1760 3300 1826 3334 sola
1848 3296 2052 3334 Cathedrali's

1183 3349 1316 3383 Basilica
1339 3347 1487 3383 habuerit
1514 3349 1756 3392 baptisterium,
1781 3350 1936 3384 evincunt
1949 3345 2050 3379 multa

1181 3398 1346 3443 exempla.
1374 3400 1418 3435 Et
1439 3399 1599 3436 itavfuiise
1620 3399 1863 3443 Hierosolymis
1883 3421 1895 3440 ‚
1919 3395 2052 3478 tesssntut

1533 3448 1564 3483 C
1590 3460 1607 3483 c
1633 3461 1650 3483 c
1701 3462 1724 3489 2
1960 3444 2003 3491 Ρί·

2075 3225 2189 3262 Fol.95.
