2352 3736
74 878 135 911 Pol.
147 889 210 919 ²07·

73 1944 110 1976 1·
126 1953 152 1979 4-
172 1950 199 1973 c.
208 1951 236 1978 4.

490 162 544 192 DE
615 148 653 192 S.
727 147 1064 192 Lt0N1s

242 232 394 270 christia
408 254 419 272 ,
445 233 546 267 &effe
558 231 737 267 Haereticos
758 231 947 275 Azymitas.

267 284 273 290 '
294 281 444 317 Eandem
467 282 508 316 de
521 291 682 326 praevento
708 295 763 327 per
777 283 963 316 Dominum
975 277 1124 315 Paschali

245 331 302 367 die
324 333 512 369 sententiam
535 333 722 366 constanter
744 332 889 366 defendit
913 333 1014 365 etiam
1026 330 1127 363 Geor-

246 383 321 427 gius
349 382 539 417 Cedrenus:
567 383 635 425 ,Quo
657 388 745 426 igitur
776 390 903 423 tempore
923 380 1059 420 Christus
1073 377 1127 423 suo

245 440 362 474 corpore
380 439 436 473 pro
455 433 536 466 nobis
543 431 719 474 supplicium
735 433 790 464 luit
803 454 813 470 ,
839 443 870 465 eo
893 432 1057 474 legitimum
1070 432 1128 462 Pa-

246 479 318 524 ftha
329 494 387 520 non
400 483 463 515 edit
473 507 483 524 ‚
505 481 562 525 sed
571 480 629 524 ipse
647 490 702 523 pro
715 480 796 513 nobis
810 481 939 513 vicisima
950 480 1057 521 facqus
1068 478 1106 520 est
1118 501 1126 510 .

248 534 341 574 Quod
361 542 460 566 autem
483 543 539 565 non
562 533 668 565 decimo
687 532 864 573 quartosdie
877 529 994 573 Pascha
1004 529 1128 563 celebra·

248 588 292 614 rit
303 604 314 621 ‚
333 580 392 624 sed
402 581 496 625 ipsum
518 585 697 622 anteceperit
721 577 843 618 Myliicae
855 585 955 613 Coenae
974 579 1127 619 institutio-

249 642 288 665 ne
297 656 308 672 ,
333 643 388 673 quo
397 639 525 673 tempore
535 630 812 671 infermentatorum
820 628 1015 672 sandlificatio
1037 627 1129 667 &fe-

245 681 394 721 stivitatIs
415 687 580 722 apparatus
606 688 755 723 aguntur,
782 689 954 722 argumento
971 677 1008 718 est
1020 701 1030 717 ,
1057 682 1127 719 quia

249 728 408 773 Discipulo
419 740 476 762 non
487 730 523 762 de
537 729 662 762 viaima
685 731 719 764 (9²
725 730 859 772 panibus
882 728 1104 770 infermentatis
1118 752 1128 768 ‚

245 779 305 824 J'ed
328 783 439 822 panem
473 780 507 813 Θ
527 786 632 812 vinum
653 780 783 812 tradidit
803 804 810 812 .
838 777 948 813 Etiam
980 775 1126 811 Michael

248 828 374 872 Glycas
395 840 552 874 magnum
576 829 672 863 illum
695 826 852 863 Sabbathi
877 828 966 861 diem
979 827 1128 861 adfirmat

247 879 343 914 fuisse
354 880 458 923 ipsum
472 878 625 913 Paschale
638 878 766 918 festum,
776 878 811 911 δε
825 878 996 912 concludit
1009 891 1019 910 .·
1047 879 1129 920 ,ραι

248 940 315 963 eum
333 935 377 962 ita
390 929 451 970 fint
475 953 485 967 ,
512 926 665 969 manifesto
685 929 751 961 licet
775 928 937 972 intelligere
954 953 965 968 ‚
995 929 1030 960 id
1051 929 1132 970 quod

249 978 384 1018 Christus
407 976 557 1019 discipulis
577 977 708 1019 porrec‘lo
725 986 807 1020 pane
831 980 866 1012 (θ’
894 985 965 1011 vino
990 979 1129 1018 dederit,

248 1026 316 1070 ipsa
339 1039 457 1072 magnae
482 1034 594 1069 quintae
611 1027 703 1068 feriae
726 1026 856 1070 Vespera
873 1051 883 1068 ,
906 1027 1130 1069 fermentatum

240 1077 349 1121 fuisse.
378 1080 500 1121 ,Quippe
524 1079 648 1111 necdum
670 1078 705 1109 id
724 1086 839 1119 tempus
858 1084 1047 1120 appetierat,
1076 1089 1131 1119 quo

249 1138 308 1160 non
312 1127 510 1169 fermentatis
518 1127 651 1168 panibus
673 1129 814 1160 utendum
824 1128 889 1170 esset
898 1152 909 1168 ,
937 1137 971 1161 ut
983 1128 1131 1160 bominum

248 1179 356 1221 vulgus
381 1177 549 1217 existimat.
577 1181 690 1210 Eorum
708 1186 740 1210 tu
758 1175 940 1219 sermonibus
953 1180 1053 1212 valere
1067 1176 1131 1220 jus-

244 1226 286 1269 fis
299 1251 310 1267 ‚
331 1225 421 1269 seriei
433 1225 584 1270 sacrorum
605 1228 796 1262 Oraculorum
820 1227 963 1261 inhaereto
988 1253 994 1260 .
1025 1228 1131 1262 Addit

248 1277 360 1311 Sansti
371 1278 505 1320 joannis
517 1275 744 1318 Chrysostomi
767 1278 963 1312 sententiam
974 1278 1068 1312 fuisse
1083 1289 1134 1310 va·

249 1326 333 1361 tiam
346 1351 353 1358 .
381 1326 604 1361 Posteriorem
616 1328 677 1361 snae
689 1327 890 1362 concordare
902 1352 913 1368 ,
939 1328 1079 1371 priorem
1093 1326 1134 1360 ab

250 1375 312 1410 ista
323 1377 386 1410 effe
397 1378 595 1410 retractatam
604 1401 614 1416 ,
624 1389 661 1411 ac
671 1379 879 1413 reformatam
891 1403 901 1419 ‚
914 1377 1054 1422 ideoque
1067 1377 1136 1412 nul-

249 1425 381 1459 latentis
404 1427 599 1469 sequendam
614 1452 621 1459 .
649 1427 706 1461 Ab
724 1428 794 1470 ipso
817 1436 931 1462 notata
946 1451 957 1467 ,
985 1426 1135 1462 &caveri

249 1474 331 1519 {uffa
354 1475 444 1520 vulgi
469 1477 626 1510 sententia
638 1476 683 1510 est
706 1477 763 1510 illa
775 1476 916 1520 superius
931 1487 1110 1511 memorata
1123 1500 1134 1516 ,

252 1536 325 1569 quae
335 1525 522 1559 Dominum
548 1527 700 1561 adfirmat
719 1527 874 1571 legitimo
896 1527 949 1561 die
960 1527 1058 1569 egisse
1078 1525 1136 1558 Pa-

250 1574 350 1616 scha,
377 1576 517 1618 ideoque
537 1577 760 1609 consecratum
782 1575 824 1609 ab
844 1576 918 1618 ipso
939 1574 1136 1608 fermentum

251 1624 424 1659 debuiffea
435 1625 548 1658 divina
560 1625 815 1668 omnipotentia
831 1624 1005 1667 postulari.
1025 1625 1136 1671 Qam

250 1673 447 1707 sententiam
470 1675 569 1709 etiam
591 1675 710 1714 refert,
735 1686 773 1708 ac
794 1674 859 1708 alia
879 1674 1135 1707 tolerabiliorem

250 1723 344 1757 ducit
368 1723 403 1756 in
416 1725 495 1758 sacri
519 1724 597 1758 belli
611 1724 760 1758 Historia
785 1721 982 1757 venerabilis
996 1722 1135 1756 Guiber-

252 1782 306 1806 tus
332 1771 444 1807 Abbas
466 1773 656 1816 Novigenti
683 1798 689 1804 .
717 1772 897 1807 Adversam
930 1773 964 1806 ὃς
992 1782 1140 1806 commu-

252 1833 330 1856 nem
356 1822 498 1856 aliorum
528 1823 714 1856 Graecorum
742 1822 943 1856 sententiam
973 1821 1138 1867 eleganter

249 1872 393 1916 exponit
415 1874 448 1906 in
464 1873 552 1906 libris
571 1873 612 1906 de
627 1872 733 1914 Missae
750 1871 911 1906 sacrificio
924 1872 1139 1906 Innocentius

251 1923 387 1957 tertius:
415 1926 513 1956 Graeci
535 1927 566 1953 in
578 1921 629 1964 suo
637 1927 806 1964 pertinaces
826 1933 941 1962 errore,
969 1924 1004 1954 de
1012 1921 1140 1962 fennen-

251 1981 317 2006 rato
327 1971 483 2013 conficiunt
496 1996 506 2012 ‚
527 1971 682 2015 asserentes
693 1979 726 2004 in
741 1970 909 2015 Parasceve
920 1976 1040 2004 Lunam
1052 1984 1140 2013 quar-

1132 144 1365 190 N0N1

252 2031 319 2057 tam
341 2023 486 2055 decimam
507 2021 666 2064 exstitisse,
692 2028 724 2054 in
734 2032 795 2063 qua
821 2033 910 2055 verus
922 2025 1022 2065 Agnus
1043 2022 1141 2061 estim-
1177 2020 1180 2023 ’

252 2073 379 2106 molatus
391 2096 401 2112 ‚
427 2080 460 2104 ut
470 2071 542 2114 legis
567 2073 737 2112 impleretur
744 2070 843 2115 figura
852 2096 863 2112 ‚
889 2082 958 2114 quae
971 2080 1081 2112 quarta
1094 2072 1142 2104 de-

253 2128 329 2155 cima
343 2125 431 2153 Luna
447 2126 541 2162 primi
565 2120 666 2162 mensis
681 2119 854 2164 Paschalem
878 2126 993 2164 Agnum
1011 2121 1141 2164 jusserat

253 2172 403 2206 immolari
415 2196 421 2203 .
451 2175 593 2203 Dominus
605 2182 671 2215 ergo
687 2183 722 2205 ea
733 2169 823 2214 diosc
830 2171 983 2214 passurum
1001 2172 1053 2213 effe
1061 2180 1140 2212 prae-

254 2219 372 2263 noscens
394 2244 405 2260 ‚
430 2223 616 2262 praecedente
639 2227 672 2254 in
693 2219 824 2263 Vespera
852 2222 1007 2260 necessitate
1033 2221 1141 2254 duc‘lus

257 2276 440 2312 anticipavit
461 2272 606 2304 comedere
631 2269 749 2313 Pascha
770 2296 776 2302 .
807 2274 852 2303 Et
877 2277 951 2311 quia
974 2279 1044 2303 tunc
1063 2272 1142 2305 licite

253 2328 371 2362 poterat
386 2322 533 2354 comedere
550 2319 770 2362 fermentatum
780 2345 790 2361 ‚
819 2321 852 2353 (τ’
864 2318 918 2362 ipfi
923 2327 1024 2362 corpus
1038 2324 1140 2355 Domi-

256 2376 289 2404 ni
300 2372 336 2404 de
344 2370 532 2412 fermentato
551 2370 705 2413 conficiunt
717 2396 724 2403 .

306 2420 354 2453 At
366 2420 449 2454 ,vero‘
461 2421 579 2454 Latina
597 2421 718 2464 semper
733 2420 874 2455 Ecclesia
885 2420 1072 2455 constanter
1083 2420 1141 2456 do-

254 2471 326 2505 cuit
348 2470 484 2511 primam
505 2469 743 2505 Eucharistiam
766 2472 783 2505 a
808 2471 961 2505 Domino
987 2471 1082 2505 fuisse
1105 2471 1139 2505 in

256 2531 375 2562 azymo
388 2531 470 2562 pane
488 2522 708 2555 consecratam
723 2546 730 2553 .
757 2521 809 2556 Ita.
826 2522 859 2554 in
872 2521 938 2563 jam
953 2521 1082 2556 laudato
1096 2521 1144 2555 lo-

255 2581 297 2604 co
321 2570 426 2603 asserit
439 2569 652 2605 Innocentius
674 2571 808 2605 tertius.
839 2571 949 2605 Etiam
972 2573 1005 2605 in
1019 2572 1080 2605 suis
1090 2571 1142 2605 ad-

258 2621 366 2654 versus
390 2618 590 2654 Michaelem
614 2621 822 2656 Cerularium
846 2632 883 2654 ac
893 2621 958 2664 ejus
971 2622 1141 2655 factionem

259 2668 421 2710 opusculis
433 2671 564 2704 sanctus
579 2670 649 2704 Leo
660 2682 769 2705 nonus
790 2671 823 2705 ὃ(
835 2669 1021 2706 Cardinalis
1035 2674 1143 2705 Hum-

261 2718 382 2751 bertus.
410 2719 502 2751 Dum
525 2719 656 2755 Flandri
680 2721 781 2755 nostri
797 2732 834 2754 ac
855 2722 910 2755 alii
926 2721 1141 2756 Francifuere

259 2766 396 2811 profesti
420 2766 460 2799 ad
483 2769 606 2803 sacrum
629 2770 750 2806 bellum
771 2794 782 2811 ,
809 2771 958 2814 frequens
972 2772 1067 2806 nobis
1078 2773 1142 2806 fuit

261 2827 339 2853 eum
358 2816 478 2850 Graecis
500 2820 733 2854 commercium
756 2845 767 2861 ,
795 2822 974 2864 frequentes
1001 2821 1088 2855 ultro
1100 2823 1144 2856 ci-

260 2876 379 2909 troque
392 2866 572 2910 legationes
588 2879 625 2902 ac
635 2867 868 2911 disputationes
879 2896 891 2911 ‚
923 2883 1059 2914 quarum
1078 2884 1142 2906 una

261 2915 478 2951 Waleranum
494 2915 801 2962 Naumburgensem
819 2919 853 2952 in
876 2920 1051 2955 Germania
1067 2923 1142 2965 Epi-

230 2981 233 2983 ·
261 2967 396 3009 scopum
410 2967 568 3009 permovit
581 2966 621 2999 ad
636 2967 873 3002 consulendum
895 2968 983 3004 hisce
994 2971 1035 3005 de
1050 2972 1143 3007 rebus

263 3017 415 3053 SanRum
444 3017 639 3051 Anselmum
680 3015 973 3061 Archiepiscopum
1002 3015 1143 3057 Cantua-

262 3066 401 3101 riensem
427 3078 433 3097 :
464 3066 578 3099 Exstat
616 3065 863 3104 eruditissimum
898 3067 992 3112 hujus
1019 3070 1143 3106 Rescri-

263 3125 357 3157 ptum
380 3139 392 3155 ‚
417 3116 579 3149 affirmans
600 3127 637 3149 ac
662 3115 888 3151 demonstrans
917 3119 1110 3163 opinionem
1133 3147 1142 3162 ‚

265 3175 334 3208 quie
371 3166 557 3200 Dominum
579 3166 685 3200 asserit
722 3165 894 3200 confecisse
937 3169 971 3203 in
1010 3171 1144 3204 fermen-

270 3224 344 3250 tato
370 3239 381 3255 ‚
407 3216 467 3249 esse
503 3217 691 3258 turpifflmum
723 3227 849 3249 errorem
875 3241 881 3248 .
912 3218 957 3251 Et
995 3219 1077 3254 olim
1099 3231 1146 3255 re·

264 3274 372 3308 pertus
394 3264 429 3296 in
442 3264 816 3309 Constantinopolitano
837 3266 972 3302 patrum
992 3267 1144 3305 Praedica-

264 3324 375 3351 torum
389 3313 567 3348 Conventu
587 3316 753 3352 adversum
765 3318 896 3351 Graecos
906 3318 1078 3353 Trastatus
1091 3318 1145 3354 ha»

267 3363 341 3397 bet:
366 3367 468 3400 ,Graeci
488 3374 590 3398 contra
615 3364 822 3404 institutionem
847 3366 956 3407 Christi
977 3370 1142 3403 salvatoris

265 3411 353 3453 austri
360 3413 546 3456 fermentata
560 3414 706 3456 offerunt,
732 3426 795 3449 cum
803 3415 954 3464 supercilio
976 3425 1055 3454 enim
1067 3424 1143 3463 igno·

363 3463 474 3505 [Christ.
491 3468 568 3507 Lupi
579 3470 663 3507 Oper.
678 3469 754 3499 Tom.
769 3471 820 3500 W.

1436 146 1733 190 Acris.
1900 160 1992 206 313

1188 238 1257 263 rant
1271 254 1280 270 ,
1306 236 1373 273 quis
1386 231 1448 263 dux
1463 229 1560 272 fuerit
1583 232 1662 265 illius
1683 231 1857 273 traditionis
1870 253 1893 270 ,.
1908 228 2021 273 Christo
2035 235 2066 264 in

1186 285 1279 312 Coena
1301 281 1486 314 benedicente
1510 284 1618 319 Azyma
1630 305 1640 322 ,
1666 282 1747 322 quod
1755 285 1846 314 trium
1860 283 2013 325 Evangelz‘
2037 293 2069 313 a·

1187 340 1252 361 rum
1259 329 1398 371 firmatur
1419 330 1579 371 testimonio
1595 356 1601 362 .
1629 330 1722 364 Errat
1734 339 1844 364 tamen
1860 331 2071 364 fermentato·

1188 382 1257 412 rum
1277 379 1478 414 oblationem
1501 383 1563 415 effe
1584 391 1698 415 contra
1722 380 1865 414 Domini
1892 379 2073 414 institutio-

1191 440 1265 462 nem
1280 455 1286 461 .
1316 430 1360 463 Et
1372 430 1404 463 in
1418 431 1641 464 Occidentalis
1656 429 1799 464 Ecclefiae
1816 429 1966 464 Historia
1981 430 2073 473 jaco-

1189 479 1246 512 bus
1262 480 1447 514 Cardinalis
1471 480 1511 513 de
1530 480 1681 514 Vitriaco
1695 494 1706 514 :
1732 481 1898 514 Secundum
1919 479 2074 520 institutio·
2091 475 2246 511 L·2·C·30·

1190 540 1254 561 nem
1267 533 1386 563 Domini
1409 530 1445 561 de
1453 538 1536 571 pane
1558 542 1657 567 azymo
1681 530 1766 563 debet
1782 529 1880 572 confici
1903 532 2074 563 sacramen-

1187 587 1271 611 tum.
1300 583 1442 611 Dominus
1462 585 1541 612 enim
1560 586 1592 611 in
1608 584 1701 625 (jo-na
1715 578 1879 622 siccandum
1897 585 1988 613 ritum
2000 581 2074 623 legis

1191 633 1304 672 Agnum
1334 627 1507 671 I‘aschalem
1531 631 1654 661 comedit
1676 639 1788 671 quarta
1800 632 1914 664 decima
1926 631 1974 662 dle
1982 634 2075 671 primi

1189 677 1290 719 menfis
1313 680 1357 711 ad
1367 677 1544 721 Vesperam.
1571 682 1653 710 Tunc
1664 688 1764 711 autem
1785 692 1842 712 non
1863 679 2076 713 Inveniebatur

1185 734 1277 769 panis
1296 728 1499 769 fermentatus
1515 729 1600 769 apud
1608 727 1743 760 Hebraeos
1758 753 1765 759 .
1792 729 1897 775 Qod
1922 729 2076 772 ipsumin

1191 777 1291 821 prima
1318 778 1371 810 sua
1397 778 1436 810 ad
1462 778 1592 810 Graecos
1618 777 1763 820 Epistola
1786 777 2074 811 demonstratBar·

1190 828 1312 861 laamus
1341 828 1523 870 Episcopus
1547 827 1759 870 Gyracenfis.
1787 827 1830 861 Et
1846 827 1881 860 id
1904 827 2007 869 ipsum
2020 826 2077 860 do-

1190 877 1254 912 ceri
1266 878 1284 910 a
1299 877 1418 911 Sancto
1433 877 1557 919 Joanne
1575 877 1816 920 chrysostomo
1837 878 1979 911 fatentur
1993 875 2079 910 Grae-

1191 928 1245 968 ci,
1274 939 1333 961 nec
1356 928 1487 970 possunt
1515 927 1651 960 inficiari
1672 952 1678 958 .
1701 928 1744 961 Et
1766 926 1852 961 certe
1870 937 2080 971 quocumque

1192 976 1245 1011 die
1258 978 1426 1011 Dominus
1438 977 1648 1011 celebraverit
1660 975 1803 1016 Pascha,
1829 976 2000 1011 celebravit
2012 976 2083 1019 jux-

1193 1039 1225 1062 ta
1238 1027 1361 1071 legem.
1389 1027 1489 1073 Qod
1504 1039 1563 1061 nec
1589 1027 1671 1071 legis
1681 1043 1739 1065 ὀτι
1764 1038 1820 1062 aut
1844 1028 1970 1071 apicem
1984 1027 2087 1060 fuerit*

1195 1088 1348 1121 umquam
1373 1077 1614 1120 praevaricatu‘s‚
1633 1077 1675 1112 ,δε
1702 1076 1815 1111 Latini
1839 1078 1874 1112 δε
1893 1076 1998 1112 Graeci
2024 1075 2083 1109 Pa-

1195 1139 1258 1164 tres
1284 1126 1541 1161 constantissime
1563 1126 1755 1160 adfirmant.
1784 1127 1832 1160 At
1853 1127 1930 1161 vero
1956 1125 2083 1160 Pascha

1198 1189 1265 1211 non
1291 1182 1420 1211 tantum
1443 1177 1495 1211 e'di
1507 1176 1646 1211 debebat
1667 1188 1743 1210 cum
1764 1187 1846 1220 pane
1857 1188 1976 1220 azymo
1992 1201 2002 1216 ‚
2030 1175 2084 1210 sed

1197 1229 1474 1263 &fermentatum
1498 1227 1553 1261 fibi
1566 1237 1632 1260 non
1660 1227 1938 1270 compatiebatur.
1967 1227 2087 1259 Etcer-

1199 1276 1230 1311 te
1257 1279 1405 1321 proditor
1429 1277 1527 1320 Judas
1551 1302 1562 1318 ,
1589 1277 1646 1321 qui
1673 1277 1858 1311 enuntiavit
1884 1277 2085 1320 Mysterium

1199 1327 1576 1367 transubstantiationis,
1603 1325 1688 1362 &de
1708 1328 1782 1371 ‘ipso
1804 1337 1972 1371 tamquam
1997 1326 2036 1360 de
2049 1326 2089 1359 ri-

1198 1376 1311 1411 diculo
1333 1388 1523 1412 commento
1545 1378 1706 1411 accusavit
1727 1378 1939 1417 Dominum,
1967 1377 2008 1410 de
2022 1376 2089 1409 vio-

1199 1427 1263 1461 lata
1284 1439 1339 1470 per
1357 1428 1552 1461 fermentum
1577 1428 1650 1470 lege
1661 1438 1729 1461 non
1745 1427 1910 1461 tacuisset.
1938 1426 2039 1474 Qod
2053 1427 2089 1459 in

1200 1477 1350 1520 Dialogo
1374 1477 1524 1510 adversus
1535 1474 1736 1510 Michaelem
1756 1477 1963 1510 Cerularium
1981 1476 2092 1508 Cardi-

1201 1526 1284 1558 nalis
1321 1524 1525 1559 Humbertus
1549 1549 1560 1564 ‚
1598 1527 1632 1558 &
1659 1526 1693 1558 in
1722 1526 1908 1560 Florentini
1940 1525 2118 1571 Concilii*

1205 1574 1369 1619 Apologia
1393 1574 1477 1608 reste
1490 1574 1628 1607 advertit
1651 1575 1845 1608 Gennadius
1859 1575 2019 1608 secundus
2032 1574 2095 1607 Pa-

1202 1622 1339 1658 triarcha
1361 1623 1756 1667 constantinopolitanus
1781 1651 1787 1657 .
1816 1626 1861 1659 Et
1882 1625 1924 1659 ad
1951 1635 2092 1659 errorem

1203 1675 1295 1707 suum
1322 1673 1533 1707 deserendum
1562 1674 1755 1708 Florentina
1783 1676 1936 1716 synodus
1964 1675 2093 1708 Graecos

1203 1722 1384 1766 compulit.
1414 1722 1470 1756 Est
1485 1732 1589 1756 unum
1615 1723 1819 1767 &Capitibus
1836 1749 1847 1764 ‚
1874 1736 1944 1767 quae
1957 1725 2092 1758 Marcus

1204 1772 1413 1817 Ephesiorum
1439 1773 1619 1815 Episcopus
1643 1784 1824 1815 numquam
1845 1775 1953 1808 voluit
1977 1773 2094 1809 admit-

1203 1831 1279 1856 tere.
1306 1823 1353 1856 lta
1364 1822 1464 1857 habes
1478 1824 1511 1856 in
1525 1823 1616 1856 edito
1628 1824 1796 1858 adversum
1809 1825 1913 1868 ipsum
1927 1835 2024 1867 opere
2038 1835 2094 1867 per

1206 1873 1404 1917 Gregorium
1434 1872 1739 1915 Protosyncellum.

1254 1923 1342 1957 Ante
1364 1922 1477 1957 omnia
1497 1923 1661 1957 cavendus
1675 1922 1729 1957 hic
1749 1926 1794 1958 est
1808 1926 1965 1969 antiquus
1979 1936 2068 1959 error
2081 1949 2093 1964 ,

1203 1972 1354 2007 adversus
1380 1983 1477 2016 quem
1504 1972 1821 2007 inSanftiMatthaei
1839 1975 2097 2009 Commentariis

1206 2023 1290 2057 bene
1313 2022 1420 2057 scribit
1435 2021 1651 2066 Bulgarorum
1684 2020 1957 2068 Archiepiscopus
1982 2024 2097 2058 Theo-

1206 2071 1398 2116 phylastus:
1425 2075 1542 2106 Putant
1565 2074 1708 2114 quidam,
1739 2076 1821 2116 quod
1835 2074 1885 2107 hoc
1908 2086 1986 2107 anno
1998 2077 2096 2107 Domi·
2117 2087 2249 2125 Cap-26.

1206 2134 1260 2155 nus
1272 2133 1330 2155 non
1340 2123 1494 2156 comederit
1505 2121 1641 2164 Pascha.
1664 2125 1776 2156 Dicunt
1788 2129 1867 2157 enim
1894 2126 1975 2167 quod
1978 2124 2096 2165 stantes

1207 2171 1393 2206 comedebant
1419 2176 1534 2216 Agnum
1556 2195 1566 2210 ‚
1592 2171 1724 2212 Christus
1759 2184 1859 2208 autem
1891 2175 2096 2208 recumbebat:

1206 2226 1299 2265 Igitur
1310 2221 1428 2265 Pascha
1450 2235 1507 2254 non
1519 2225 1643 2255 comedit
1657 2248 1662 2254 .
1693 2223 1872 2268 Urgebant
1889 2225 1996 2259 Sansti
2013 2227 2099 2258 Mat-

1207 2273 1279 2306 thaei
1306 2272 1424 2306 verba:
1453 2277 1500 2305 Et
1517 2281 1708 2313 paraverunt
1738 2273 1872 2317 Pascha.
1903 2274 2025 2318 Vespere
2048 2287 2100 2307 ate-

1208 2332 1266 2368 tem
1282 2321 1370 2364 fac‘lo
1382 2321 1581 2365 discumbebat
1602 2335 1666 2356 cum
1679 2326 1831 2358 duodecim
1845 2323 1995 2368 discipulis
2007 2324 2074 2368 fiiis
2087 2350 2094 2357 .

1207 2371 1308 2418 Qod
1321 2374 1423 2415 ipsum
1436 2372 1581 2406 scribunt
1593 2372 1728 2407 Marcus
1742 2376 1775 2409 δε
1786 2376 1910 2410 Lucas.
1939 2376 2032 2409 Hinc
2044 2375 2098 2408 issi

1209 2424 1386 2457 noviffimo
1413 2423 1600 2457 Dominicae
1627 2424 1865 2467 praedicationis
1892 2438 1982 2459 anno
2009 2426 2094 2459 vole-

1208 2472 1286 2506 bant
1311 2472 1481 2516 Judaicum
1498 2471 1623 2507 Pascha
1647 2487 1713 2507 non
1742 2476 1836 2510 fuisse
1859 2476 2056 2509 celebratum
2080 2475 2098 2508 ᾗ.

1208 2524 1271 2557 Dei
1283 2523 1393 2563 Filio,
1422 2524 1472 2556 sed
1497 2524 1736 2568 Evangelicnrn
1774 2525 1947 2559 dumtaxat
1969 2526 2101 2558 institu-

1207 2583 1277 2606 tum
1304 2599 1311 2606 .
1342 2571 1531 2615 Respondet
1552 2573 1628 2607 vero
1642 2573 1935 2618 Theophylastus:
1963 2579 2098 2608 Dicimus
2118 2586 2189 2622 cap.
2205 2595 2251 2620 14-

1206 2624 1284 2665 quod
1299 2624 1386 2665 prius
1405 2621 1519 2665 Pascha
1539 2623 1626 2663 stans
1648 2626 1803 2657 comederit
1817 2650 1826 2664 ,
1849 2626 1905 2669 scd
1927 2627 2097 2659 recumbens

1206 2674 1335 2705 tradidit
1354 2672 1439 2715 suum
1452 2676 1693 2707 sacramentum.
1722 2676 1856 2707 Primum
1870 2682 1947 2708 enim
1970 2675 2097 2717 perfecit

1201 2723 1364 2766 figuralia,
1390 2724 1497 2755 deinde
1510 2735 1616 2755 verum
1629 2725 1752 2765 perficit
1771 2750 1776 2756 .
1806 2725 1919 2769 Pergit
1932 2725 1964 2757 in
1987 2725 2093 2758 Sanffr

1208 2773 1313 2805 Marci
1337 2772 1593 2806 Commentariis
1607 2787 1616 2805 :
1644 2775 1796 2816 ‚Quomodo
1818 2778 1964 2807 Dominus
1994 2777 2027 2808 (2¹
2042 2778 2095 2806 Dr-

1202 2822 1306 2864 scipuli
1316 2822 1526 2855 accumbebant
1542 2847 1551 2861 ,
1578 2825 1701 2856 cumlex
1713 2829 1891 2867 praeciperet
1915 2825 2095 2865 astantibus

1208 2873 1414 2906 comedendum
1441 2871 1555 2914 Pascha
1595 2873 1611 2903 ἒ
1636 2872 1791 2915 Verisimile
1837 2882 1929 2918 igitur
1962 2876 2095 2917 primum

1203 2922 1338 2965 perfet‘la
1372 2934 1407 2956 ea
1441 2935 1508 2965 quae
1525 2921 1596 2965 sunt
1629 2925 1703 2966 legis
1742 2950 1752 2965 ‚
1792 2927 1897 2958 deinde
1945 2925 2095 2967 recubuiffi=

1204 2978 1358 3015 proprium
1383 2971 1498 3015 Pascha
1522 2975 1719 3006 traditurum.
1752 2975 1794 3008 Et
1820 2976 1851 3007 in
1866 2976 1970 3009 Sanffl
1998 2975 2095 3010 Lucae

1208 3023 1478 3056 Commentario:
1508 3021 1624 3064 Pascha
1641 3023 1753 3063 stantes
1787 3026 1997 3064 comedeban53
2025 3037 2093 3066 quo-

1207 3073 1291 3104 modo
1336 3076 1424 3114 igitur
1447 3075 1590 3105 Dominus
1612 3072 1775 3107 recumbere
1797 3076 1903 3108 dicitur
1931 3078 1943 3109 ?
1983 3077 2092 3107 Dicunt

1205 3123 1306 3163 itaque
1327 3122 1405 3162 quod
1417 3120 1570 3163 postquam
1590 3125 1716 3157 comedit
1741 3124 1831 3167 legale
1849 3123 1985 3168 Pascha,
2012 3136 2093 3157 recu-

1206 3171 1330 3205 buerunt
1353 3182 1431 3204 more
1445 3173 1586 3215 vulgari,
1610 3175 1791 3208 comedentes
1811 3175 1883 3208 alios
1896 3176 2038 3217 quosdam
2051 3181 2090 3207 ci-

1207 3222 1256 3254 bos
1267 3246 1274 3253 .
1303 3220 1384 3254 Non
1396 3222 1528 3255 unicam
1543 3246 1553 3261 ,
1580 3233 1642 3256 nec
1654 3223 1732 3259 duas
1748 3224 1921 3258 dumtaxat
1933 3248 1943 3264 ‚
1958 3225 2009 3258 sed
2022 3236 2091 3257 om-

1208 3269 1288 3305 nino
1310 3279 1371 3304 tres
1395 3271 1516 3305 Coenas
1536 3282 1615 3305 tunc
1645 3273 1814 3308 Dominus
1825 3285 1899 3308 cum
1912 3273 2089 3316 Discipulis

1207 3320 1380 3355 celebravit
1395 3345 1402 3353 .
1428 3320 1537 3355 Prima
1557 3322 1621 3356 fuit
1643 3323 1747 3367 legale
1770 3323 1895 3359 Pascha
1920 3350 1931 3365 ‚
1957 3324 2044 3357 esum
2069 3321 2087 3353 ὲ

1206 3369 1362 3404 stantibus
1383 3371 1416 3404 &
1438 3371 1688 3412 festinantibus,
1712 3373 1803 3416 juxta
1828 3385 1942 3410 omnes
1967 3369 2085 3413 leg³¹0⁵

1206 3420 1433 3462 caeremonias‚
1458 3421 1500 3458 de
1512 3433 1578 3465 quo
1593 3418 1808 3467 Evangelistae
1832 3419 2088 3465 compendiolo-

1629 3472 1662 3509 R
1685 3485 1702 3507 r
1968 3469 2037 3505 cuti
