2352 3736
405 130 496 192 388

325 364 388 400 zati
403 387 410 394 .

373 409 477 446 Erant
501 411 542 446 ad
559 411 698 446 modurn
724 407 833 444 balnei
865 411 900 444 &
924 410 1054 454 pisciuae
1082 435 1090 443 .
1117 411 1210 446 Hinc

321 462 413 498 enim
435 460 477 496 de
487 459 656 506 degradati
688 470 726 494 ac
737 458 828 503 ejecti
840 460 946 496 Sanffi
960 461 1095 504 Joannis
1106 459 1209 505 Chry-

320 511 458 548 sostomi
481 511 580 545 Clero
595 532 606 552 ‚
632 509 722 555 quod
742 510 783 546 ab
805 511 950 545 Ecclefia
974 511 1206 556 &baptisterio

318 562 510 598 interdictus
531 570 570 594 ac
600 561 751 596 exclusus
773 560 944 605 baptizarit
963 561 998 597 in
1016 561 1205 596 Constanti·

319 613 424 648 niano
434 612 555 648 balneo
568 631 581 653 ,
609 611 787 647 testaturin
800 610 935 656 dialogo
957 623 1034 651 cum
1046 610 1208 649 Theodo-

317 670 355 697 ro
389 662 624 699 Rornanorum
644 660 802 700 Diacono
834 662 1001 700 Palladius
1025 662 1205 707 Episcopus

315 712 639 757 Helenopolitanus.
668 714 712 748 Et
735 712 771 746 in
794 712 965 757 originum
988 712 1080 749 libris
1093 712 1204 748 scribit

315 764 452 799 Sanetus
462 763 600 800 Isidorus
618 762 820 807 Hispalensis
831 763 1009 811 Episcopus
1029 775 1040 799 .·
1071 767 1157 799 Fons
1170 769 1203 801 in

313 813 448 849 delubris
468 812 506 853 est
514 812 592 849 locus
604 815 857 856 Regeneratorum
866 835 878 852 ,
903 818 936 847 in
946 825 1002 856 quo
1008 812 1124 857 septem
1129 826 1202 858 gra·

313 865 371 897 dus
389 868 422 897 in
433 865 564 906 spiritus
587 862 688 897 sanai·
703 863 829 904 mysterio
845 863 1026 905 formantur
1038 888 1046 902 ,
1073 868 1149 898 Tres
1168 869 1201 900 in

313 912 450 958 descensu
469 915 575 947 &tres
585 918 619 947 in
639 910 782 956 adscensu
799 937 808 946 .
834 915 988 955 Septimus
1018 922 1090 949 vero
1099 920 1127 948 is
1141 914 1179 955 est
1190 937 1200 954 ,

312 969 364 1007 qut
389 965 424 997 &
441 970 590 1007 quartus,
610 962 719 1005 fimilis
735 962 798 1005 filio
821 961 952 998 bominis
973 986 987 1005 ,
1011 963 1198 1008 exstinguens

305 1013 463 1057 fornacem
482 1018 580 1061 ignis,
600 1012 834 1055 stabilimentum
852 1015 965 1058 pedum
983 1038 994 1056 ‚
1014 1014 1200 1056 fundamen·

310 1071 375 1098 tum
386 1076 475 1107 aquae
484 1088 495 1106 ‚
522 1069 554 1097 in
565 1075 622 1107 quo
626 1065 783 1106 plenitudo
796 1067 983 1098 Divinitatis
1008 1065 1130 1099 habitat
1139 1076 1200 1099 cor·

494 1114 577 1162 Qae
599 1115 665 1158 ipsa
679 1114 775 1151 verba
794 1114 880 1159 apud
902 1115 1059 1150 Sanctum
1074 1116 1200 1150 Hiero-

310 1175 452 1207 nymum
464 1164 562 1205 habet
573 1164 708 1209 epistola
718 1163 758 1200 de
769 1166 890 1211 septem
907 1164 1062 1212 gradibus
1076 1166 1118 1200 ad
1131 1166 1199 1200 Ru-

307 1216 427 1250 sticum
449 1213 699 1252 Narbonensem
720 1215 919 1260 Episcopum
933 1240 945 1257 ,
971 1226 1068 1260 atque
1090 1216 1135 1252 ita
1151 1216 1197 1251 lu-

308 1266 475 1310 cetipsam
500 1276 569 1301 non
581 1268 644 1301 effe
664 1267 775 1301 Sancti
794 1266 1017 1310 Hieronymi.
1046 1266 1195 1302 Eandem

306 1315 440 1350 interim
454 1314 567 1352 Latini
589 1317 694 1351 fontis
715 1316 856 1352 formam
879 1315 1015 1352 laudant
1038 1317 1124 1360 apud
1138 1317 1195 1352 Al-

306 1366 444 1401 cuinum
456 1365 612 1403 Flaccum
634 1366 744 1402 auditor
754 1366 829 1403 libri
849 1365 893 1403 de
905 1367 1137 1406 Ecclefiasticis
1147 1369 1197 1403 of-

305 1416 390 1451 ficiis
399 1442 410 1458 ‚
438 1415 472 1451 δε
486 1417 518 1451 in
530 1418 647 1452 animae
657 1429 788 1463 gemma
797 1417 973 1453 Honorius
985 1417 1191 1463 Augustodu-

305 1466 433 1502 nenfis.
462 1467 506 1501 Et
516 1465 597 1502 hinc
617 1469 767 1513 intellige
786 1467 1002 1504 Benedisturn
1025 1468 1192 1512 Presbyte-

304 1528 379 1552 rum
402 1518 439 1551 in
455 1518 521 1553 vita
535 1517 644 1553 Sansti
668 1517 800 1554 Damasi
823 1517 1017 1554 pontificis:
1043 1518 1192 1552 sabbatho

305 1566 463 1611 Pascbalt's
475 1568 666 1608 Festi-vitatis
680 1591 692 1608 ,
718 1568 791 1601 dum
811 1568 908 1602 turbae
927 1566 1191 1611 secomprimerent

304 1618 349 1650 ad
365 1615 547 1660 baptismum
560 1643 571 1657 ,
595 1618 731 1660 puerulus
752 1618 790 1651 de
801 1628 893 1652 manu
917 1618 1084 1653 Sacerdotis
1109 1619 1192 1651 dela-

298 1666 376 1710 psus
386 1667 447 1708 est,
473 1673 610 1709 atquem
622 1667 714 1708 fonte
734 1666 898 1708 demersus.
924 1666 1042 1707 Etpost
1057 1665 1191 1708 spatium

295 1716 368 1760 fere
390 1720 482 1749 unius
503 1715 607 1755 borae,
633 1715 705 1748 dum
721 1713 878 1757 sperarent
899 1724 1000 1751 omnes
1015 1716 1088 1754 jam
1116 1726 1193 1748 mor-

143 755 206 786 Lib.
219 766 264 792 19.

142 797 254 835 Cap-4.

305 1116 449 1157 poraliter
458 1137 464 1149 .

123 1484 200 1523 Cap.
218 1492 267 1523 ¹9*

301 1776 409 1808 tuum,
435 1767 560 1808 quidam
580 1763 799 1807 Manfionarius
820 1762 906 1806 ipsius
929 1762 1061 1805 Ecclefiae
1075 1788 1085 1805 ,
1113 1771 1146 1798 in
1153 1764 1190 1806 fi-

300 1819 419 1851 duciam
438 1816 539 1849 Sanc‘li
563 1815 692 1857 Damas?
703 1817 864 1857 projiciens
878 1812 914 1856 se
936 1815 1092 1857 insontem
1107 1838 1117 1854 ,
1139 1813 1191 1857 sa·

300 1875 374 1901 num
397 1862 668 1909 &illaesumsecum
682 1866 804 1899 reduxit
814 1889 822 1898 .
848 1864 927 1900 Alia
945 1864 1088 1908 eiusdem
1101 1865 1188 1899 Pon-

300 1916 399 1951 tificis
417 1915 484 1950 vita
505 1916 644 1950 affirmat
670 1926 808 1958 puerum
832 1914 896 1957 jam
918 1913 1119 1960 baptizatum
1145 1926 1187 1950 ex

299 1968 413 2005 unius,
426 1965 483 2009 qui
495 1964 640 1999 Damaso
653 1961 835 2008 baptizanti
847 1964 1076 2000 ministrabant
1088 1989 1099 2006 ,
1110 1964 1186 2000 Car·

299 2016 462 2051 dinalium
471 2013 622 2049 manibus
632 2015 782 2051 cecidisse
794 2039 805 2056 ,
828 2015 983 2058 &petiisse
992 2021 1053 2049 ima
1066 2015 1166 2058 fontis
1177 2041 1184 2050 .

299 2064 406 2115 Qod
418 2063 536 2110 nempe
546 2065 622 2099 fons
631 2067 707 2100 esset
719 2066 922 2109 profundum
934 2066 1090 2100 balneum
1101 2091 1109 2099 .

351 2118 397 2152 Et
410 2114 513 2151 hocce
523 2114 678 2150 balneum
690 2127 806 2151 omnes
817 2114 1002 2160 baptizandi
1020 2115 1185 2151 intrabant

297 2167 396 2213 plene
417 2176 455 2202 ac
476 2166 667 2201 naturaliter
688 2167 796 2207 nudi,
822 2167 927 2201 &viri
940 2190 951 2208 ,
975 2167 1186 2208 &fmminae,

298 2219 334 2252 δε
356 2217 442 2261 apud
476 2217 617 2252 Latinos
636 2241 648 2257 ‚
675 2217 709 2251 &
730 2215 817 2261 apud
847 2216 981 2252 Graecos
1001 2242 1007 2249 .
1050 2218 1184 2252 Etenim

300 2269 337 2303 in
352 2267 573 2303 Ecclefiastica
592 2267 789 2303 Hierarchia
808 2267 921 2303 scribit
941 2267 983 2302 de
1002 2266 1185 2311 baptizante

298 2318 470 2363 Episcopo
500 2318 656 2361 antiquus
668 2318 735 2352 ille
754 2317 956 2362 quicumque
982 2319 1184 2362 Dionysius.-

300 2368 466 2412 Episcopus
485 2374 568 2403 exuit
588 2378 655 2403 eum
670 2392 681 2409 ‚
708 2367 911 2413 exspoliatque
927 2377 987 2412 per
1012 2368 1183 2409 Ministros.

301 2420 347 2454 Et
360 2421 495 2454 iterum:
522 2422 600 2453 Cum
609 2419 699 2461 plene*
710 2418 802 2459 velles
812 2419 942 2459 Ministri
961 2420 1158 2453 detraxerunt
1173 2443 1182 2459 ,

301 2478 371 2503 tunc
392 2471 564 2504 sacerdotes
588 2469 710 2514 sacrum
733 2468 882 2503 Unfflonts
915 2471 1006 2503 oleum
1031 2468 1183 2510 affirunt.

302 2519 460 2554 Elucidat
480 2521 515 2554 in
531 2521 589 2554 suo
601 2521 642 2555 ad
652 2529 801 2563 quartam
820 2518 1023 2554 Nazianzeui
1033 2520 1183 2564 Gregorii

301 2569 488 2604 orationem
510 2569 748 2604 commentario
772 2570 864 2603 Elias
879 2569 1056 2604 Cretensis:
1084 2572 1122 2602 In
1134 2574 1185 2601 Di-

302 2624 377 2653 ¹m'no
398 2617 489 2657 nostro
507 2627 572 2652 ortu
590 2643 600 2660 ,
627 2619 873 2662 quemadmodum
892 2621 1071 2652 Sacer-rimus
1083 2621 1185 2657 Diony—

297 2668 358 2712 fius
369 2674 470 2712 inquit
484 2693 496 2709 ,
516 2670 561 2702 ad
568 2669 751 2703 Sacerdotem
760 2669 917 2703 adducitur
927 2668 975 2702 bic
987 2674 1039 2711 qui
1051 2667 1186 2711 spiritali

301 2725 519 2764 regeneratione
551 2719 710 2752 donandus
732 2718 771 2759 est
793 2743 804 2760 ‚
830 2714 894 2762 ipse
918 2728 1020 2752 autem
1042 2718 1077 2753 Θ·
1093 2720 1185 2761 pedes

301 2772 368 2812 ejus
384 2794 395 2811 ,
420 2768 563 2803 adbibita
583 2769 783 2811 Ministrorum
803 2778 892 2812 opera
908 2791 919 2808 ‚
944 2769 1047 2803 calceis
1067 2770 1184 2809 nudae,

303 2822 339 2855 ὑ
347 2818 520 2863 universum
529 2827 636 2862 corpus
647 2820 767 2863 detegit.
793 2819 838 2853 Et
849 2820 882 2853 in
891 2820 1046 2854 Sanstum
1057 2818 1186 2863 Diony·

303 2871 384 2905 sium
393 2869 667 2914 Contemplator:
694 2868 857 2913 Episcopus
878 2881 945 2904 eum
958 2892 969 2910 ,
993 2875 1045 2912 qui
1053 2870 1185 2908 accedit,

304 2920 388 2965 quast
388 2918 536 2964 superiori
554 2925 625 2954 'vita
644 2926 747 2961 exuit,
775 2921 820 2953 ad
838 2929 986 2954 extremos
1002 2917 1090 2963 usque
1099 2919 1186 2953 habi-

304 2978 356 3004 tus
372 2969 517 3015 exspoliat
536 2991 546 3004 ι
584 2968 629 3005 Et
648 2970 691 3006 de
716 2969 856 3014 Georgii
885 2967 1093 3014 Cappadocis
1110 2990 1123 3009 ,
1149 2970 1184 3003 in

304 3020 395 3057 fuam
414 3017 679 3056 Alexandrinam
692 3018 894 3055 Cathedrarn
915 3030 970 3064 per
982 3019 1128 3054 Arianos
1138 3019 1187 3054 in-

303 3071 379 3103 trusi
403 3091 415 3110 ,
452 3070 590 3107 militari
615 3070 774 3106 violentia
799 3070 910 3105 scribit
937 3071 973 3104 in
998 3070 1119 3104 litteris
1143 3069 1183 3104 ad

308 3116 428 3153 Africae
439 3119 618 3165 Episcopos
629 3120 764 3157 Sanetus
776 3118 970 3155 Athanasius
983 3132 990 3153 ε
1017 3123 1054 3153 In
1069 3119 1184 3164 sacrum

309 3168 519 3208 Baptisterium
536 3171 727 3213 christuidae
738 3172 879 3217 Judaei‚
904 3170 1035 3205 &Arba
1061 3170 1185 3204 Erhnui

310 3216 393 3250 nulla
410 3229 478 3253 cum
496 3228 668 3255 reverentia
679 3223 789 3267 ingreffi
799 3246 810 3262 ,
835 3232 905 3256 eam
916 3220 1072 3255 verborum
1092 3219 1186 3263 &fa-

309 3265 423 3301 aarum
432 3272 648 3308 turpitudinem
668 3274 791 3305 nudatis
803 3270 967 3315 corporibus
977 3270 1165 3315 defignarunt
1174 3292 1186 3310 ,

311 3325 348 3351 ut
365 3316 542 3359 pudendum
562 3321 838 3355 &abominandum
850 3321 891 3363 fit
916 3322 1015 3355 relatu
1030 3347 1037 3354 .
1065 3322 1110 3355 Et
1133 3320 1184 3364 Ju-

310 3365 402 3401 daeos
416 3365 451 3399 ἃ
460 3365 611 3400 Gentiles
621 3368 783 3412 Georgius
792 3372 832 3405 ad
844 3370 1074 3415 expellendum
1087 3371 1185 3406 Atha·

307 3417 443 3453 nassum
463 3415 668 3464 assumpserat
687 3418 849 3461 adjutores
868 3446 876 3454 .
915 3423 959 3459 Et
982 3423 1017 3457 in
1045 3421 1185 3459 secunda

932 126 1580 183 Drssnizrano.

191 214 229 246 Ο
249 218 312 252 165-
330 214 494 260 spirituale
505 212 638 248 Pratum
649 207 758 243 sanai
770 205 968 253 Sophronii.
994 207 1038 242 Et
1049 217 1129 246 tunc
1142 220 1211 245 non

328 265 401 304 nisi,
413 267 448 299 in
462 258 622 297 Paschate
641 267 679 294 ac
691 259 717 293 P
725 260 891 296 entecoste
912 258 1000 302 apud
1022 259 1188 304 plerosque
1201 286 1211 302 ,

326 316 361 351 &
372 311 456 358 apud
468 318 589 354 paucos
597 310 697 344 etiam
718 312 753 344 in
769 306 956 353 Epiphania
967 307 1092 347 licebat=
1112 306 1212 355 bapti-

437 360 552 408 Qare
562 360 753 404 ampliffirna
775 359 908 394 fuerunt
922 358 981 394 ista
994 358 1207 405 Baptisteria.

1275 210 1510 255 Mystagogica
1531 208 1700 245 Catechesi
1722 210 1884 248 declamat
1899 215 1939 251 ad
1955 215 2153 263 Neophytos

1273 262 1414 296 Sanetus*
1428 259 1574 307 Cyrillus
1594 261 1836 305 Hierosolymae
1857 263 2060 310 Episcopus:
2078 273 2155 303 ,Sta-

1273 318 1328 346 tim
1340 312 1495 354 utingreffi
1517 309 1603 352 estis,
1630 310 1736 351 vestem
1758 311 1879 352 exuistis
1893 334 1900 342 .
1921 317 2152 360 *Quodquidem

1272 368 1353 397 exuti
1363 361 1492 394 hominis
1515 366 1636 404 antiqui
1656 373 1721 395 cum
1731 362 1866 404 operibus
1878 362 1945 406 suis
1966 368 2149 409 imagofuig,

1273 416 1367 454 Atque
1378 418 1423 445 ita
1434 417 1518 445 exuti
1530 418 1625 446 eratis
1637 413 1725 445 nudi.
1751 417 1912 447 Imitantes
1924 415 1959 449 (9
1968 420 2002 449 in
2012 414 2063 449 boc
2072 416 2150 458 eumn,

1271 468 1321 504 qui
1340 467 1372 494 in
1395 466 1488 496 Cruce
1509 464 1642 496 nudatus
1655 462 1784 504 fuerat,
1810 462 1979 504 christum.
2006 466 2083 508 ‚Qua
2103 467 2151 501 ille

1270 513 1405 546 nuditate
1425 515 1615 554 Principatus
1640 514 1674 547 <5
1687 513 1847 553 Potcstates
1872 513 1961 556 hujus
1975 514 2152 559 saeculispo-

1269 564 1358 596 liavit
1368 586 1379 602 ‚
1403 564 1438 596 (5
1453 575 1565 608 magna
1577 562 1759 604 confidentia
1780 568 1812 597 in
1823 566 1902 608 ligno
1926 565 1963 598 de
1975 566 2036 598 illis
2048 570 2151 600 trium—

1263 613 1377 654 phavit
1390 638 1396 646 .
1426 613 1470 646 Et
1478 614 1512 649 in
1524 614 1658 657 septima
1668 614 1795 648 decima
1806 614 1978 649 communi
1991 615 2152 651 Cateche-

1268 662 1309 699 fi.
1339 665 1407 707 ‚Qui
1431 669 1572 708 mergitur
1594 669 1627 697 in
1639 675 1736 707 aquas
1755 667 1790 700 (r
1807 664 2001 709 baptizatur,
2020 667 2151 710 undique

1268 713 1307 746 ab
1319 719 1406 761 aquis
1426 716 1644 750 circumdatur.
1671 714 1785 750 Totus
1796 726 1896 760 aquas
1910 717 2032 758 intrat,
2057 726 2151 762 utpoff

1268 763 1299 797 te
1312 772 1401 799 totus
1416 765 1522 799 nudus
1532 789 1540 797 .
1568 764 1612 799 Et
1623 764 1657 798 in
1678 764 1763 799 libro
1775 774 1930 801 ancorato
1951 765 2059 802 scribit
2071 767 2150 801 San-

1267 815 1333 853 &us
1346 814 1550 859 Epiphanius
1562 827 1574 851 .-
1600 817 1682 851 Deus
1689 815 1822 858 primum
1829 821 1863 851 in
1873 816 1965 862 Moyse
1975 819 2149 853 calceamem
2169 832 2205 863 ς,
2221 839 2287 870 117·

1265 872 1300 902 ta
1321 862 1414 911 solvit
1433 890 1441 897 .
1467 868 1549 900 Tunc
1573 870 1606 901 in
1627 866 1790 908 Prophetis
1815 872 1990 902 exteriorem
2015 873 2148 903 tunicam

1264 921 1366 956 exuit,
1392 925 1458 949 cum
1479 919 1636 951 Hieremtae
1658 916 1737 952 nibil
1748 925 1863 960 praeter
1888 915 2058 960 Campestre
2078 920 2148 954 relt-

1263 969 1328 1007 quit
1350 988 1357 1001 2
1383 967 1421 998 In
1440 968 1473 1010 J
1475 976 1570 1003 oanne
1587 970 1677 1008 porro
1697 973 1798 1003 omnia
1827 969 1933 1000 mundi
1972 967 2149 1011 vestimenta

1263 1016 1418 1056 rejiciens,
1443 1016 1534 1052 cilicio
1555 1016 1684 1053 &cameli
1700 1018 1775 1058 pilis
1796 1018 1915 1051 induit.
1945 1016 2090 1059 Postremo
2112 1024 2146 1052 in

1262 1062 1324 1108 ipso
1343 1066 1500 1099 Salvatore
1510 1088 1522 1105 ,
1547 1063 1687 1108 ipsiusque
1709 1064 1868 1109 Discipulis
1880 1090 1892 1108 ,
1917 1070 2023 1101 mundi
2035 1070 2146 1103 cultum

1261 1125 1373 1148 omnem
1389 1116 1423 1149 Cr
1435 1114 1573 1149 habitum
1586 1114 1735 1158 deposuit,
1761 1127 1797 1149 ac
1800 1115 1865 1161 post
1886 1127 2029 1158 aquarum
2041 1124 2146 1161 expia-

1261 1170 1369 1202 tionem
1379 1170 1459 1210 ignis
1483 1164 1649 1210 &spiritur
1661 1165 1790 1206 vestibus
1803 1167 1919 1201 caelitus
1942 1168 2059 1207 induit.
2086 1168 2146 1204 Ast

1261 1215 1369 1251 firmat
1379 1214 1471 1261 qudd
1484 1217 1609 1251 Divina
1622 1215 1835 1253 Providentia
1858 1216 1940 1254 novi
1951 1216 2149 1255 Testamen-

1261 1266 1285 1300 ti
1296 1265 1500 1311 Baptismum
1511 1267 1556 1301 ita
1567 1267 1703 1312 coeperit
1719 1267 1755 1301 in
1767 1265 1939 1311 Prophetis
1949 1267 2147 1311 praenuntia}

1258 1327 1292 1351 re
1303 1327 1342 1351 ac
1353 1317 1544 1360 promittere
1555 1340 1567 1358 ‚
1593 1317 1791 1362 tandemque
1810 1317 1844 1352 iu
1857 1317 1928 1361 ipso
1939 1318 2094 1353 Domino
2106 1330 2149 1358 ae,

1258 1365 1325 1411 ejus
1349 1366 1531 1411 Discipulis
1554 1366 1761 1402 exhibuerit.
1791 1365 1944 1406 Affirmat
1966 1368 2004 1404 δε
2025 1369 2145 1404 1)οωί-

1259 1429 1339 1451 num
1365 1418 1399 1454 ἀ
1421 1418 1490 1462 ejus
1515 1418 1705 1462 Discipulos
1728 1442 1739 1458 ‚
1764 1416 1844 1452 dum
1868 1416 2145 1462 baptizabantur,

1258 1468 1352 1502 fuisse
1374 1478 1464 1505 totos
1475 1469 1541 1503 fine
1552 1468 1735 1513 Campestri
1756 1468 1884 1504 nudos.
1910 1469 2146 1509 Dominumtn

1250 1522 1283 1562 J
1285 1519 1397 1557 ordane
1411 1519 1518 1562 stetisse
1539 1519 1652 1553 nudum
1666 1543 1677 1559 ,
1702 1517 1818 1553 diserte
1843 1518 1955 1557 scribit
1975 1519 2013 1554 in
2021 1518 2147 1554 oratio-

1257 1580 1298 1601 ne
1309 1569 1458 1602 adversus
1471 1570 1702 1611 Imperatorem
1724 1568 1988 1607 Constantinum
2000 1567 2145 1607 Cabelli-

1257 1628 1337 1651 num
1347 1616 1484 1652 Sanstus
1506 1618 1649 1663 Joannes
1670 1619 1912 1653 Damascenus.
1940 1619 1986 1657 Et
1997 1617 2144 1664 Epipha-

1256 1667 1330 1699 nius
1343 1667 1466 1709 pergit:
1499 1671 1583 1707 Aqua
1591 1678 1659 1700 cum
1669 1672 1850 1703 invocatione
1857 1667 1970 1711 sanila
1980 1680 2040 1702 non
2049 1679 2143 1704 unum
2161 1671 2196 1702 C·
2212 1673 2277 1701 118.

1255 1715 1423 1748 dumtaxat
1431 1714 1560 1750 bominis
1582 1715 1743 1751 membrum
1753 1724 1895 1759 occupat,
1916 1715 1976 1759 sed
1994 1724 2144 1762 integrum

1250 1763 1373 1807 prorsus
1399 1773 1541 1809 repurgat
1560 1788 1572 1807 ,
1597 1766 1761 1802 circumdat
1782 1789 1794 1806 ,
1831 1777 1868 1804 ac
1888 1767 1979 1803 malis
2004 1768 2141 1805 omnihus·

1247 1812 1341 1859 solvit
1356 1839 1364 1847 .
1388 1814 1432 1850 Et
1450 1814 1492 1850 de
1514 1814 1710 1859 baptizando
1732 1815 1866 1860 Magno
1890 1813 2010 1850 Basilio
2028 1815 2142 1854 scribit

1251 1864 1286 1898 in
1299 1864 1367 1908 ejus
1378 1866 1444 1899 vita
1452 1866 1608 1910 antiquus
1623 1866 1768 1905 Austor:
1796 1864 1926 1910 Bafilius
1937 1865 2031 1908 vestes
2042 1873 2143 1909 exuit,

1250 1915 1285 1950 (w
1306 1925 1370 1948 cum
1390 1921 1432 1949 eis
1459 1917 1552 1957 plane
1576 1916 1697 1957 deponit
1731 1925 1865 1951 veterem
1885 1916 2036 1953 bominem
2057 1941 2067 1951 .
2093 1919 2143 1956 su

1250 1966 1367 1999 demum
1387 1964 1536 2009 descendit
1551 1970 1584 2000 in
1603 1977 1732 2011 aquam.
1758 1966 1862 2008 Vox,
1888 1967 2006 2007 Plane,
2031 1968 2144 2015 asser->iq

1251 2015 1380 2059 plenam
1394 2016 1462 2050 fine
1473 2016 1655 2060 Campestti
1667 2014 1849 2051 nuditatem
1860 2039 1868 2049 .
1894 2015 1940 2053 Et
1949 2016 1990 2053 de
2003 2017 2138 2060 patratis,

1251 2067 1290 2101 in
1311 2067 1367 2101 sua
1391 2066 1580 2111 expulsione
1602 2065 1773 2101 violentiis
1794 2066 2047 2112 queritur-apud
2059 2067 2139 2106 Saua-³

1248 2118 1334 2152 &um
1357 2115 1562 2151 Pontificem
1584 2115 1818 2151 Innocentium
1840 2117 1975 2151 sanstus
1996 2116 2139 2160 Ioannes

1249 2165 1507 2211 Chrysostomus
1534 2178 1543 2199 z
1573 2168 1713 2200 Mulieres
1725 2191 1737 2207 ,
1763 2178 1832 2210 quae
1847 2175 1904 2209 per
1923 2166 2005 2202 illud
2021 2165 2142 2209 tempus

1242 2216 1277 2260 se
1303 2226 1449 2252 exuerant
1482 2225 1515 2251 ut
1537 2216 1764 2260 baptizarentur
1783 2241 1793 2257 ,
1822 2224 1902 2251 metu
1920 2220 2034 2262 gravis
2056 2215 2136 2258 istim

1247 2268 1382 2302 incursus
1407 2269 1499 2302 nudae
1519 2267 1716 2311 aufugerunt.
1742 2270 1850 2310 Neque
1869 2271 1950 2302 enim
1964 2267 2137 2310 concedebas

1245 2326 1294 2352 tur
1303 2327 1337 2351 ut
1346 2316 1380 2362 fi·
1392 2319 1550 2360 velarent,
1571 2317 1645 2359 ficut
1655 2318 1786 2351 mulieres
1800 2316 1931 2358 honestas
1942 2317 2034 2353 decet.
2064 2316 2137 2354 Uti

1246 2369 1381 2403 sanetus
1404 2367 1603 2403 Athanasius
1626 2389 1638 2408 ‚
1663 2367 1709 2403 ita
1725 2368 1760 2402 δε
1784 2369 1920 2412 διυᾷυε
1936 2366 2141 2413 (Σὴτγίοίὶοιι

1247 2430 1317 2454 mus
1330 2418 1392 2453 fuit
1402 2419 1437 2454 in
1450 2420 1611 2455 nosturno
1634 2429 1673 2453 ac
1684 2416 1835 2455 Paschali
1854 2417 2063 2462 Baptismatis
2073 2417 2137 2453 mi·-

1249 2469 1382 2503 nisterio
1410 2470 1559 2504 invasus.
1588 2469 1680 2503 Etin
1692 2468 1936 2514 quadragesima
1957 2467 2048 2510 supra
2070 2467 2137 2510 pri·

1248 2530 1335 2553 mam
1357 2518 1399 2553 ad
1433 2515 1634 2554 Corinthios
1651 2518 1822 2561 epistolam
1846 2517 2000 2555 Homilia
2020 2515 2133 2554 scr-ibit

1247 2569 1333 2605 idem
1355 2568 1610 2614 Chrysostomus
1623 2582 1634 2603 .·
1663 2572 1850 2604 Dimittimur
1872 2574 1905 2603 in
1907 2567 2029 2612 fontem
2034 2563 2133 2608 sacro·

1246 2632 1311 2652 rum
1319 2619 1492 2660 fluentorum
1506 2644 1514 2652 .
1541 2619 1676 2664 Utique
1685 2619 1749 2654 toti
1762 2644 1770 2652 .
1795 2617 1899 2664 Quod
1916 2626 2003 2658 aqua
2027 2615 2131 2649 etiam

1248 2672 1361 2705 faciem
1380 2670 1524 2705 nostram
1535 2668 1766 2708 circumfluat,
1790 2667 1925 2701 testatur
1947 2666 1982 2701 in
2007 2664 2132 2699 Homi-

1246 2720 1297 2754 liis
1308 2722 1402 2765 super
1415 2720 1522 2755 Sancti
1534 2717 1683 2752 Matthaei
1698 2715 1918 2760 Evangelium
1930 2739 1938 2748 .
1965 2714 2011 2748 Et
2020 2712 2130 2749 adver·

1244 2770 1297 2804 sus
1317 2769 1448 2804 Petrum
1471 2767 1708 2811 Apameensem
1722 2766 1943 2810 Episcopum,
1969 2764 2063 2799 suum
2085 2764 2132 2799 see*

1243 2819 1357 2854 cundae
1376 2819 1477 2861 Syriae
1499 2817 1752 2860 Metropolitam
1771 2839 1782 2856 ‚
1809 2814 1959 2858 deposuit
1980 2813 2016 2849 in
2038 2814 2134 2849 Gon·

1243 2868 1535 2910 stantinopolitana
1560 2865 1704 2911 Agapeti
1716 2864 1893 2902 Pontificis
1913 2863 2052 2909 Synodo
2063 2864 2131 2913 Ste-

1242 2916 1367 2962 phanus
1381 2917 1571 2960 Presbyter:
1599 2921 1678 2949 Cum
1688 2916 1806 2959 essemus
1818 2922 1853 2948 in
1863 2912 2042 2956 Baptssmo
2050 2916 2133 2947 Neo»,
2145 2923 2219 2964 cap,
2229 2931 2260 2962 3.

1239 2968 1413 3010 photinum,
1432 2966 1495 3010 fine
1517 2972 1627 3000 tunicis
1644 2967 1892 3000 &calceamentis
1914 2962 2102 3003 existentium
2113 2986 2127 3003 ‚

1242 3018 1302 3053 &c-
1330 3018 1374 3052 Et
1387 3019 1421 3051 in
1432 3018 1544 3053 Sanffi
1563 3015 1741 3060 Sophronii
1766 3014 1921 3059 spirituali
1933 3013 2035 3049 Pmto
2054 3023 2131 3047 nar-

1243 3079 1290 3103 rat
1306 3068 1347 3102 de
1356 3068 1500 3102 Conone
1518 3065 1605 3111 apud
1616 3066 1789 3110 Iordanem
1801 3064 1998 3107 Presbytero
2026 3071 2129 3107 atque

1243 3116 1524 3163 BaptissasAbbas
1545 3116 1760 3152 Athanasius:
1786 3113 1958 3157 Cumeffem
1981 3119 2014 3146 in
2023 3116 2128 3147 Mona-

1235 3169 1325 3210 sterio
1339 3167 1527 3203 Pentbucata
1535 3192 1548 3210 ,
1574 3167 1729 3207 Presbyter
1739 3166 1863 3209 quidam
1870 3172 1939 3197 erat
1947 3164 1995 3199 ad
2003 3149 2129 3206 Bapnfi

1241 3226 1281 3253 mi
1303 3218 1520 3260 ministerium,
1541 3222 1643 3251 Conon
1653 3221 1769 3252 nomine
1781 3239 1792 3254 ,
1813 3225 1922 3258 genere
1946 3214 2124 3251 Alexandri-1

1240 3282 1297 3304 nus
1317 3294 1328 3311 ,
1353 3281 1441 3313 quem
1458 3277 1515 3312 pro
1534 3273 1612 3302 vitae
1629 3272 1732 3301 merito
1754 3266 1865 3299 Patres
1880 3263 2032 3306 jufferant
2048 3268 2125 3302 ,zat

1239 3320 1407 3363 baptizaret
1432 3320 1624 3352 uendentes:
1649 3314 1815 3360 Ipseigirur
1835 3313 1939 3358 fando
1952 3310 2121 3355 chrismate

1240 3372 1367 3414 ungebat
1388 3371 1422 3403 Θ
1435 3369 1610 3411 baptizabat
1633 3378 1703 3407 eos,
1727 3371 1780 3408 qui
1802 3366 1850 3399 ad
1872 3364 1923 3398 boc
1942 3361 2117 3398 micham.

1227 3451 1230 3471 ἱ
1242 3424 1370 3473 ‚Quotiei
1382 3423 1449 3465 ergo
1459 3421 1608 3459 mulierem
1629 3416 1790 3463 inungebat
1797 3440 1812 3462 ,
1828 3410 2095 3460 fiandaelizabatur
2105 3432 2131 3451 „-

1979 3470 2068 3505 atque
