2352 3736
82 493 144 529 Li·
158 495 211 522 c.6.

78 833 138 864 Pol.
145 844 178 865 21
185 843 211 871 3.

70 1323 167 1353 Temo
184 1333 212 1363 ⁴1

76 1363 106 1390 Ρ.
128 1372 192 1398 5²4-

75 1550 150 1579 Anu.
158 1558 167 1577 1
174 1551 205 1588 ⁶2³
215 1556 227 1588 ξ

70 1734 160 1775 Epist·
167 1739 232 1776 1362

75 2948 211 2988 Epfstsst·

369 122 423 152 οε
457 106 723 150 LAnNoittJM
760 101 1071 146 Evrscopoimn
1092 114 1156 142 >ET
1191 98 1492 154 Craniconun
1528 112 1853 145 CONTINENTIA.

249 188 430 222 Metensem
456 186 655 230 Episcopum
681 185 752 227 quis
783 185 913 229 ignoret
947 181 1039 222 fuisse
1060 181 1123 213 Ba-

246 237 389 272 standum
413 236 525 271 Caroli
548 235 698 280 Magni?
724 236 885 277 Joannem
909 231 1120 275 undecimum

244 286 444 322 Pontificem
462 286 555 321 fuisse
567 285 670 330 Sergii
692 296 734 318 ex
755 285 877 319 famosa
890 281 1030 314 Marosia
1052 281 1123 323 spu-

244 338 333 372 rium
344 337 439 371 refert
457 336 538 371 liber
552 335 774 380 pontificalis.
801 333 964 377 Bosonem
978 330 1121 373 spurium

246 387 340 422 fuisse
358 379 568 431 ab'Hugone
590 385 789 427 ItaliaeRege
811 381 1022 415 nominatum
1047 380 1126 423 Epi-

245 438 381 481 scopum
394 435 624 471 Placentinum
643 432 750 468 scribit
761 428 982 477 Luitprandus
997 430 1119 463 Diaco-

244 497 306 521 nus
328 485 516 521 Ticinenfis
538 509 546 518 .
568 481 777 526 Arnulphum
803 478 1022 514 Rhemensem
1047 479 1123 522 Epi-

246 537 382 581 scopum
394 561 405 577 ,
425 530 528 580 ‘quem
540 533 583 568 ob
595 532 786 576 illegitimos
795 530 815 565 ὲ
827 530 949 564 Carolo
964 530 1056 573 Rege
1070 540 1125 562 na-

246 587 327 629 tales
339 581 387 621 uti
399 595 492 620 tanto
505 581 700 625 Episcopatu
722 580 899 626 indignum
910 580 1043 623 ejecerat
1054 580 1127 612 Hu-

248 649 295 682 go
305 637 446 680 Capetus
457 657 469 672 ‚
495 632 587 665 fuisse
605 631 623 664 Ξι
635 631 791 665 Romano
816 641 894 664 tunc
906 629 1071 664 Pontifice
1082 640 1128 662 re-

247 687 397 729 stitutum
405 682 543 716 affirmat
554 680 745 725 Radulphus
757 682 797 715 de
808 681 945 714 Diceto.
972 679 1016 712 Et
1029 677 1127 712 Tho-

247 727 335 770 mam
344 733 485 776 primum
509 731 658 765 Ecclefiae
671 729 880 765 Eboracenfis
903 728 1130 772 Archiepisco-

248 795 326 829 pum
338 806 349 822 ‚
377 782 469 824 quod
483 782 665 816 Sacerdotis
675 783 753 815 estet
764 781 852 814 filius
863 804 874 820 ,
893 779 987 825 fuisse
1000 779 1041 813 ab
1054 779 1128 812 Ale-

245 831 371 868 *andro
383 830 523 877 secundo
534 831 694 878 Pontifice
705 831 866 873 dejeCfflm
878 854 888 870 ‚
914 830 947 863 ὅ(
960 828 1070 872 postea
1083 828 1124 862 ad

247 882 355 917 saneti
366 882 542 926 Lanfranci
551 881 792 923 Cantuarienfis
805 879 1049 923 Archiepiscopi
1062 890 1130 922 pref

246 943 300 966 ces
323 932 507 977 restitutum
528 957 538 972 ,
565 930 664 965 habes
691 931 777 974 apud
798 928 1017 963 Guilielmum
1040 928 1127 962 Mal-

245 980 494 1017 mesberiensem
531 1006 540 1013 .
578 982 624 1016 Et
658 982 814 1020 Sanctum
851 978 1096 1014 Guitmundum
1115 1003 1126 1019 ,

246 1033 337 1076 quod
357 1033 461 1076 ipsum
471 1031 577 1066 aemuli
598 1032 662 1065 effe
682 1030 866 1074 Presbyteri
888 1029 996 1063 filium
1021 1029 1129 1072 prodi-

246 1082 388 1123 dissent,
414 1083 506 1128 regiae
516 1082 557 1116 ad
576 1079 877 1125 Rorhomagensem
905 1079 1129 1124 Archiepisco-

246 1142 362 1176 patum
382 1132 626 1171 nominationi,
654 1142 695 1165 ne
719 1130 953 1165 discordiarum
973 1131 1067 1164 causa
1078 1130 1130 1163 fo-

245 1181 316 1223 ret,
336 1183 556 1222 renuntiasse,
582 1180 735 1223 &abjilse
759 1181 792 1214 in
815 1180 970 1224 italiam,
999 1180 1044 1214 ibi
1071 1191 1127 1213 au-

248 1242 316 1266 tem
339 1231 358 1265 ὲ
372 1232 537 1277 Gregorio
559 1231 696 1272 septimo
708 1231 867 1264 Romanae
881 1229 1031 1263 Ecclefiae
1051 1229 1127 1263 Car·

246 1282 392 1323 dinalem
413 1306 425 1322 ,
451 1283 484 1315 ὅτ.
504 1280 545 1314 ab
569 1279 712 1315 Urbano
733 1280 877 1314 secundo
897 1280 1016 1313 fastum
1039 1279 1130 1313 fuiffe

247 1331 452 1377 aversanum
475 1331 674 1374 Episcopum
696 1355 706 1370 ,
733 1330 819 1373 apud
845 1329 970 1364 Lucam
1000 1328 1130 1363 Dache-

248 1383 335 1415 rium
354 1380 644 1416 narratoldericus
655 1379 797 1422 Vitalis.
824 1379 920 1412 Plura
944 1377 1124 1413 istiusmodi

248 1432 400 1475 exempla
415 1424 550 1464 adducit
560 1429 708 1462 laudatus
716 1427 912 1470 Radulphus
925 1428 966 1462 de
978 1428 1102 1462 Diceto
1111 1453 1122 1469 ‚

249 1491 348 1526 agens
367 1479 409 1514 de
427 1478 594 1513 Richardo
615 1476 752 1511 Roberti
777 1476 949 1512 Cestrenfis
971 1478 1126 1521 Episcopi

246 1529 364 1574 Spurio
386 1539 540 1573 promoto
561 1526 601 1561 ad
635 1527 867 1572 Episcopatum
898 1528 1126 1562 Conventren-

245 1580 329 1613 sem.
357 1579 402 1614 Et
427 1579 468 1613 ad
491 1577 720 1612 Daimbertum
748 1579 971 1612 Senonensem
994 1577 1127 1621 Episco-

245 1639 324 1674 pum
333 1630 426 1663 suum
437 1628 689 1672 Metropolitatn
710 1627 752 1661 de
764 1627 969 1662 Cathedralis
988 1629 1049 1661 suae
1063 1628 1123 1661 Ec-

245 1679 343 1714 clefiae
363 1678 545 1724 Canonicis
565 1677 675 1711 scribit
695 1677 830 1712 Sanstus
855 1677 914 1712 lvo
941 1678 1120 1721 Episcopus

244 1728 456 1775 -Carnutenfis
478 1741 486 1761 :
512 1732 636 1762 Certum
657 1727 767 1762 babeat
801 1729 998 1768 amantiffima
1024 1727 1125 1762 vestra

245 1781 441 1821 Paternitas,
470 1783 543 1822 quia
545 1780 754 1819 Juramentum
766 1802 776 1819 ‚
807 1780 887 1820 quod
898 1778 1043 1818 fecerunt
1060 1779 1126 1811 Cle·

246 1834 300 1863 rici
312 1831 350 1863 de
363 1841 422 1874 non
438 1829 618 1871 recipiendis
629 1831 715 1872 vulgo
739 1834 821 1862 natis
836 1835 868 1861 in
881 1832 1096 1861 concanonicos
1109 1852 1120 1869 ‚

246 1879 303 1913 vel
307 1878 483 1921 quibuslibet
490 1879 562 1912 aliis
573 1879 609 1919 de
618 1887 763 1912 extranea
765 1879 893 1921 familia
910 1885 1023 1918 genitis
1035 1904 1044 1919 ,
1071 1890 1117 1911 me

245 1926 571 1971 inconsultofecerunt.
602 1928 709 1972 Ipsum
719 1939 830 1963 tamen
853 1928 1123 1972 postea-probavit

244 1978 306 2012 lvo
328 2003 339 2019 ‚
364 1979 402 2013 δε
420 1990 476 2023 per
499 1975 687 2013 Paschalem
710 1977 886 2013 secundum
906 1978 1101 2012 Pontificem
1115 2002 1126 2017 ‚

243 2027 496 2062 Carnutenlium
511 2029 647 2062 Comite
658 2030 770 2062 frustra
792 2028 1016 2062 recalcitrante
1027 2052 1038 2067 ,
1063 2029 1122 2061 im-

244 2079 382 2122 petravit
392 2078 600 2113 confirmari.
629 2078 681 2111 Eo
692 2089 831 2122 namque
843 2087 990 2120 tempore
1011 2078 1122 2111 Duces
1148 2104 1150 2106 v

244 2127 280 2162 ἅ
290 2127 442 2163 Comites
460 2130 532 2162 suos
544 2127 655 2171 paffim
676 2138 716 2161 ex
737 2127 865 2162 ancillis
877 2127 1046 2161 Bastardos
1057 2128 1124 2161 vio-

244 2176 348 2212 lenter
356 2177 571 2212 intrudebant
582 2178 618 2210 in
630 2179 730 2212 sacras
741 2178 918 2222 dignitates
928 2203 938 2218 ‚
964 2188 1062 2220 atque
1075 2178 1119 2210 ita

245 2226 353 2260 servili
374 2228 473 2262 fimul
504 2228 537 2261 δε
560 2228 744 2262 adulterino
768 2228 927 2271 sanguine
955 2227 1123 2260 foedabant
1143 2256 1144 2259 ,

248 2273 407 2309 Ecclefias
419 2303 428 2318 τ
456 2276 722 2311 Adversu'millos
737 2277 875 2311 solemni
896 2276 1077 2318 juramento
1089 2277 1120 2310 se

250 2322 474 2358 astrinxerunt
497 2326 586 2367 plura
617 2326 769 2368 Capitula
788 2326 831 2360 de
850 2327 948 2360 nullis
971 2324 1123 2370 deinceps

247 2372 390 2406 insnum
411 2373 608 2418 'Collegium
628 2375 839 2409 admittendis
848 2375 1029 2416 Bastardis,
1055 2376 1124 2411 nul·

246 2421 350 2465 lisque
360 2423 462 2456 servis
474 2447 484 2462 ‚
511 2424 568 2456 nifi
580 2435 622 2457 ex
634 2424 780 2458 Ecclefiae
798 2426 860 2459 suae
870 2426 994 2460 familia
1016 2426 1123 2470 legiti-

245 2471 300 2505 me
323 2472 428 2506 natisz.
456 2472 500 2505 Et
522 2470 601 2505 hinc
622 2473 771 2508 adversus
795 2474 877 2509 istud
888 2476 1035 2520 Capituli
1048 2476 1124 2510 Car-

247 2521 388 2555 nutenfis
407 2521 627 2565 juramentum
640 2546 651 2562 ‚
677 2532 841 2567 tamquam
853 2525 1008 2570 dignitati
1033 2526 1124 2569 &ju-

240 2570 330 2605 ribus
351 2570 421 2604 suis
442 2572 641 2606 contrarium
661 2596 672 2612 ,
697 2574 905 2608 Carnutenfis
926 2576 1047 2609 Comes
1066 2587 1125 2619 po-

242 2619 620 2662 tentiffimffinsurrexit,
644 2623 680 2662 &
700 2623 742 2657 ab
760 2624 828 2667 ejus
839 2623 1039 2658 observantia
1059 2627 1121 2659 ces-

245 2669 302 2702 fari
322 2671 488 2714 compulit
498 2673 598 2715 usque
617 2673 658 2706 ad
671 2671 847 2708 adventum
868 2675 902 2708 ἀ
913 2685 1048 2709 examen
1063 2675 1121 2708 Ri-

247 2715 355 2770 c'hardi
365 2719 555 2755 Cardinalis
568 2721 762 2757 Albanenlis
774 2724 924 2767 Episcopi
939 2749 950 2765 ‚
977 2724 1119 2768 Aposto-

246 2764 305 2820 hci
327 2769 535 2808 perissalliam
559 2771 696 2816 Legati.
718 2774 813 2820 Qu
834 2775 903 2808 imo
924 2774 1073 2809 adversus
1084 2776 1119 2808 fi-

246 2814 327 2847 mlle
348 2814 528 2871 Parisienfis
551 2822 696 2856 Eccleliae
716 2825 884 2858 Statutum
905 2835 944 2858 ac
960 2825 1119 2867 juramen-

246 2873 318 2897 tum
329 2865 512 2920 [σφῆς-ιὰ
522 2871 665 2905 Lucium
685 2874 819 2908 tertium
838 2873 1036 2908 Pontificem
1048 2876 1116 2908 Ste-
1132 2845 1136 2918 l

247 2910 375 2957 PhaflUS
404 2913 577 2959 Episcopus
597 2921 835 2957 Tornacenfis:
863 2925 914 2958 Ad
928 2922 1008 2966 sacri
1031 2920 1135 2964 vestri}

245 2962 430 3005 Ap0st0la²¹11
441 2975 541 3006 genua
546 2973 721 3011 procidimus
733 2997 744 3013 ‚
767 2984 885 3016 magnae
906 2974 1014 3006 indolis
1026 2959 1135 3015 juve-l

246 3023 336 3052 ”ems
361 3015 505 3054 malms,
535 3024 568 3048 ut
592 3021 751 3061 credimus,
775 3029 902 3057 virtutis
923 3030 1024 3056 virum
1048 3009 1135 3056 mon¹

240 3060 379 3102 futurum
403 3086 418 3103 ,
445 3067 566 3096 Domini
587 3069 676 3109 Regis
697 3074 878 3106 Francorum
900 3038 1135 3115 cancellariuml

251 3111 354 3151 vestrae
361 3118 475 3155 gratiae
482 3118 719 3149 commendantes
730 3142 737 3150 .
763 3122 848 3156 Eum
861 3122 987 3156 strenue,
1010 3125 1118 3167 praedi-

248 3171 299 3194 cat
311 3185 323 3201 ‚
348 3172 385 3194 ac
399 3164 519 3208 pergit.
547 3166 696 3207 ,Quoniam
707 3173 740 3199 in
750 3179 836 3211 regno
843 3175 1026 3206 Francorum
1037 3185 1115 3215 quae·

246 3212 322 3243 dam
331 3211 465 3252 Ecclefiae
473 3216 606 3255 quadam
612 3213 782 3259 scrupulosa
795 3219 944 3255 nobilitate
947 3221 1114 3266 gloriosam,

247 3268 283 3293 iit
294 3259 440 3300 aestimant
454 3286 466 3302 ,
487 3262 539 3303 fibi
557 3263 791 3306 consuetudinem
808 3266 1030 3311 adsumpserunt
1043 3296 1054 3311 ‚
1080 3284 1117 3305 ne

248 3312 343 3352 aliqui
365 3309 465 3351 nisiex
486 3312 562 3346 lietto
580 3316 732 3355 complexu
745 3323 843 3360 geniti
862 3326 1091 3359 promoveantur
1106 3345 1118 3362 ,

247 3365 282 3394 in
305 3366 349 3394 eis
376 3367 545 3396 meritorum
572 3365 609 3399 (2⁶
630 3370 756 3399 virtutis
785 3367 988 3404 excellentiam
1011 3375 1115 3412 origini

1938 115 1997 161 37

1184 181 1387 224 postponentes
1406 205 1417 221 ‚
1438 179 1582 223 praedic‘lo
1607 181 1791 214 cancellario
1820 179 1947 225 superbe*
1962 185 2063 223 potius

1187 242 1277 272 quam
1300 231 1429 275 superne
1448 226 1567 264 errulum
1591 236 1768 264 nativitatIs
1779 231 1941 276 objiciunt,
1966 243 2001 265 ne
2014 233 2066 265 vel

1188 283 1232 314 ad
1252 294 1299 315 eos
1323 283 1444 316 accedat
1457 306 1468 322 ,
1496 281 1548 314 vel
1569 286 1648 312 inter
1667 291 1714 313 eos
1734 280 1876 322 ascendat
1893 307 1901 314 .
1929 285 2066 326 Eorum,

1191 333 1282 364 Pater
1310 355 1321 372 ,
1346 332 1457 376 ‘legibus
1492 335 1628 364 Romana
1663 329 1789 371 Ecclesia
1814 343 1871 365 non
1903 329 2065 375 ficbditur:
2107 361 2109 363 .

1192 383 1306 413 Poteris
1322 404 1333 420 ,
1353 381 1383 422 fi
1401 383 1546 422 volueris,
1569 382 1622 413 vel
1640 385 1682 412 eis
1708 381 1846 424 derogare
1869 386 1902 414 in
1919 390 2041 423 partem
2057 405 2069 421 ‚

1191 431 1242 463 vel
1263 442 1315 464 eas
1322 437 1446 472 penitus
1461 430 1617 474 abrogare.
1645 429 1763 464 Multis
1774 429 1892 471 instat,
1904 441 1939 475 ut
1953 431 2068 465 Ponti-

1190 479 1245 513 fex
1258 479 1343 514 istud
1355 481 1571 525 quorumdam
1590 481 1624 513 in
1640 479 1748 514 Gallia
1761 477 1993 524 Capitu‘lorum
2004 482 2071 515 Sta·

1191 539 1320 571 tutum,
1348 528 1515 573 tamquam
1541 529 1689 562 Ecclesiae
1709 531 1743 564 ὅ(
1764 529 1876 575 Regni
1898 529 1990 564 bono
2018 530 2071 563 ad-

1191 581 1336 618 versum,
1360 580 1515 622 dignetur
1527 578 1693 612 exsufflare
1707 603 1715 611 .
1742 580 1834 627 Qin
1857 579 1896 613 de
1907 580 2070 625 Gregorio

1193 641 1283 664 nono
1298 629 1461 663 Pontifice
1472 652 1483 668 ,
1507 629 1581 662 suos
1596 628 1817 663 Decretalium
1832 630 1931 665 libros
1942 630 2074 674 vulgan-

1193 690 1224 713 te
1236 705 1246 720 ,
1275 678 1382 713 scribit
1398 676 1576 713 Matthaeus
1588 677 1787 720 Parilienfis:
1813 684 1968 723 Gregorius
1981 683 2071 722 Papa

1192 740 1284 762 nonus
1306 735 1339 761 in
1358 728 1424 771 suis
1449 727 1650 761 Decretalibus
1669 727 1809 769 quaedam
1825 723 2008 770 innovavit,
2035 741 2073 763 ne
2092 710 2247 755 A³¹¹⁶¹²35

1189 778 1297 822 stilicet
1320 780 1467 822 illegitimi
1488 779 1653 812 Praelatias
1673 777 1724 810 vel
1756 776 1951 822 Ecclefiastica
1973 779 2076 821 benefi-

1190 836 1258 869 cia,
1284 828 1340 870 nisi
1357 831 1470 871 adepta
1495 829 1598 861 asede
1611 831 1748 860 Romana
1772 828 1994 870 legitimationis
2015 829 2074 872 dis-

1188 878 1382 922 pensatione,
1407 879 1561 912 obtineant
1581 901 1592 917 ,
1613 876 1709 920 sciens
1733 878 1804 910 inde
1819 881 1963 910 Romame
1974 884 2075 912 Curiae

1189 937 1244 971 pro
1264 933 1466 971 impetratione
1488 929 1543 971 tali
1558 928 1652 960 multa
1679 928 1873 960 emolumenta
1891 933 2051 969 provenire
2065 954 2074 960 .

1192 978 1441 1013 Mendaciffime
1451 978 1672 1020 calumniatur
1682 978 1844 1021 optimum
1857 977 2054 1011 Pontificem
2064 1004 2073 1010 .

1194 1030 1245 1063 Ex
1256 1028 1343 1064 hisce
1353 1039 1463 1063 tamen
1477 1028 1634 1062 omnibus
1645 1028 1732 1063 lucet
1743 1028 1870 1062 nullam
1883 1037 1964 1061 tunc
1976 1028 2078 1072 usque

1194 1079 1318 1117 firmam
1332 1081 1437 1125 legem
1459 1078 1719 1127 Ecclefiasticam
1739 1076 1891 1113 adversus
1903 1076 2076 1124 Bastardos

1195 1130 1330 1175 viguisse
1342 1154 1349 1161 .

1244 1179 1287 1226 Et
1300 1179 1380 1227 hinc
1392 1179 1525 1224 quaestio
1536 1179 1583 1215 est
1597 1206 1607 1222 ‚
1636 1179 1806 1226 ,quisipsos
1817 1179 1942 1223 primus
1963 1179 2077 1225 rejece-

1194 1231 1235 1264 rit
1251 1230 1291 1264 ad
1307 1229 1516 1275 irregulares?
1543 1230 1682 1266 Andreae
1702 1229 1869 1264 Lundenfi
1885 1228 2050 1272 Episcopo
2066 1252 2080 1269 ‚

1196 1282 1368 1314 Danorum
1389 1280 1636 1325 Metropolitae,
1663 1292 1701 1315 ac
1718 1282 1778 1314 suo
1805 1290 1859 1323 per
1868 1277 2082 1322 septemtrio·
2127 1319 2132 1325 ¹

1197 1341 1271 1364 nem
1295 1331 1444 1374 Legam,
1473 1324 1626 1375 roganti3
1653 1333 1686 1363 si
1700 1329 2002 1375 Presbyterorumfflii
2018 1328 2079 1371 fint
2102 1318 2261 1358 1-'b-4·EP*

1195 1379 1396 1420 indifferenter
1418 1382 1463 1413 ad
1481 1379 1582 1423 sacros
1603 1381 1732 1420 Ordines
1753 1380 1952 1421 promovendi
1977 1403 1987 1418 ,
2019 1380 2080 1412 res-
2106 1363 2169 1390 ΗΒ·

1197 1430 1314 1473 pondit
1335 1430 1550 1462 Innocentius
1575 1429 1706 1461 tertius:
1735 1431 1780 1460 De
1792 1429 2033 1467 presbyterorum
2041 1428 2084 1470 fi·

1193 1480 1245 1512 liis
1259 1489 1322 1512 tam
1343 1488 1380 1510 ex
1396 1480 1515 1510 Decreto
1527 1476 1643 1509 Urbani
1659 1479 1755 1516 Papae
1762 1474 1890 1518 J‘ecundi'
1904 1501 1915 1517 ,
1940 1489 2030 1518 quam
2039 1489 2077 1510 ex

1195 1529 1327 1561 Concilio
1350 1529 1494 1573 colligitur
1506 1526 1704 1567 Pillaviensi',
1731 1527 1810 1568 quod
1835 1528 1880 1559 ad
1896 1525 2000 1569 sacros
2020 1539 2079 1560 non

1190 1577 1266 1621 sunt
1276 1579 1407 1610 Ordines
1416 1577 1635 1619 promovendi,
1662 1575 1721 1617 nist
1725 1586 1778 1609 aut
1788 1582 1820 1607 in
1833 1577 1981 1609 Coenobiis
1993 1602 2003 1617 ,
2028 1586 2083 1611 aut

1194 1634 1227 1661 in
1248 1631 1401 1662 Canom‘ca
1423 1629 1563 1671 Regulari
1586 1628 1720 1670 religiose
1737 1627 1859 1669 fuerint
1895 1625 2082 1670 conversati.

1198 1679 1325 1711 Primos
1337 1677 1615 1721 hujusjustiffimae
1625 1677 1872 1724 irregularitatis
1887 1687 2019 1712 autores
2032 1678 2081 1711 vi-

1196 1728 1290 1762 detur
1310 1729 1414 1762 facere
1439 1727 1620 1762 Urbanum
1642 1728 1821 1762 secundum
1842 1739 1879 1761 ac
1906 1728 2082 1770 Synodum

1197 1778 1451 1812 Pistaviensem.
1479 1778 1581 1813 Porro
1605 1778 1764 1813 Urbanus
1789 1776 1949 1817 secundus
1972 1778 2085 1812 adver-

1197 1830 1265 1862 sum
1279 1828 1452 1863 Bastardos
1464 1827 1569 1863 edidit
1592 1839 1654 1863 tres
1668 1829 1822 1862 Canones
1835 1854 1842 1861 .
1870 1828 2018 1862 Primum
2043 1829 2080 1862 in

1195 1879 1333 1922 Synodo
1357 1878 1533 1913 Melfitana
1557 1891 1565 1911 ε
1595 1878 1831 1917 Presbyterorum
1853 1877 1931 1920 filios
1957 1880 1977 1909 ἃ
1998 1877 2080 1921 sacri

1196 1931 1309 1962 attaris
1322 1929 1477 1970 ministerio
1498 1932 1690 1963 removendos
1713 1931 1898 1964 decernimus
1910 1954 1921 1969 ,
1948 1929 2005 1970 nfi
2026 1938 2081 1962 aut

2104 1857 2215 1888 Canon.
2228 1867 2262 1899 ις,

1194 1983 1226 2011 in
1249 1979 1397 2012 coenobiis
1422 2003 1433 2018 ,
1458 1989 1510 2012 aut
1535 1985 1568 2013 in
1586 1983 1745 2013 Canonicis
1782 1981 1915 2023 religiose*
1931 1979 2077 2021 probati,

1193 2027 1357 2071 conversati
1374 2028 1511 2070 fuerint.
1538 2031 1727 2065 Secundum
1751 2030 1854 2065 edidit
1879 2031 1912 2063 in
1938 2030 2078 2073 Synodo

1195 2078 1454 2113 Claromontana
1468 2092 1475 2111 :
1505 2084 1544 2113 Ut
1555 2082 1630 2116 nulli
1636 2081 1696 2123 filii
1707 2081 1932 2114 concubinarum
1945 2081 1990 2111 ad
1998 2081 2078 2111 ordi-

1193 2140 1244 2162 nes
1261 2130 1314 2162 vel
1321 2131 1435 2171 aliquos
1454 2128 1575 2164 honores
1587 2134 1618 2163 E
1620 2130 1796 2171 cclefiasticos
1822 2139 2053 2171 promoveantur
2065 2154 2076 2169 ,

1193 2177 1249 2219 nifi
1255 2179 1467 2213 Monacbaliter
1489 2182 1544 2214 vel
1553 2182 1703 2213 canonice
1723 2185 1859 2213 vixerint
1880 2185 1912 2211 in
1924 2179 2051 2220 Ecclefia
2066 2205 2074 2211 .

1195 2227 1305 2261 Etiam
1327 2228 1500 2262 Tertium:
1529 2234 1581 2262 Ne
1596 2229 1655 2270 filii
1678 2230 1938 2268 Presbyterorum,
1968 2233 2076 2263 Diaco-
2095 2242 2243 2278 Canon„

1192 2289 1316 2318 norum,
1344 2280 1398 2311 vel
1407 2278 1651 2312 subdiaconorum
1669 2280 1715 2312 ad
1723 2280 1854 2313 Ordines
1876 2280 1929 2313 vel
1939 2281 2013 2312 alios
2025 2280 2072 2312 bo-

1191 2338 1275 2361 nores
1298 2327 1508 2369 Ecclesi‘asticos
1526 2336 1759 2370 promoveantur
1791 2354 1801 2369 ‚
1828 2328 1886 2370 nisi
1908 2330 2074 2363 Monachus

1190 2378 1243 2410 vel
1261 2380 1426 2410 Canonicur
1439 2377 1559 2418 fuerit.
1587 2379 1713 2421 Utique
1726 2379 1917 2412 Canonicus
1931 2380 2077 2423 Regula-

1190 2426 1230 2459 ris
1253 2451 1259 2457 .
1288 2426 1350 2462 Per
1370 2427 1530 2470 Joannem
1556 2428 1590 2461 ὃς
1611 2428 1824 2462 Benedieium
1861 2429 2076 2469 Cardinales‚

1189 2475 1354 2510 Paschalis
1378 2476 1510 2511 secundi
1525 2476 1695 2512 pontificis
1717 2478 1881 2522 Legatos,
1908 2478 2072 2514 celebrata

1189 2526 1380 2560 Pistavienfi
1403 2526 1557 2569 synodus
1575 2528 1678 2562 edidit
1702 2527 1789 2562 hunc
1807 2528 2001 2562 Canonem:
2031 2534 2069 2562 Ut

1184 2576 1242 2618 filii
1265 2577 1498 2615 presbyterorum
1508 2572 1525 2617 ,Δ
1546 2579 1580 2612 (9·
1608 2584 1707 2612 caeteri
1729 2585 1762 2611 in
1766 2578 1969 2620 fornicatione
1981 2585 2046 2611 nati
2059 2603 2071 2618 ‚

1187 2625 1333 2669 adsacros
1348 2628 1477 2660 Ordines
1499 2639 1557 2660 non
1571 2635 1784 2670 promoventur
1799 2653 1808 2668 ,
1837 2628 1894 2669 nisi
1901 2638 1953 2661 aut
1964 2632 2068 2661 Mona-

1186 2675 1232 2708 cbi
1239 2678 1318 2719 fiant
1330 2701 1340 2717 ‚
1369 2685 1422 2709 aut
1441 2682 1474 2709 in
1486 2686 1705 2721 congregatione
1717 2683 1867 2711 canonica
1889 2680 2064 2722 regulariter

1185 2731 1321 2759 viventes
1333 2751 1340 2758 .
1370 2727 1567 2762 Praelationes
1581 2731 1651 2761 vero
1663 2731 1828 2762 nullatenus
1841 2728 1972 2761 habeant
1989 2752 1994 2759 .

1235 2776 1393 2811 Attamen
1405 2786 1529 2811 certum
1541 2778 1586 2811 est
1606 2779 1783 2813 Urbanum
1802 2779 1982 2813 secundum
1998 2787 2069 2810 non

1184 2826 1247 2860 effe
1273 2826 1414 2869 primum
1442 2827 1685 2872 irregularitatis
1707 2831 1872 2864 auctorem
1895 2853 1902 2860 .
1932 2827 2068 2861 Etenim

1187 2876 1317 2910 Sanctio
1340 2876 1572 2919 Hispaniarum
1597 2878 1683 2923 Regi
1707 2904 1717 2919 ‚
1744 2880 1848 2912 virum
1879 2877 2068 2921 quempiam

1183 2926 1501 2971 egregielitteratum
1522 2927 1556 2960 ὅ(
1571 2928 1708 2971 probum
1730 2953 1741 2968 ,
1764 2929 1817 2962 sed
1829 2929 1868 2962 de
1879 2925 2066 2960 concubina

1186 2986 1299 3010 natum
1329 3001 1339 3016 ,
1364 2975 1406 3012 ad
1430 2977 1665 3023 Episcopatum
1689 2978 1873 3011 nominanti
1897 2976 2064 3018 respondit

1183 3026 1363 3070 Gregorius
1377 3028 1550 3069 septimus:
1578 3028 1749 3061 Venerandt
1760 3030 1896 3058 canones
1908 3027 1954 3058 ad
1964 3028 2063 3059 Sacer·
2088 3041 2173 3073 Lib-2,
2185 3046 2237 3082 Ep·

1182 3077 1259 3109 dotis
1275 3078 1405 3119 gradum
1427 3078 1503 3109 tales
1529 3077 1656 3117 provebi
1676 3078 1899 3109 contradicunt.
1926 3078 1972 3108 Et
1989 3074 2062 3117 solet
2083 3091 2127 3117 50·

1178 3123 1283 3167 sancia
1304 3126 1337 3157 Θ·
1350 3126 1505 3166 apostolica
1513 3128 1534 3156 5
1535 3127 1604 3157 edes
1625 3127 1766 3167 pleraque
1774 3122 1952 3164 considerata
1972 3132 2062 3158 ratio-

1182 3185 1217 3206 ne
1229 3175 1354 3207 tolerare
1367 3198 1377 3212 ‚
1398 3172 1455 3215 fied
1464 3184 1625 3216 numquam
1649 3172 1748 3217 insuis
1763 3179 1895 3208 Decretis
1920 3177 1954 3209 (θ’
1964 3175 2061 3215 consti-

1181 3224 1341 3256 tutionibus
1355 3225 1374 3254 ἃ
1388 3223 1537 3255 concordia
1547 3227 1705 3265 ,Canonicae
1715 3226 1890 3258 traditionis
1902 3226 2036 3259 decedere
2053 3251 2060 3257 .

1183 3274 1290 3307 Etiam
1301 3273 1341 3305 de
1356 3271 1630 3316 Rothomagenfis
1643 3275 1788 3309 Ecclefiae
1803 3275 1915 3309 Ele<sto
1941 3276 2059 3318 scripfit

1181 3323 1221 3366 ad
1237 3321 1423 3355 Hubertum
1443 3322 1533 3356 suum
1546 3322 1790 3365 Subdiaconum
1803 3349 1814 3365 ,
1840 3336 1877 3358 ac
1899 3326 1932 3358 in
1947 3324 2057 3358 Gallia

1181 3373 1342 3416 Legatum
1353 3385 1364 3405 .·
1394 3372 1572 3406 Audivimus
1591 3373 1853 3419 Rothomagensem
1864 3373 2055 3415 Arcbiepisco-
2073 3393 2229 3434 Lib.7-Ep.r

1930 3431 2006 3466 pum
