2352 3736
159 480 223 515 itit.
246 489 293 516 95.

156 528 225 559 ¹cap.
256 532 280 563 ι’.

148 868 212 898 Lib.
241 871 268 901 ιζ

144 1179 209 1223 Lib.
228 1192 258 1217 .7.

136 1603 204 1644 Lib.
232 1614 276 1635 ιο.

135 1652 200 1680 cap.
216 1655 253 1686 9.

125 2338 184 2368 Lib.
219 2347 242 2373 ς.

122 2388 186 2419 cap.
217 2390 261 2409 22..

122 2615 201 2653 ssap.
221 2616 249 2645 8.

367 185 371 189 ⁴
413 176 509 226 '369

334 248 660 303 ¹1baumpraerogativa
674 251 764 296 Regio
784 252 887 296 generi
895 251 980 291 apud
996 260 1044 283 eos
1058 250 1201 285 tribuitur
1211 276 1218 286 .

936 162 1638 214 bissenae-rre-

1283 249 1409 286 nachos
1429 248 1510 286 dure
1528 251 1564 285 δε
1586 244 1675 294 vari&
1695 251 1846 287 notae-'in
1859 252 2013 291 fibros&
2034 255 2163 293 :Mona

331 307 453 353 *Subdiu
464 305 541 333 enim
552 300 753 334 orbiculariter
764 301 926 333 tondentur
938 324 949 340 ,
976 310 1069 343 neque
1090 306 1134 334 eis
1150 302 1219 344 pro-
1281 301 1417 336 chorum
1430 301 1665 345 opereSancnn
1674 298 1902 345 Augustinus.
1928 302 2064 341 Hisunt
2084 319 2161 342 cum

335 355 468 387 laxiorem
478 354 591 384 cainam
600 351 679 384 alere
695 350 787 392 facile
810 356 1015 391 permittitur.
1043 351 1216 400 quuid

335 404 374 436 sit
382 426 397 446 7
423 401 522 435 etiam
533 400 653 435 subditi
665 411 733 432 non
745 399 877 433 fuerunt
886 399 988 435 »barba
1003 401 1059 446 rasi
1067 407 1079 433 ·.

358 446 361 449 ’
384 450 458 486 Nec
467 452 567 486 etiam
579 448 758 484 Alemanni
772 474 779 481 .
807 449 912 483 Lucet
922 451 1121 494 exipsorum
1134 453 1215 487 anti·

325 512 395 545 ‚qua
407 500 516 546 Lege:
542 502 651 541 Siquis
661 499 789 533 barbam
800 501 924 541 alicujus
937 501 1065 534 nolentis
1087 504 1216 543 totonde-

324 557 393 595 rit,
418 563 482 584 cum
490 548 545 593 fix
555 547 658 592 solida
676 558 842 592 componat.
870 549 944 585 Nec
967 551 1049 591 item
1073 549 1214 587 Bohemi

618 599 754 634 Etenim
774 601 918 643 Joannes
938 601 1152 637 Moravienfis
1175 602 1215 636 E-

329 652 477 694 piscopus
514 650 709 694 Jeromirum
745 650 940 695 pragensem
980 652 1182 696 Episcopum
1204 678 1214 694 ,

328 701 415 743 quod
442 700 510 744 ejus
528 701 707 736 ‘servientes
729 701 972 736 contumeliose
991 703 1191 746 decapillaffet
1204 727 1214 744 ,

327 749 361 784 ὦ·
382 749 510 793 tpfiirum
528 750 640 783 barbas
662 750 768 783 abradi
790 753 972 795 praeccptffi't
995 777 1004 792 ‚
1049 750 1212 788 accusavit

325 802 410 844 apud
432 800 630 845 Gregorium
654 801 829 844 septimum
851 800 1049 837 Pontificem
1063 827 1073 843 ,
1112 804 1145 837 &
1167 802 1213 845 Je—

325 849 461 884 romirus
480 851 574 884 omni
595 850 704 883 studio
727 853 758 884 se
772 853 982 895 expurgavit.
1011 849 1131 887 Habes*
1145 852 1212 886 haec

149 908 214 947 Epl.
238 914 286 944 78·
322 900 357 934 in
383 898 546 944 'Epistola
583 899 706 934 laudati
741 900 895 946 Gregorii
927 901 968 936 ad
1003 902 1211 937 Uratislaum

321 949 488 985 Bohemiae
508 951 640 984 Ducem
661 973 668 982 .
705 949 948 985 Germanorum
979 962 1053 985 mos
1086 951 1211 987 videtur

324 600 385 646 'aut'
412 599 544 634 Moravi
572 624 580 631 .

319 1000 404 1034 olim
425 1000 517 1035 fuisse
539 1000 646 1034 varius
660 1024 667 1031 .
696 1000 830 1035 Etenim
862 1001 1095 1045 Imperatorem
1120 1003 1209 1036 Hen-

319 1051 424 1085 micum
448 1051 601 1086 Sanstum
622 1074 633 1090 ,
670 1049 750 1084 dum
778 1051 897 1086 Romae
929 1052 1137 1087 coronandus
1162 1053 1208 1086 fo·

318 1101 472 1135 lemniter
495 1097 678 1145 procederet
696 1099 735 1134 ad
761 1102 870 1136 Sanffl
900 1101 988 1137 Petri
1017 1103 1208 1143 Basilicam,

317 1151 411 1185 suiffe
426 1151 445 1184 a
468 1152 523 1185 sex
546 1150 642 1185 barba
666 1150 762 1192 rasis,
787 1152 821 1185 ὅ(
842 1152 860 1187 a
884 1155 938 1187 sex
959 1154 1084 1198 prolixa
1110 1153 1205 1188 bar-ba

316 1201 440 1235 ornatis
473 1200 685 1236 Senatoribus
718 1201 871 1247 stipatum
904 1204 1014 1238 scr-ibit
1038 1204 1207 1239 Ditmarus

316 1250 498 1296 Episcopus
510 1251 782 1298 Merseburgenfis
793 1279 800 1286 .
830 1253 930 1301 Qod
943 1255 1060 1298 nempe
1073 1254 1205 1299 quidam

315 1310 394 1336 tunc
410 1302 450 1336 -in
479 1302 680 1337 Germanico
699 1304 840 1347 Imperio
862 1305 975 1345 hunc,
1004 1305 1139 1350 quidam
1151 1316 1206 1348 po·

313 1353 383 1395 puli
396 1352 503 1386 istum
521 1350 683 1388 haberent
703 1364 829 1388 morem
848 1380 855 1387 .
884 1354 928 1389 Et
956 1355 997 1390 de
1018 1354 1213 1402 -Fredegon—=

312 1401 354 1436 de
385 1403 583 1438 Francorum
609 1404 739 1449 Regina
761 1430 771 1444 ,
797 1400 1033 1447 'Bajocaffinos
1060 1407 1203 1441 Saxones

312 1452 347 1486 in
371 1451 447 1487 belli
472 1452 644 1498 subsidium
662 1455 864 1496 advocante,
893 1455 1215 1491 scribitinFranco·‘

310 1513 383 1536 rum
406 1502 539 1538 historia
560 1506 694 1538 Sandius
716 1505 897 1549 Gregorius
917 1506 1123 1540 Turonenfis
1162 1507 1202 1540 E—

310 1552 400 1595 pisco
405 1565 460 1596 pus
469 1568 479 1587 :
512 1555 717 1598 Fredegondis
730 1556 921 1595 Bajocaffinos
933 1558 953 1587 5
954 1566 1062 1588 axones
1073 1580 1083 1594 ,
1103 1559 1201 1596 juxta

309 1608 402 1637 risum
423 1607 625 1638 Bitannorum
643 1603 742 1647 tonfits
767 1629 776 1644 ,
811 1615 901 1647 atque
933 1606 1009 1638 cultu
1036 1604 1200 1645 vestimenti

310 1653 471 1696 compofitos
484 1680 494 1695 ,
521 1653 604 1690 abire
620 1660 783 1695 praecepit.
813 1653 950 1695 Nempe·
958 1653 1057 1687 etiam
1069 1654 1110 1687 de
1127 1656 1199 1688 Lai-

305 1704 354 1737 cis
376 1703 519 1737 omn-ino
541 1713 653 1736 verum
674 1701 719 1734 est
731 1725 742 1741 ,
769 1702 859 1744 quod
881 1700 920 1733 de
943 1700 1079 1734 Clericis
1089 1701 1210 1735 scribitv

306 1753 347 1788 ad
374 1753 562 1787 Naitonum
582 1751 749 1786 Pictorum
773 1750 901 1795 Regem
926 1748 1199 1786 AbbasCeol-fri-

305 1803 388 1838 dus:
414 1805 525 1836 Scimus
547 1807 619 1844 quia
644 1812 733 1843 neque
755 1799 878 1842 Apostoli
899 1812 998 1834 omne:
1018 1813 1075 1834 uno
1093 1802 1197 1835 eodem

306 1854 390 1887 modo
405 1851 479 1896 sunt
503 1849 627 1892 amnft,
654 1862 746 1893 neque
769 1862 844 1884 nunc
868 1850 994 1893 Ecclefia
1018 1851 1195 1893 Catholica,

301 1902 373 1946 ficut
393 1914 455 1936 una
469 1901 530 1944 fide
550 1908 582 1935 in
602 1905 697 1934 Deum
713 1899 877 1943 consentit,
905 1906 950 1935 ita
972 1907 1064 1934 etiam
1075 1913 1135 1934 una
1149 1911 1195 1935 at-

306 1966 363 1996 que
387 1953 542 1992 indiffinnlr
565 1960 658 1984 totum
681 1959 736 1992 per
762 1950 859 1984 orbem
878 1949 1006 1994 tonficrae
1022 1950 1075 1992 fibi
1089 1952 1194 1994 forma

303 2009 438 2048 congruit
450 2028 457 2035 .
485 1998 682 2044 prophetam
696 1999 758 2043 Job
768 2009 936 2035 comatum
949 2025 960 2041 ,
986 2000 1192 2036 patriacham

301 2053 378 2087 vero
399 2050 514 2097 Joseph
534 2050 736 2086 demonstrat
756 2050 850 2084 fuiffe
869 2052 1037 2084 attonsum
1053 2076 1063 2092 ,
1090 2052 1125 2086 δε
1138 2053 1193 2086 ad-

300 2103 427 2149 jungit:
456 2106 532 2135 Ecce
553 2111 676 2144 uterque
697 2107 749 2134 vir
772 2102 829 2133 Det
852 2100 1006 2145 diversum
1031 2102 1071 2134 ab
1098 2102 1192 2135 altero

303 2151 405 2188 vultus
430 2151 647 2195 habitumfhris
655 2149 905 2194 praemonstrabat
923 2175 933 2192 ,
958 2162 1079 2193 quorum
1090 2159 1191 2186 tamen

300 2209 385 2238 intus
406 2202 581 2247 conscientia
602 2208 635 2236 in
654 2203 749 2245 parili
768 2207 918 2235 virtutum
935 2200 993 2243 fibi
1009 2207 1116 2246 gratia
1126 2214 1190 2236 con-

300 2253 459 2288 cordabat.
491 2253 602 2287 Exstat
626 2251 772 2296 Epistola
795 2250 880 2295 apud
904 2251 1130 2296 Anglicanam
1141 2251 1190 2287 hi—

300 2305 433 2338 storiam
455 2303 662 2338 Venerabilis
692 2300 802 2335 Bedae.
830 2301 939 2335 Vatiae
963 2303 1089 2337 Latinae
1102 2302 1189 2337 Gen·

300 2365 348 2389 tes
362 2380 373 2396 ‚
399 2355 447 2388 uti
474 2354 586 2395 vestis,
616 2353 661 2388 ita
683 2352 718 2386 δε
739 2351 844 2386 barba:
865 2363 988 2387 variam
1002 2353 1122 2398 semper
1132 2352 1187 2395 ha-

305 2405 403 2449 buere
428 2407 585 2452 sormam.
1066 2403 1071 2407 ’

351 2458 534 2500 Antiquam
556 2456 684 2492 Latinae
707 2456 811 2492 barbae
821 2455 1185 2501 disciplinamedicitin

299 2505 403 2541 Libro
425 2507 465 2540 de
478 2509 698 2541 Foeminarum
720 2508 811 2540 cultu
833 2507 1084 2542 Tertullianus:
1112 2509 1186 2540 Pro-

295 2556 559 2600 priaspraestigias
573 2556 686 2597 fhrmae
709 2560 744 2590 (θ’
766 2563 830 2593 viri
843 2555 936 2598 J‘exus
952 2557 1010 2599 fibi
1033 2555 1184 2601 agnoscit,

299 2607 425 2640 barbam
449 2601 548 2640 acrius
570 2607 700 2646 cedere,
726 2605 929 2644 intervellere,
954 2608 1184 2639 clrcumradere.

298 2656 464 2700 Loquitur
475 2667 552 2691 cum
564 2655 738 2690 Clemente
762 2655 991 2689 Alexandrino
1004 2680 1014 2696 ‚
1040 2657 1098 2700 qui
1118 2655 1186 2690 bat-

300 2706 375 2742 bam
392 2705 467 2740 velli
481 2731 492 2747 ‚
503 2706 594 2754 radi?
619 2715 675 2739 aut
687 2705 725 2739 ad
737 2716 845 2738 cutem
858 2706 987 2739 tonderi
1001 2716 1087 2740 vetat
1098 2730 1107 2746 ,
1120 2716 1187 2749 per-

299 2757 403 2791 mittit
414 2753 524 2791 autem
535 2754 600 2796 ali,
627 2765 683 2789 aut
694 2754 778 2790 certe
802 2756 847 2788 ita
867 2755 1017 2796 tonderi,
1043 2765 1080 2791 ut
1097 2766 1186 2790 men.-

299 2818 371 2842 tum
381 2819 450 2842 non
475 2805 618 2840 omnino
629 2804 833 2846 denudetur,
860 2805 950 2849 quod
962 2805 1027 2839 hoc
1038 2807 1074 2840 fit
1093 2816 1185 2850 turpe

299 2857 335 2892 in
348 2858 418 2892 viro
434 2856 647 2902 spectaculum
660 2881 668 2889 .
696 2856 907 2890 Evulfionem
919 2868 956 2889 ac
967 2857 1106 2889 rasuram
1121 2852 1198 2889 mer'

300 2908 366 2942 εἰτὸ
378 2907 546 2942 damnavit
558 2907 591 2940 δε
604 2905 724 2941 Latina
735 2907 770 2940 ὃ(
790 2905 901 2938 Graeca
919 2905 1060 2939 Ecclesia
1074 2931 1081 2937 .
1109 2905 1186 2939 Ete-

299 2957 567 3003 nimjunioribus
578 2966 645 2991 erat
670 2956 767 2990 multi
793 2955 910 2999 flagitii
930 2955 1058 2989 occasio
1078 2965 1116 2989 ac
1138 2956 1188 2990 sor

301 3018 449 3042 mentum
466 3033 477 3048 ‚
503 3007 603 3042 Senes
613 3017 723 3041 autern
734 3005 877 3040 foedabat
889 3005 973 3040 vitio
985 3030 996 3046 ‚
1021 3005 1110 3049 quod
1131 3016 1186 3039 eor

301 3055 419 3091 demin
435 3059 537 3093 Libro
549 3056 743 3092 notatidem
767 3055 1013 3090 Tertullianus:
1041 3054 1122 3089 Proh
1142 3064 1184 3088 te,-

298 3114 423 3145 ⁴„attritas
443 3111 453 3142 ¹.
491 3108 650 3152 Erubescit
678 3116 754 3140 aetas
776 3114 919 3148 exoptata
944 3111 1043 3145 votis,
1064 3105 1185 3147 furtum

302 3155 449 3197 confitetur
462 3181 472 3196 ,
500 3157 698 3201 adolefcentta
716 3162 748 3190 in
770 3169 831 3199 qua
855 3158 1033 3198 deliquimus
1053 3154 1183 3199 suspira-

300 3211 352 3244 !ur
376 3228 387 3242 >
424 3206 519 3247 occafio
535 3213 704 3252 gravitatis
727 3207 937 3249 interpolatur.
966 3205 1064 3239 Plura
1088 3205 1184 3239 addu-

304 3262 385 3294 cunt
397 3253 543 3288 laudatus
555 3258 708 3291 Clemens
719 3282 729 3298 ‚
739 3268 777 3291 ac
788 3257 887 3291 etiam
903 3256 1053 3290 Gentiles
1065 3255 1183 3290 Roma-

305 3314 420 3349 narum
456 3312 560 3335 rerum
580 3307 755 3349 Scriptores
769 3332 776 3338 .
804 3306 975 3339 profusam
999 3306 1094 3349 porr&
1117 3304 1183 3338 bar-

303 3352 380 3396 bam
398 3351 511 3385 Graeca
533 3350 614 3385 olim
636 3364 703 3386 non
726 3357 880 3398 imposuit
898 3381 909 3396 ‚
938 3355 991 3389 sed
1015 3356 1186 3390 dumtaxat

304 3402 457 3447 toleravit
469 3425 480 3441 ,
505 3400 625 3435 Latina
638 3410 747 3434 autem
758 3404 898 3438 Ecclesia
909 3404 1048 3438 omnino
1071 3406 1184 3448 impro-

304 3452 395 3497 bavit
418 3474 430 3494 ³.
456 3451 590 3494 Etenim
616 3450 726 3495 nescio
751 3461 834 3494 quos
860 3453 1082 3496 longobarbos
1108 3454 1184 3488 Mo·

1280 352 1443 386 foemineis
1454 362 1568 386 contra
1580 350 1778 395 Apostolum
1802 351 1970 393 crinibus,
1990 353 2030 388 ὰ
2056 353 2162 392 hirco-

1278 413 1349 435 rum
1371 400 1467 436 barba
1491 402 1552 436 vini
1571 424 1582 441 ,
1607 411 1691 445 quos
1708 402 1807 442 ‚sacris
1830 402 2029 447 Virginibus
2061 404 2162 442 vitan-

1278 451 1339 486 dos
1360 451 1493 487 mandat
1514 451 1549 486 in
1573 451 1722 495 Epistola
1749 452 1791 485 ad
1819 451 2036 487 Eustochium
2063 453 2162 491 etiam

1277 502 1409 535 Sanctus
1431 502 1674 546 Hieronymus.
1701 500 1842 536 Eosdem
1861 511 1956 537 notat
1975 503 2011 536 in
2032 502 2163 547 -Episto-
2179 488 2244 528 EPI’
2267 501 2314 528 ²⁴·

1277 552 1306 585 12
1328 552 1368 586 aa
1393 552 1566 586 Rusticum
1588 550 1816 591 Monachum.
1845 553 1955 587 Etiam
1978 551 2163 597 posteriori·-
2179 537 2313 607 ἓζξῗῇᾖζζ

1278 600 1335 636 bus
1351 602 1474 647 *saeculis
1499 603 1682 637 Martinam
1703 601 1946 637 Anachoretam
1961 627 1972 642 ,
1998 602 2162 645 quinum-2

1273 653 1371 695 quam
1387 651 1560 687 detonsam
1579 652 1713 686 barbam
1737 653 1899 687 nutriebat
1927 654 2027 698 usque
2047 653 2089 688 ad
2111 663 2165 696 ta<

1275 702 1344 743 los,
1371 703 1480 747 culpat
1497 705 1536 737 in
1559 702 1676 737 litteris
1699 703 1739 736 ad
1771 702 1965 737 Teuzonem
1987 703 2160 739 Florentiai

1277 751 1484 794 Monachum
1509 755 1644 788 Sanaus
1667 752 1780 786 Petrus
1802 752 1959 788 Damiani
1978 779 1985 786 .
2014 754 2058 788 Et
2078 756 2159 790 San·
2177 763 2237 795 Lib.
2260 770 2291 796 6.

1274 802 1360 836 &um
1370 803 1572 840 Franciscum
1585 828 1596 845 ‚
1621 802 1700 837 dum
1713 804 1771 836 suae
1797 805 1915 848 regulae
1935 804 2159 840 confirmatio-
2175 804 2249 842 091³·
2262 814 2310 843 3⁹»

1275 863 1347 887 nem
1360 854 1550 898 supplicavit
1562 879 1573 896 ‚
1595 864 1714 887 omnes
1728 853 2027 892 novimusfuiffein
2052 856 2157 898 prima

1273 901 1425 938 instant-ia
1437 905 1599 948 repulsum
1612 904 1654 938 ab
1671 903 1872 938 innocentio
1884 905 1983 937 tertio
1996 916 2003 935 :
2032 904 2155 939 Causas

1273 952 1373 986 varias
1396 953 1529 987 adducit
1549 952 1726 987 Matthaeus
1749 952 1952 994 Parifienfis,
1978 955 2096 998 easque
2108 956 2158 989 in.-

1271 1002 1381 1036 terfuit
1404 1005 1506 1036 etiam
1529 1004 1654 1036 Prolixa
1666 1003 1776 1035 barba.
1806 1002 2038 1037 Barbatienim
2050 1006 2084 1039 ἀ
2096 1005 2157 1040 cri-

1271 1051 1331 1086 niti
1345 1051 1396 1086 isti
1410 1050 1572 1086 Monachi
1585 1052 1723 1094 primam
1737 1051 1778 1085 de
1788 1053 1921 1087 tonsura
1944 1053 1980 1087 ὅ(
2000 1053 2098 1089 barba
2117 1055 2155 1089 li÷

1271 1112 1335 1135 tem
1349 1112 1521 1137 moverunt
1532 1101 1567 1135 in
1581 1101 1720 1135 Ecclesia
1732 1124 1743 1141 ,
1769 1101 1871 1145 ipsam
1883 1102 1918 1134 in
1928 1103 2024 1137 variis
2036 1105 2154 1139 Genti,-

1271 1151 1328 1186 bus
1339 1152 1454 1186 acriter
1477 1151 1647 1186 turbarunt
1659 1175 1670 1191 ,
1696 1161 1793 1194 atque
1803 1150 1849 1184 ita
1859 1147 1984 1186 Photio
1994 1151 2156 1189 Schisma.-

1269 1203 1335 1236 tico
1346 1203 1379 1237 &
1390 1202 1455 1245 ejus
1464 1203 1639 1237 -Succeffori
1651 1200 1808 1235 Michaeli
1821 1200 1992 1236 Gerulario
2005 1202 2099 1236 variae
2116 1204 2155 1239 in

1268 1263 1327 1287 nos
1337 1253 1474 1288 Latinos
1484 1252 1655 1287 calumniae
1673 1253 1783 1285 ansam
1807 1250 2032 1285 ministrarunt
2054 1262 2155 1296 atque

1268 1304 1451 1338 fomentum
1463 1329 1470 1335 .
1504 1302 1603 1337 Vana
1621 1302 1786 1337 &caduca
1798 1300 1933 1335 istorum
1959 1300 2156 1337 fundamen-

1267 1363 1298 1387 ta
1310 1353 1488 1388 adducitin
1502 1353 1635 1388 laudato
1647 1352 1751 1387 Libro
1765 1351 1806 1386 de
1817 1348 2066 1389 Monachorum
2077 1363 2157 1397 ope-

1267 1415 1299 1438 re
1314 1404 1445 1438 SanCius
1462 1403 1670 1449 Augustinus
1683 1428 1690 1435 .

1317 1455 1368 1488 Ex
1380 1454 1496 1489 eodem
1509 1453 1671 1498 principio
1684 1453 1725 1487 de
1747 1453 1889 1496 publicis
1909 1451 2153 1488 poenitentibus

1267 1503 1374 1538 scribit
1389 1505 1421 1538 in
1435 1504 1578 1539 secundo
1590 1505 1630 1539 de
1644 1502 1874 1538 Ecclefiasticis
1896 1503 2026 1540 Officiis
2047 1501 2153 1538 Libro

1264 1555 1396 1587 Sanetus
1419 1554 1556 1595 Isidorus
1593 1553 1792 1597 Hispalensis
1830 1553 2013 1598 Episcopus
2039 1565 2047 1585 :
2083 1555 2156 1598 ,ραι

1256 1608 1466 1643 poenitentiam
1489 1612 1604 1646 agunt,
1625 1606 1748 1644 capillos
1768 1604 1802 1636 Ca·
1822 1603 1948 1636 barbam
1977 1608 2118 1637 nutriunt
2137 1620 2239 1659 ,αρ’
2259 1623 2309 1653 ¹57

1261 1662 1294 1684 ut
1305 1653 1501 1689 demonstrent
1525 1652 1746 1685 abundantiam
1767 1655 1923 1684 criminum
1935 1675 1945 1690 ‚
1973 1653 2084 1693 quibus
2104 1662 2154 1685 cas-1

1256 1707 1314 1740 put
1321 1707 1483 1741 peccatoris
1492 1711 1666 1743 gravatur.
1693 1702 1868 1743 capillipro
1890 1705 1979 1734 vitiis
2001 1705 2155 1743 accipiunt

1260 1759 1332 1790 tur,
1352 1748 1424 1791 ficut
1431 1748 1578 1791 scriptum
1588 1750 1647 1790 est.-
1675 1749 1822 1783 Funibus
1842 1760 2050 1792 peecatorum
2076 1751 2150 1785 suo·-

1259 1809 1331 1832 rum
1354 1799 1578 1843 unusquisque
1601 1799 1835 1843 constringitur
1852 1824 1860 1831 .
1903 1797 1967 1832 Vir
1989 1798 2109 1843 quippe
2123 1799 2148 1834 fi

1258 1860 1388 1882 comam
1412 1849 1533 1883 nutriat
1546 1874 1558 1890 ‚
1582 1849 1769 1894 ignominia
1781 1848 1830 1882 est
1845 1873 1856 1888 ‚
1883 1857 1917 1884 ut
1927 1853 1973 1881 ait
1983 1848 2148 1891 Apostolus.
2291 1887 2300 1897 .

1258 1900 1344 1932 Illam
1357 1901 1425 1942 ergb
1442 1903 1635 1944 ignominiam
1645 1897 1811 1942 susctpiunt
1822 1901 2006 1932 Poenitentes
2012 1907 2070 1941 pro
2089 1909 2147 1933 mo-
2163 1886 2234 1925 C²P·
2251 1895 2298 1924 55·

1252 1955 1312 1982 rito
1322 1957 1527 1991 peccatorum.
1555 1949 1657 1998 Qod
1678 1948 1782 1991 ipsum
1804 1948 1927 1982 eisdem
1948 1948 2056 1983 verbis
2075 1949 2145 1984 scti-

1266 1998 1351 2033 bunt
1366 1999 1452 2044 apud
1463 1999 1551 2033 Alcu
1559 1999 1650 2033 inum
1662 1997 1815 2033 Flaccum
1828 1997 1952 2031 Auster
1962 1997 2004 2032 de
2013 1998 2145 2033 Officiis

1259 2048 1513 2089 Ecclefiasticis,
1540 2049 1622 2084 &in
1648 2048 1788 2082 secundo
1809 2047 1911 2082 Libro
1937 2047 1978 2082 de
1997 2046 2143 2082 Clerico-

1255 2110 1326 2134 rum
1342 2099 1551 2134 institutione
1562 2098 1719 2134 Rabanus
1731 2097 1886 2132 Maurus.
1914 2096 1958 2131 Et
1970 2096 2006 2130 in
2028 2098 2142 2132 animat
2157 2080 2292 2157 {529‘39'

1253 2160 1382 2195 gemma
1418 2149 1592 2184 confirmat
1609 2147 1784 2183 Honorius
1815 2145 2139 2191 Augustodunenfis.
2157 2141 2219 2195 cap]
2243 2142 2291 2197 7'7,

1256 2200 1303 2234 At
1323 2198 1402 2234 veto
1423 2199 1465 2234 de
1491 2198 1692 2243 poenitentiae
1708 2197 1902 2242 petitoribus
1921 2197 2031 2231 sanxit
2051 2197 2142 2242 Agn-
2156 2200 2230 2236 Cap.
2244 2210 2292 2236 15.-

1252 2249 1373 2284 thenfis
1393 2249 1547 2294 Synodus
1569 2262 1576 2282 :
1626 2251 1658 2282 51
1692 2259 1790 2281 comas
1827 2258 1886 2281 non
1922 2245 2106 2290 deposuerint
2127 2241 2286 2290 ,eff-¹²-

1250 2301 1450 2342 abjiciantur.
1477 2300 1522 2334 Et
1549 2300 1645 2334 tertia
1668 2298 1835 2333 Toletana
1854 2309 1862 2329 :
1887 2295 2054 2340 Episcopus
2075 2309 2141 2332 eum
2156 2278 2219 2358 <¹523
2239 2289 2269 2349 ᾗ,

1247 2356 1335 2393 prius
1357 2351 1481 2384 tondeat
1493 2376 1504 2392 ,
1528 2351 1564 2383 (9
1581 2348 1618 2391 fic
1640 2353 1851 2391 poenitentiam
1872 2348 1980 2381 tradat
1995 2372 2002 2380 .
2035 2346 2138 2396 Qod
2246 2351 2251 2353 “

1251 2402 1357 2445 ipsum
1382 2401 1493 2436 statuit
1514 2399 1668 2444 Synodus
1693 2397 1967 2433 Barchinonenfis
1982 2420 1990 2429 .
2026 2397 2138 2432 Poeni-

1250 2462 1353 2486 tentes
1377 2451 1456 2497 ergo
1480 2452 1513 2486 &
1534 2451 1620 2496 apud
1645 2449 1763 2485 Gallos
1782 2448 1817 2483 δε
1838 2448 1924 2492 apud
1948 2447 2138 2492 Hispanos,

1249 2502 1326 2537 dum
1352 2502 1582 2545 poenitentiam
1602 2510 1748 2546 peterent
1764 2524 1775 2540 ‚
1802 2498 1966 2534 debebant
1985 2498 2020 2532 &
2041 2496 2137 2531 verti-

1249 2563 1320 2587 cem
1338 2553 1373 2587 &
1397 2553 1531 2588 barbam
1568 2551 1703 2591 radere,
1728 2560 1785 2585 aut
1796 2547 1884 2583 certe
1893 2547 1932 2582 ad
1943 2556 2052 2581 cutem
2062 2554 2138 2580 ton*

1248 2603 1321 2638 dere
1341 2627 1353 2644 ,
1389 2612 1463 2638 toto
1494 2602 1714 2643 autemistius
1734 2599 1867 2635 decurii:
1887 2608 1949 2631 nec
1975 2594 2045 2631 radi
2071 2606 2135 2630 nec

1249 2651 1376 2688 tonderi
1398 2663 1567 2697 poterant,
1595 2661 1692 2695 atque
1716 2651 1762 2683 ita
1786 2649 1872 2681 lucet
1893 2646 2038 2690 integros
2059 2644 2135 2678 Lais

1248 2715 1305 2738 cos
1330 2715 1391 2737 nec
1414 2705 1499 2738 rasos
1516 2713 1578 2736 nec
1597 2701 1637 2734 ad
1667 2707 1776 2732 cutem
1796 2697 1910 2731 tonsos
1931 2696 2046 2733 fuiffe,
2071 2705 2134 2729 nec

1249 2753 1486 2798 longobarbos.
1515 2752 1621 2786 Lucet
1643 2746 1820 2782 Michaelis
1838 2743 2000 2781 Cerularii
2021 2744 2056 2778 in
2069 2754 2132 2779 nos

1246 2803 1443 2837 calumniam
1463 2811 1532 2834 non
1555 2799 1661 2834 solum
1685 2799 1748 2831 effe
1766 2795 1937 2834 frivolam,
1962 2793 2131 2830 &ddcfalv

1247 2854 1329 2885 sam.'
1353 2851 1421 2885 Soli
1453 2850 1544 2884 enim
1565 2860 1640 2883 cum
1662 2846 1855 2890 quibusdam
1878 2845 2057 2879 suisforsan
2072 2844 2131 2877 Pa·

1244 2900 1390 2936 rentibus
1422 2900 1457 2934 in
1487 2899 1596 2933 Gallia
1631 2898 1666 2932 &
1696 2895 1821 2941 Anglia
1854 2895 1887 2929 ὃ(
1926 2892 2034 2928 Sicilia
2062 2891 2131 2928 feri

1245 2948 1607 2985 Nortmanni·fuerunt
1627 2947 1704 2983 rasi.
1731 2946 1788 2981 Isti
1811 2945 1901 2980 enim
1923 2945 1996 2978 sunt
2018 2942 2129 2977 borea-

1246 3002 1325 3035 lium
1346 3001 1587 3035 Germanorum
1609 2997 1781 3043 progenies
1793 3021 1800 3028 .
1827 2996 1883 3030 De
1895 2991 2016 3028 Phario
2027 3017 2038 3033 ,
2052 2993 2130 3027 Cle·

1246 3052 1349 3085 ricalis
1371 3049 1475 3085 barbae
1496 3051 1637 3084 rasuram
1659 3048 1835 3082 damnante
1857 3069 1868 3085 ‚
1905 3041 1987 3077 reste
2017 3041 2128 3077 scribit

1245 3103 1282 3135 in
1307 3112 1403 3144 opere
1424 3101 1592 3134 adversum
1625 3098 1695 3142 ejus
1716 3095 1896 3131 calumnias
1928 3092 2127 3127 Ratramnus

1247 3151 1452 3194 Corbejenfis
1464 3148 1675 3184 Monachus.-
1703 3149 1782 3190 ,Quis
1811 3154 1869 3176 non
1889 3142 1993 3176 videat
2014 3150 2126 3185 quanto

1238 3202 1276 3244 fit
1296 3202 1456 3235 tenendum
1476 3199 1622 3241 ridiculo,
1648 3199 1686 3231 de
1705 3194 1808 3230 barba
1825 3191 1944 3236 tonfione
1967 3192 2044 3234 quod
2065 3191 2124 3225 cul-

1227 3266 1229 3290 ς
1239 3254 1323 3295 pat?
1346 3252 1389 3285 Et
1414 3251 1517 3285 infra:
1554 3253 1629 3282 Tam
1650 3249 1726 3281 levis
1748 3243 1811 3277 haec
1828 3244 1976 3278 calumnia
1996 3238 2125 3286 agnosci.-

1227 3293 1294 3335 3tur
1306 3326 1316 3341 ‚
1341 3311 1375 3334 ut
1395 3307 1421 3334 ei
1440 3312 1497 3334 non
1520 3298 1687 3343 responderi
1707 3296 1812 3328 merito
1836 3294 2058 3330 decerneretur,
2085 3299 2124 3322 ne

1227 3330 1230 3372 1
1237 3350 1347 3395 forsan
1360 3352 1466 3384 talium
1475 3352 1596 3384 levitati
1602 3355 1690 3389 pares
1703 3370 1713 3386 ,
1737 3346 1789 3378 vel
1804 3345 1881 3378 certe*
1902 3344 2028 3376 leviores
2049 3337 2123 3377 aesti-

1244 3411 1363 3436 mentur
1374 3424 1385 3441 ,
1407 3406 1458 3443 qui
1470 3399 1581 3433 nullam
1593 3396 1716 3430 habenti
1737 3399 1881 3428 rationem
1891 3389 1996 3431 objecto
2009 3385 2124 3429 respon-

1245 3454 1314 3487 dere
1334 3451 1435 3494 potius
1449 3474 1461 3492 ‚
1494 3449 1586 3492 quam
1605 3455 1788 3488 contemnere
1807 3442 1973 3485 delegerunt
1991 3463 1999 3470 .
2032 3437 2127 3520 {Quid

1995 3497 2031 3522 en
2044 3497 2074 3522 m
