2352 3736
70 915 203 953 Cap.59.

641 147 1132 195 DECRETUM

238 227 430 275 potestatem
442 226 753 274 agnoscitDomino
765 229 800 262 in
826 230 971 263 servum.
1000 228 1045 261 Et
1065 238 1130 261 cer-

241 283 274 315 te
284 280 307 313 fi
321 280 491 314 Dominus
507 281 631 313 servum
643 279 738 322 poffit
751 278 881 313 homini
908 276 1043 312 vendere
1075 286 1130 309 aut

236 331 385 370 donare,
422 342 479 364 cur
499 342 567 364 non
594 330 627 364 ὃς
652 329 785 363 Divinae
808 328 975 371 Maiestati
1000 330 1012 362 2
1051 328 1132 360 Haec

240 381 341 425 igitur
357 381 497 424 potestas
511 382 625 414 nonin
651 381 833 420 Romano,
860 378 914 412 sed
936 379 972 412 in
994 375 1134 413 naturali

239 442 295 465 aut
305 432 477 464 communi
492 431 641 475 gentium
653 429 810 463 fundatur
825 428 916 471 jure,
943 428 1033 472 quod
1058 427 1136 462 utri-

240 492 304 524 que
324 482 451 524 parenti
475 493 585 524 parem
603 481 638 514 in
661 479 768 523 proles
793 477 941 520 impartit
963 478 1135 513 auctorita·

242 540 327 566 tem.
355 532 444 565 Nam
457 531 633 566 &alterius
644 529 819 563 consensus
833 528 974 570 sufficit,
1001 539 1038 564 ut
1049 539 1137 563 corna

242 583 351 617 munis
363 582 470 616 infans
481 582 497 615 a
511 580 608 616 nobis
620 579 801 622 baptizetur
817 604 823 610 .

293 633 421 680 Qinta
442 630 575 674 quaestio
600 630 666 667 est,
690 629 802 675 Qm
832 630 974 663 formam
996 628 1138 672 requirat

242 680 308 716 haec
320 682 461 717 oblatio?
474 679 672 722 Respondeo
695 679 821 713 nullam
833 681 899 714 esse
914 678 1075 721 praefixam
1099 679 1140 712 ab

242 732 387 775 antiquis
413 729 631 763 canonibus.
677 729 726 763 At
753 729 830 763 vero
847 730 978 762 Sandius
1002 729 1140 762 Benedi-

242 784 311 815 ἕως
323 781 407 814 hanc
425 780 609 823 praescripfit
622 781 656 814 in
674 781 728 813 sua
746 779 896 823 Regula:
923 781 955 810 51'
967 785 1035 821 quts
1057 778 1141 819 offert

237 832 334 874 filium
354 829 443 873 suum
466 834 528 862 Dco
551 836 584 862 in
614 829 787 870 Monasterio
800 854 811 869 ,
830 828 862 870 fi
879 827 1026 871 ipsbpuer
1036 835 1141 862 minori

242 889 336 915 aetate
364 879 423 920 est,
445 888 591 922 parentes
618 882 684 920 ejus
720 878 842 920 faciant
872 884 1069 920 petitionem.
1097 883 1142 912 Et

244 942 308 964 cum
335 932 479 963 oblatione
506 928 602 971 ipsam
624 935 800 970 petitionem
815 954 824 969 ‚
850 929 884 962 (π
908 940 1031 962 manum
1053 937 1142 972 pueri

250 984 413 1014 involvant
439 985 471 1012 in
494 981 582 1021 palla
609 981 741 1019 Altaris,
776 981 809 1013 Θ
827 977 866 1020 fic
892 990 957 1012 eum
999 980 1138 1021 offl‘rant.

245 1031 446 1065 petitionem
489 1029 625 1072 exponit
665 1029 846 1072 praecedens
882 1039 980 1073 caput
1001 1044 1008 1062 ι
1052 1030 1143 1074 Susci-

245 1082 376 1123 piendus
402 1085 435 1112 in
466 1084 602 1114 Oratorio
627 1090 724 1111 coram
751 1079 886 1112 omnibus
908 1085 1069 1121 promittat
1105 1083 1143 1115 de

238 1131 406 1172 stabilitate
426 1130 509 1173 sua,
538 1129 820 1170 &conversionem
859 1142 971 1163 morum
1005 1129 1143 1174 fitorum3

247 1184 282 1216 (⁴2⁶
309 1182 507 1214 obedientiam
533 1192 630 1212 coram
659 1183 720 1214 Deo
747 1182 781 1214 ζῆ*
808 1180 928 1213 sanetis
967 1183 1047 1221 ejus.
1078 1181 1149 1223 Etfi

245 1233 411 1274 aliquando
421 1232 509 1263 aliter
518 1230 627 1271 fecerit
640 1254 651 1270 ,
677 1230 716 1261 ab
730 1229 802 1273 cose
822 1231 1029 1263 damnandum
1046 1230 1124 1274 fiiat
1134 1255 1144 1271 ‚

247 1293 334 1324 quem
365 1282 488 1314 irridet.
520 1283 565 1312 De
577 1282 821 1321 quapromiffione
837 1279 893 1322 sua
909 1280 1009 1321 faciat
1024 1288 1144 1323 petitio-

247 1343 317 1364 nem
329 1333 376 1363 ad
385 1326 486 1364 nomen
499 1333 518 1362 5
520 1330 673 1363 antrorum
689 1354 699 1370 ‚
710 1342 834 1372 quorum
845 1332 992 1372 Reliquiae
1003 1331 1122 1375 ibisunt
1134 1357 1143 1372 ,

246 1383 280 1415 v&
294 1382 418 1414 Abbatis
447 1379 628 1422 praesentis.
658 1383 763 1423 Quam
782 1386 955 1422 petitionem
976 1393 1068 1414 manu
1086 1381 1143 1424 sua

243 1431 357 1475 scribat
369 1456 378 1471 ,
406 1438 458 1463 aut
469 1430 584 1471 certest'
592 1441 651 1463 non
661 1429 720 1472 scir
730 1432 847 1463 litteras
862 1455 873 1470 ‚
899 1432 976 1464 alius
998 1432 1037 1464 ab
1061 1443 1092 1464 eo
1101 1444 1144 1464 ro·

244 1491 336 1526 gatus
358 1479 475 1524 scribat
490 1505 497 1512 .
535 1482 581 1526 Et
603 1481 651 1512 ille
663 1484 814 1513 Novitius
834 1479 945 1523 signum
958 1481 1061 1522 faciat
1074 1505 1083 1520 ,
1110 1483 1144 1515 (ι’

248 1544 340 1565 manu
349 1529 406 1574 sua
418 1542 483 1565 eam
491 1528 580 1572 super
595 1530 816 1572 Altareponat.
848 1531 891 1562 Et
915 1531 998 1563 infra
1014 1542 1020 1560 :
1056 1532 1144 1562 Illam

246 1587 420 1623 petitionem
432 1605 442 1621 ,
469 1592 559 1622 quam
585 1578 706 1621 desuper
722 1582 825 1612 Altare
839 1579 940 1611 abbas
966 1580 1036 1612 tulit
1049 1603 1058 1618 ,
1085 1591 1143 1611 non

248 1636 374 1672 recipiat
402 1628 551 1663 novellus
591 1628 781 1663 Monachus
806 1653 816 1668 ,
850 1628 910 1672 sed
932 1632 964 1662 in
1003 1629 1144 1668 Monaste-

246 1687 293 1714 rio
302 1678 482 1723 reservetur.
518 1678 600 1712 Haec
620 1679 722 1723 igitur
754 1678 870 1722 petitio
891 1679 935 1711 est
955 1679 1143 1712 Monastica

248 1731 350 1765 trium
358 1740 515 1763 votorum
531 1729 703 1771 profeffio,
725 1739 799 1762 cum
811 1728 966 1771 adjunstis
984 1727 1144 1771 precibus,

250 1780 370 1823 quibus
382 1781 537 1822 profitens
553 1779 655 1821 ipsam
667 1778 826 1821 supplicat
847 1779 866 1812 a
890 1777 1016 1813 Divina
1040 1777 1140 1820 Maje-

249 1832 352 1869 state,
378 1827 595 1863 Tutelaribus
620 1828 815 1862 Monasterii
839 1828 986 1869 Sanffis,
1012 1840 1050 1862 ac
1073 1839 1146 1872 prae-

250 1882 340 1915 sente
354 1877 483 1913 Abbate
492 1878 670 1913 admitti&
679 1878 798 1912 firmari
811 1903 817 1910 .
847 1877 893 1911 Et
905 1876 992 1912 hanc
1004 1880 1144 1930 formam

250 1941 328 1964 cum
341 1939 410 1963 tota
430 1929 538 1963 saneti
564 1927 732 1962 Benedic‘ti
755 1928 884 1973 Regula
909 1928 1057 1971 probavit
1076 1953 1086 1968 ‚
1112 1929 1146 1962 &

249 1982 285 2015 in
296 1990 421 2013 morem
437 1977 707 2023 redegitmagnus
730 1979 931 2023 Gregorius,
971 1979 1146 2023 omnisque

249 2030 314 2074 jam
327 2029 452 2074 pridem
470 2029 588 2062 Latina
609 2027 752 2062 Ecclesia
766 2053 772 2059 .
801 2029 897 2062 Plura
910 2028 976 2071 ejus
988 2054 998 2070 ‚
1038 2029 1072 2063 δε
1086 2041 1144 2072 pro

251 2080 395 2120 adultis,
421 2080 454 2112 &
480 2089 538 2122 pro
564 2078 705 2121 parvulis
729 2078 864 2120 antiqua
893 2078 1091 2122 exemplaria
1106 2091 1146 2113 ex

251 2129 385 2165 vetustis
408 2127 686 2162 Monasteriorum
709 2127 849 2162 archivis
882 2128 1036 2172 produxit
1059 2154 1070 2170 ‚
1107 2141 1145 2163 ac

252 2181 316 2213 suis
327 2178 368 2212 ad
383 2179 490 2212 Sancti
505 2178 683 2212 Lanfranci
695 2180 797 2213 vitam
811 2179 844 2212 ὃς
855 2178 1000 2221 ejusdem
1025 2180 1145 2224 trigesi-

252 2241 340 2263 mam
352 2228 527 2263 secundam
541 2228 724 2272 Epistolam
738 2228 870 2262 scholiis
886 2229 1018 2262 inseruit
1040 2230 1147 2263 Lucas

249 2278 455 2315 Dacherius.
481 2278 668 2313 Audiamus
683 2290 783 2312 unam
797 2293 808 2311 .·
835 2283 915 2312 Dum
928 2280 1061 2322 legaliter
1076 2278 1146 2322 san-

252 2336 343 2363 citum
364 2329 532 2371 antiquitus
546 2337 680 2362 teneatur
701 2330 861 2363 &cautum
874 2354 884 2369 ‚
909 2341 975 2362 cum
997 2329 1147 2363 oblationi-

253 2380 310 2413 bus
323 2382 446 2412 Domino
453 2388 595 2421 parentes
612 2377 680 2421 fisos
694 2380 810 2412 tradere
817 2379 895 2421 filios
905 2385 938 2412 in
959 2381 1066 2421 templo
1090 2383 1148 2413 Do-

253 2436 330 2463 mini
349 2430 479 2471 feliciter
495 2427 688 2471 servituros,
708 2429 812 2471 procul
823 2429 908 2462 dubio
918 2429 969 2462 hoc
987 2431 1023 2462 de
1042 2429 1144 2470 nostris

250 2479 322 2522 filiis
339 2479 515 2522 faciendum
531 2478 697 2522 salubriter
703 2479 858 2521 praebetur
867 2481 1051 2521 exemplum.
1083 2480 1145 2513 AE-

253 2527 346 2574 qiiitm
370 2534 448 2563 enim
464 2531 567 2571 judico
589 2534 726 2563 Creatori
749 2530 839 2570 nostro
861 2531 898 2564 de
919 2529 1000 2563 nobis
1022 2531 1143 2565 reddere

250 2580 387 2621 studium
405 2604 412 2611 .
450 2581 558 2613 Idcirco
593 2592 642 2623 ego
676 2581 869 2623 Hildegrinus
901 2579 978 2614 hunc
1006 2590 1139 2623 nepotem

256 2641 352 2664 'neum
377 2636 492 2664 nomine
517 2630 675 2672 Rifttinum
712 2642 776 2663 cum
814 2630 955 2664 oblatione
992 2635 1023 2663 in
1049 2644 1139 2666 manu

257 2688 347 2721 atque
355 2685 517 2721 petitione,
545 2683 651 2714 altaris
667 2680 757 2722 palla
780 2691 871 2714 manu
893 2693 959 2714 mea
979 2684 1116 2716 involuta
1129 2708 1139 2723 ‚

258 2731 411 2762 adnomen
424 2731 525 2762 sitnm
548 2734 694 2775 Remigii,
721 2732 773 2764 vel
792 2733 836 2763 aa
854 2732 1026 2765 „cantiorum
1048 2756 1057 2771 ,
1076 2745 1140 2775 quo·
1159 2734 1162 2737 '
1189 2725 1191 2734 ¹

259 2792 327 2812 rum
337 2786 426 2813 etiam
439 2780 584 2820 Reliquiae
595 2781 640 2814 bic
651 2787 839 2815 continentur
852 2806 862 2822 ,
886 2784 920 2815 &
933 2782 1041 2816 Abbati
1058 2791 1139 2824 prae-

255 2828 334 2874 senti
346 2830 433 2862 trado
453 2840 549 2861 coram
560 2830 679 2869 testibus
696 2830 948 2874 permansurum,
975 2838 1021 2865 ita
1039 2842 1074 2866 ut
1100 2834 1138 2865 ab

259 2879 316 2912 hac
326 2881 374 2913 tlie
385 2890 441 2912 non
452 2880 539 2912 liceat
550 2880 595 2911 illi
606 2881 708 2913 collum
721 2882 756 2913 de
766 2879 896 2924 subjugo
915 2884 1035 2926 Regulae
1054 2894 1139 2917 excu-

259 2939 322 2964 tere
334 2956 343 2970 ‚
367 2929 422 2973 sed
444 2935 539 2974 magis
552 2928 681 2972 ejusdem
692 2931 801 2973 regulae
810 2929 937 2971 fideliter
950 2931 1086 2976 agnoscat
1096 2939 1140 2967 in-

253 2981 361 3021 stituta
370 2979 494 3024 servare
508 3005 518 3020 ,
546 2981 580 3012 &¹
592 2983 715 3012 Domino
721 2987 859 3022 gratanti
869 2987 966 3015 animo
987 2983 1116 3017 militare
1131 3009 1138 3017 .

260 3033 306 3062 Et
332 3041 364 3063 ut
390 3031 452 3065 haec
478 3042 542 3063 mea
579 3031 703 3063 traditio
739 3030 908 3075 inconvulsa
939 3041 1137 3075 permaneat,

257 3087 399 3122 promitto
413 3082 610 3121 jurejurando
634 3091 734 3115 coram
759 3082 839 3118 Deo,
865 3084 898 3115 (³5
921 3083 1041 3125 Angelis
1053 3085 1136 3124 eius,

260 3141 423 3172 numquam
444 3139 500 3171 per
525 3142 591 3171 me,
620 3141 781 3172 numquam
802 3138 857 3171 per
879 3129 1047 3174 suspec‘lam
1068 3141 1138 3173 per-

256 3179 364 3224 fimam
385 3205 395 3221 ,
431 3192 482 3213 nec
515 3180 639 3224 quolibet
675 3181 757 3213 modo
791 3188 846 3222 per
881 3191 979 3214 rerum
1005 3192 1136 3215 mearum

253 3230 421 3273 facultates
460 3231 621 3272 aliquando
668 3232 835 3274 egrediendi
883 3231 918 3262 de
966 3231 1136 3272 Monasterio

262 3279 428 3322 occasionem
453 3280 604 3314 tribuam.
631 3284 676 3314 Et
703 3291 736 3314 ut
761 3280 823 3314 haec
848 3291 914 3313 mea
940 3282 1064 3314 traditio
1086 3282 1137 3323 fir-

261 3342 314 3363 ma
341 3332 374 3363 (³⁶
401 3331 550 3364 inviolata
570 3338 768 3372 permaneat,
797 3341 888 3363 manu
925 3342 991 3363 mea
1022 3330 1137 3373 subter-

257 3379 403 3421 firmavi.
430 3380 506 3413 Filii
524 3388 580 3414 aut
604 3381 730 3423 nepotis
749 3381 901 3420 oblator,
939 3392 1006 3414 non
1031 3382 1135 3416 solum

262 3430 401 3472 prosilio
414 3440 620 3473 autnepote,
649 3429 701 3463 sed
724 3430 823 3465 etiarn
846 3431 1056 3475 profitebatur
1079 3442 1136 3476 pro

363 3480 468 3521 Christ.
483 3485 559 3524 Lupi
572 3486 658 3523 oper.
671 3483 751 3515 Tom,
764 3485 813 3514 IV.

1909 145 2010 198 289'

1194 227 1384 269 semetipso:
1411 225 1745 270 Profitebaturipsum
1765 235 1942 272 numquam
1964 227 2079 263 incita-

1195 288 1227 309 re
1249 301 1259 316 ‚
1300 278 1429 318 fovere,
1468 287 1524 312 aut
1543 275 1690 319 adjuvare
1713 276 1754 310 ad
1775 277 2052 319 praevaricandum
2070 302 2079 310 .

1198 326 1286 360 Nam
1300 328 1333 360 ὅ(
1347 327 1411 361 hoc
1424 326 1540 362 diserte
1551 326 1684 361 mandat
1695 328 1804 361 Sansti
1827 327 1992 361 Benediffi
2014 328 2087 362 Re-·

1196 376 1292 420 gula.
1321 377 1475 412 Eundem
1498 377 1679 411 oblationis
1704 377 1805 411 ritum
1825 378 1971 411 laudavit
1982 376 2080 412 Otho

1198 426 1342 468 Comes,
1367 427 1422 462 ubi
1434 426 1474 461 de
1492 427 1670 461 Lamberto
1682 426 1823 461 filiosuo
1846 427 1933 461 dixit
1952 428 1993 461 ad
2018 427 2081 462 Ni·

1197 476 1327 510 colaum
1354 478 1509 521 primum:
1545 481 1611 521 Ego
1632 486 1724 519 pater
1750 479 1814 518 ejus
1843 478 1932 520 palla
1969 479 2081 511 altaris

1199 527 1385 569 involutum,
1424 528 1506 560 illum
1527 539 1584 560 non
1607 528 1720 568 obtuli,
1760 539 1852 570 neque
1871 530 1892 560 ἃ
1916 538 2083 571 quocunque

1198 579 1352 612 sacerdote
1366 579 1421 611 vel
1429 577 1544 610 Abbate
1557 601 1567 617 ‚
1589 586 1622 609 ut
1632 589 1693 609 mos
1704 577 1829 620 deposcit
1840 601 1850 616 ‚
1878 578 2081 612 benedictione

1195 637 1336 670 percepta
1386 627 1505 670 Regulae
1551 638 1691 669 umquam
1732 626 1876 670 subat‘lus
1913 629 1979 670 fuit
2018 631 2083 662 Mo-

1200 678 1313 711 nachus
1328 704 1334 710 .
1365 678 1408 711 Et
1421 690 1462 711 ex
1475 676 1539 710 hoc
1552 677 1651 710 etiam
1663 678 1770 719 capite
1795 678 1944 713 laudatus
1965 679 2086 712 Ponti-1

1201 730 1254 761 fex
1270 727 1477 761 Lambertum
1490 726 1507 759 a
1530 728 1685 770 praetenso
1708 726 1859 761 adversus
1881 730 1986 770 ipsum
2006 729 2086 762 Mo-v

1201 776 1342 811 nachatu
1365 776 1525 811 absolvit.
1555 776 1598 810 Et
1620 774 1753 810 merito.
1794 777 1928 810 Etenim
1953 789 2085 821 paterna

1201 827 1330 873 oblatio
1346 837 1442 870 atque
1453 826 1572 870 petitio
1584 851 1595 866 ,
1623 838 1683 861 nec
1696 837 1765 861 non
1777 826 1809 860 &
1832 825 1975 861 Abbatis
1997 839 2086 861 acce·

1201 878 1307 922 ptatio
1321 876 1430 912 lucide
1445 878 1585 921 speciant
1598 877 1638 911 ad
1653 876 1877 911 substantiam.
1911 878 1967 911 Est
1982 878 2086 918 enim,
2153 920 2159 927 ι

1183 929 1250 981 {uti
1265 929 1397 962 Sanetus
1407 928 1589 961 Bernardus
1601 927 1710 961 scribit
1724 951 1734 967 ,
1759 932 1866 961 Votum
1879 930 1983 962 Patris
1997 929 2035 961 de
2051 927 2089 970 fi·
2107 920 2196 962 Eplst·
2215 925 2240 952 1¹*

1184 980 1240 1012 llio
1254 1007 1263 1013 .
1291 979 1336 1013 Et
1350 979 1390 1012 de
1412 979 1469 1012 suo
1489 988 1609 1020 nepote
1632 978 1783 1012 Roberto
1811 978 1920 1012 addit:
1958 981 2088 1018 Potitio,

1184 1015 1294 1072 {quam
1307 1030 1420 1073 Regula
1427 1034 1569 1071 praecipit
1582 1054 1592 1068 ‚
1614 1036 1670 1070 pro
1680 1039 1710 1061 eo
1726 1027 1814 1068 facia
1837 1041 1894 1062 non
1908 1029 1974 1071 fuit
1993 1040 2012 1060 a
2031 1037 2090 1071 pa-

1203 1078 1336 1113 rentibus
1349 1105 1360 1121 ‚
1388 1091 1440 1113 nec
1450 1079 1646 1112 manusillius
1656 1091 1721 1112 cum
1734 1078 1801 1121 ipsa
1807 1083 1950 1121 petitione
1973 1080 2091 1113 involu-

1205 1139 1238 1162 ta
1265 1131 1352 1172 palla
1380 1131 1516 1169 Altam,
1544 1139 1576 1162 ut
1587 1127 1626 1169 fic
1647 1130 1797 1169 offerretur
1828 1141 1923 1163 coram
1954 1129 2089 1170 testibus.

1205 1181 1298 1214 Hinc
1311 1180 1419 1214 scribit
1433 1181 1538 1223 ipsum
1553 1191 1619 1213 non
1629 1179 1779 1213 oblatum
1801 1179 1918 1219 fuisse,
1946 1178 1998 1213 sed
2020 1190 2091 1223 pro-

1207 1231 1340 1267 missum
1359 1230 1530 1264 dumtaxat
1544 1254 1553 1269 ‚
1598 1230 1738 1274 ideoque
1758 1241 1827 1263 non
1848 1229 2004 1274 ligatum.
2046 1230 2092 1263 Et

1208 1281 1338 1323 quidem
1353 1281 1431 1315 utin
1445 1281 1544 1314 Missa
1558 1280 1598 1314 ad
1612 1280 1830 1314 offertorium
1842 1279 1921 1313 fiant
1933 1279 2000 1313 haec
2020 1290 2092 1313 om-

1206 1332 1259 1364 nia
1276 1356 1285 1371 ,
1312 1330 1446 1365 mandat
1459 1332 1556 1364 ctiam
1573 1330 1732 1374 Aquensis
1752 1329 1920 1364 Abbatum
1934 1330 2092 1364 Conven-

1206 1391 1256 1414 tus
1271 1407 1276 1413 .
1305 1382 1349 1414 Et
1368 1380 1490 1414 habent
1502 1382 1572 1414 suas
1583 1381 1741 1414 rationes.
1756 1379 1885 1415 Verum
1896 1391 1937 1414 an
1950 1379 2093 1414 substan-

1203 145 1711 190 SECUNDUM.

1205 1431 1294 1464 tialia
1312 1431 1452 1468 fuerint,
1482 1442 1548 1462 non
1562 1430 1660 1463 velim
1670 1432 1846 1464 affirmate.

1256 1482 1353 1513 Sexta
1365 1479 1500 1522 quaestio
1515 1479 1577 1518 est,
1610 1477 1665 1512 An
1679 1480 1779 1513 etiarn
1791 1478 1916 1523 antiqui
1929 1477 2094 1514 Monachi

1209 1529 1385 1562 habuerint
1408 1529 1629 1562 Novitiatum
1657 1531 1668 1561 ?
1705 1528 1905 1571 Respondet>
1925 1529 2094 1563 habuisse.

1207 1580 1341 1614 Etenim
1352 1578 1506 1612 Hermias
1517 1577 1728 1612 Zozomenus
1739 1580 1877 1612 affirmat
1901 1580 1936 1613 in
1960 1581 2098 1622 antiqua

1206 1631 1309 1663 Sansti
1330 1625 1502 1662 pachomii
1519 1628 1648 1672 Regula
1659 1629 1792 1664 fuisle&
1804 1628 2098 1664 huncArticulum:

1205 1682 1223 1711 5
1226 1686 1236 1711 i
1247 1685 1314 1720 quis
1328 1689 1393 1710 cum
1405 1677 1472 1719 ipsis
1485 1677 1624 1711 habitare
1634 1687 1751 1720 cuperet
1765 1703 1775 1719 ‚
1803 1689 1836 1712 ut
1843 1683 1943 1721 prim&
1965 1686 2097 1713 omnium

1200 1728 1395 1772 gravioribus
1438 1727 1583 1760 laboribus
1622 1730 1666 1762 ad
1690 1734 1848 1763 triennium
1891 1736 2097 1770 exerceretur,

1205 1781 1238 1813 (θ’
1259 1784 1304 1811 ita
1330 1790 1427 1811 eorum
1459 1779 1610 1811 convicqus
1636 1785 1790 1821 particeps
1808 1779 1916 1821 fieret.
1946 1781 2098 1815 Eandem

1206 1828 1369 1873 Regulam
1401 1829 1497 1862 fuisse
1519 1826 1704 1862 pachomio
1726 1829 1767 1863 ab
1789 1829 1925 1874 Angelo
1940 1830 2097 1866 traditam

1205 1879 1386 1913 affirmatio
1411 1879 1564 1913 Laufiaca
1585 1879 1734 1914 Historia
1758 1879 1927 1915 Palladius
1949 1880 2099 1915 Heleno-

2114 1809 2146 1837 L=
2158 1809 2185 1843 32
2196 1809 2275 1842 033³

1206 1930 1372 1973 politanus
1393 1928 1573 1971 Episcopus
1594 1953 1604 1968 ‚
1643 1930 1676 1963 ὅ(
1697 1930 1808 1964 laudat
1831 1929 1898 1963 haec
1919 1931 1987 1974 ejus
2013 1932 2099 1976 capi-

1204 1989 1258 2013 ta.-
1288 1983 1370 2012 Eum
1380 1985 1430 2021 qui
1438 1977 1528 2021 semel
1547 1980 1734 2022 ingreditur,
1762 1991 1813 2013 nee
1828 1980 1921 2021 potest
1942 1982 1987 2013 ad
2007 1988 2099 2015 trien·
2114 2002 2245 2038 Cap.38·

1205 2035 1286 2062 nium
1293 2029 1434 2072 sustinere
1444 2038 1592 2063 certamen
1602 2055 1612 2070 ,
1637 2042 1697 2063 non
1708 2030 1849 2063 admittes
1860 2055 1865 2061 .
1892 2032 1953 2063 Sed
1960 2042 2025 2064 cum
2033 2040 2097 2074 ope.

1204 2092 1238 2112 ra
1245 2078 1353 2120 fecerit
1367 2081 1530 2121 difficiliora
1542 2104 1552 2120 ‚
1569 2079 1609 2121 fic
1616 2082 1745 2121 prodeat
1756 2086 1787 2113 in
1793 2080 1926 2120 stadium
1931 2082 1994 2122 post
2005 2088 2096 2116 trien·

1205 2135 1286 2163 nium
1308 2154 1314 2160 .
1351 2130 1523 2164 Graviores
1546 2131 1622 2163 istos
1642 2129 1769 2164 labores
1794 2130 1906 2164 multis
1941 2131 2096 2167 describit

1207 2181 1241 2213 in
1271 2190 1388 2221 quarto
1429 2179 1690 2214 Monasticarum
1725 2180 1978 2215 institutionum
2008 2181 2095 2218 libro

1208 2231 1350 2273 Joannes
1363 2229 1549 2263 Cassianus.
1577 2230 1705 2265 Laudat
1726 2231 2012 2275 quadragesimum
2037 2244 2095 2268 no-

1208 2291 1286 2314 num
1303 2279 1438 2324 Regulae
1450 2289 1547 2323 caput
1562 2304 1571 2320 ,
1593 2281 1627 2314 in
1641 2291 1709 2324 quo
1725 2281 1858 2329 triennii
1873 2294 1939 2316 non
1957 2283 1993 2316 fit
2005 2293 2094 2317 men-

1207 2332 1255 2364 tio
1267 2353 1278 2368 ,
1303 2330 1355 2364 sed
1372 2328 1439 2363 haec
1452 2330 1634 2364 statuuntur
1652 2331 1694 2365 de
1714 2331 1931 2366 Novitiorum
1955 2332 2091 2368 habitu:

1208 2384 1291 2414 Tunc
1301 2380 1459 2413 nudabunt
1470 2392 1536 2414 eum
1549 2381 1731 2421 vestimentis
1745 2381 1938 2425 saeculctribus
1950 2407 1960 2422 ‚
1999 2386 2034 2417 Θ
2046 2390 2093 2417 in-

1213 2432 1304 2464 duent
1316 2429 1420 2464 habitu
1432 2430 1658 2472 Monachorum‚
1687 2427 1866 2476 tradentque
1887 2433 2033 2474 ostiario,
2059 2442 2092 2468 ut

1208 2486 1346 2514 orationis
1357 2489 1484 2523 tempore
1495 2482 1627 2515 adducat
1649 2494 1714 2516 eum
1733 2489 1766 2516 in
1787 2482 1939 2526 conspec‘lu
1961 2490 2092 2517 omnium

1203 2531 1356 2574 fratrum.
1389 2531 1456 2565 Sub
1465 2530 1646 2566 pachomio
1658 2544 1726 2567 non
1739 2533 1867 2567 videtur
1878 2534 1973 2567 fuisse
1983 2533 2091 2568 discri-

1207 2593 1281 2615 men
1292 2582 1429 2616 minoris
1445 2580 1600 2615 habitusa
1618 2581 1752 2625 majori.
1780 2584 1818 2617 In
1844 2583 2026 2618 Canonicis
2047 2584 2089 2618 ad

1205 2634 1357 2666 Sanctum
1381 2629 1656 2675 Amphilochium
1684 2633 1798 2667 litteris
1816 2635 1915 2668 etiam
1949 2645 2088 2678 magnus

1205 2682 1341 2715 Basilius
1350 2681 1591 2716 scribitnullam
1605 2682 1644 2716 ad
1660 2682 1817 2717 servanda:
1839 2685 1873 2716 in
1898 2684 2023 2727 propria
2043 2694 2088 2718 et-

1204 2733 1270 2766 iam
1283 2731 1387 2765 domo
1398 2731 1612 2775 Virginitatis
1621 2734 1849 2776 professionem
1860 2733 2011 2774 admitti,
2038 2735 2086 2768 ni-

1204 2783 1223 2815 si
1236 2807 1246 2823 ,
1273 2794 1340 2824 quae
1352 2783 1404 2815 diu
1424 2787 1599 2815 examinata
1619 2794 1653 2815 ac
1671 2784 1801 2825 probata
1819 2782 2062 2826 perseveraverit
2074 2810 2084 2826 ‚

1204 2835 1237 2867 o·
1249 2842 1283 2866 ut
1292 2834 1475 2866 admittatur
1481 2833 1617 2874 precibus
1628 2835 1825 2867 contenderit.
1842 2835 1881 2867 Et
1896 2834 1930 2867 in
1945 2835 1998 2867 sua
2008 2834 2084 2869 Mo·
2099 2846 2172 2885 Cap⁸
2194 2851 2235 2877 18.

1186 2882 1322 2920 mastica
1338 2883 1469 2927 Regula
1483 2883 1678 2916 admittendi
1700 2884 1832 2918 Novitii
1855 2884 1990 2918 modum
2010 2896 2083 2928 prae-

1202 2933 1309 2967 scribit
1335 2934 1421 2975 quasi
1450 2945 1493 2966 ex
1513 2934 1631 2967 Sar-Cro
1652 2933 1858 2976 pachomio,
1893 2946 1930 2967 ac
1952 2935 2081 2979 pergit.-

1185 2988 1278 3017 .Cum
1306 2995 1343 3015 ex
1365 2983 1488 3027 singulis
1514 2984 1690 3016 documentis
1717 2984 1818 3025 fuerit
1854 2985 2079 3028 comprobatus,

1185 3022 1268 3075 ¹quia
1288 3031 1380 3072 firma
1405 3040 1503 3066 mente
1529 3035 1563 3067 (ς’
1583 3033 1684 3072 stabili
1718 3034 1843 3074 confilto,
1879 3046 1914 3067 ac
1943 3043 2082 3078 prompto

1184 3089 1302 3116 ‘ani'mo
1322 3081 1383 3123 fit,
1412 3091 1481 3114 tunc
1502 3082 1610 3124 suscipi
1635 3094 1700 3116 eum
1726 3085 1821 3117 decet.
1862 3085 1953 3118 Prius
1979 3094 2078 3119 autem

1199 3144 1287 3176 quam
1326 3137 1437 3172 corpori
1467 3131 1680 3172 fraternitatis
1717 3133 1885 3177 inseratur,
1911 3143 2023 3178 oportet
2048 3142 2076 3170 et

1196 3185 1313 3225 injungi
1338 3182 1478 3224 quiedam
1490 3181 1633 3224 laboriosa
1651 3191 1762 3225 opera,
1784 3186 1819 3219 (9¹
1843 3196 1910 3228 quae
1931 3187 2075 3220 videntur

1196 3232 1344 3275 opprobrio
1379 3231 1482 3265 baberi
1519 3235 1539 3264 ἃ
1573 3231 1765 3275 saecularibus
1791 3259 1798 3267 .
1844 3239 1889 3268 Et
1923 3235 2075 3281 observari

1196 3291 1306 3324 oportet
1322 3306 1332 3322 ‚
1351 3280 1383 3323 fi
1398 3281 1519 3315 libenter
1542 3281 1621 3323 baec,
1651 3285 1686 3317 Θ
1705 3284 1813 3324 libere,
1840 3286 1874 3319 o·
1891 3285 2073 3328 fiducialiter

1181 3333 1334 3376 ³expleat²
1360 3342 1410 3364 nec
1421 3331 1610 3374 confusionem
1627 3345 1723 3367 eorum
1726 3339 1868 3378 graviter
1883 3336 1991 3376 ferat.
2018 3334 2074 3367 Vel

1181 3379 1283 3415 'letiam
1301 3381 1330 3423 fi
1348 3388 1379 3414 in
1398 3382 1494 3415 labore
1503 3387 1626 3426 impiger
1649 3387 1821 3419 inventatur
1842 3388 1875 3419 Ca·
1893 3391 2068 3426 promptus.

1196 3430 1362 3475 Ejusmodi
1377 3443 1516 3476 repertos
1527 3434 1628 3466 sancit
1640 3434 1769 3470 admitti
1779 3436 1820 3470 ad
1833 3434 2067 3480 profeiiionem.
2089 3417 2162 3454 ΟΨ·
2176 3421 2201 3447 ⁶·

1541 3485 1573 3517 O
1596 3495 1618 3518 o
1913 3481 2023 3516 Etiam
