2352 3736
47 221 116 254 tibi
139 230 164 257 5.

54 266 107 301 Ep.
133 270 175 298 ¹3·

42 914 135 946 flom-
155 923 205 948 υ..

39 1893 115 1933 cap·
133 1905 163 1930 ιε

51 2568 110 2598 Lib.

42 2612 96 2650 Ep·
115 2617 165 2643 ιι.

45 2993 77 3036 ξ’·
97 2999 124 3024 7·
142 2999 171 3022 c.

45 3039 95 3064 11.

46 3369 181 3408 Pola„-

424 148 478 176 ΒΕ
513 132 707 176 SIMONJAE
741 143 953 186 CRIMIME,
992 145 1041 173 ET
1076 141 1217 173 VARIIS
1255 141 1315 172 AD
1347 141 1472 172 IPSUM
1505 138 1830 172 SPECTANTIBUS.

222 218 339 258 luerit,
365 217 443 252 licet
454 215 566 251 multis
576 215 941 264 precibusapoenitente
956 213 1028 250 fure
1051 213 1096 247 fa-

221 270 363 314 tigatus.
389 268 487 302 Clam
497 277 607 301 tamen
632 266 752 310 recepit
770 267 838 310 ejus
861 266 967 301 socius
988 264 1099 304 Frater

222 319 345 355 Paulus
357 343 365 351 .
392 319 436 352 Et
447 317 525 352 hinc
534 318 640 351 forsan
653 317 670 350 a
683 315 855 357 Godefridi
877 312 1099 357 Lotharingiae

220 370 333 406 Ducis
342 367 528 413 Capellanis
539 369 662 410 sumpta
674 366 719 408 est
729 367 803 399 ausa
816 372 917 398 notam
940 368 966 395 ei
987 363 1099 404 cupidi-

224 421 465 456 tattsinurendt.
492 418 574 451 Sane
585 418 665 462 ista,
690 412 1000 457 cuioperofiffimam
1022 423 1099 455 apo-

225 471 352 515 logiam
364 469 514 513 opposuit
521 467 663 511 optimus
674 464 807 504 Petrus,
819 462 983 497 calumnia
995 461 1100 496 osten-

222 521 275 556 dit
297 519 434 555 similem
454 518 571 552 oblatae
590 513 735 558 pecuniae
755 512 983 548 admissionem
1003 512 1038 546 &
1064 512 1099 553 in

222 570 357 608 clerico
367 570 401 604 ὅ(
413 570 448 610 jn
458 563 623 605 monacho
634 561 717 596 male
726 572 808 604 tunc
818 562 934 598 oluiffe
943 586 952 595 .

274 619 432 657 Attamen
443 617 507 657 ¹hauc
517 614 662 655 sanctitas
673 624 741 647 non
752 613 796 653 est
808 613 928 654 Divini
941 620 998 646 aut
1009 610 1101 655 Apo-

223 671 331 706 stolici
343 666 503 713 praecepti.
531 663 634 711 Qiod
653 663 744 699 enim
766 662 921 703 Sacerdos
942 661 1036 705 poffit
1058 661 1100 695 de

223 720 331 757 Altari
352 740 365 757 ,
388 714 556 750 Sacrificio
578 738 590 754 ,
616 723 673 748 aut
695 713 762 753 alio
782 713 899 756 quovis
925 710 1097 760 Evangelii

223 767 401 806 ministerio
412 765 517 799 vivere
526 789 537 805 ,
549 764 583 797 in
597 765 700 808 prima
712 762 753 804 ad
766 759 960 801 Corinthios
971 761 1099 804 Episto-

222 821 254 854 la
264 815 442 860 Apostolus
451 814 595 849 ostendit
606 813 716 847 multis
729 811 929 859 argumentis
939 835 950 851 ,
977 810 1019 845 de
1029 811 1097 854 qui-

221 869 281 910 bus
292 862 374 900 reae
383 867 517 900 Sanctus
529 864 669 907 Joannes
689 861 943 913 Chrysostomus
963 860 997 894 in
1019 860 1098 903 ejus-

217 918 294 960 dem
315 915 468 959 Epistolae
485 913 740 948 commentario:
768 913 895 952 Multum
912 915 998 955 ponit
1003 909 1097 950 studii

217 966 366 1010 Apostolus
386 988 397 1004 ‚
436 973 470 998 ut
491 964 622 1005 ostendat
646 974 700 996 non
723 963 772 1006 esse
798 965 928 1003 vetitum
953 965 1098 1002 accipere,

217 1017 352 1060 Utique
365 1013 478 1059 sponte
487 1012 633 1048 oblatum
643 1040 649 1046 .
673 1014 715 1047 Et
726 1012 766 1047 ad
779 1012 932 1055 Apostoli
943 1010 1095 1057 verbum,

216 1071 364 1106 Dominus
374 1066 529 1099 ordinavit
542 1070 580 1097 iis
592 1087 602 1103 ,
615 1069 666 1107 qut
676 1064 881 1106 Evangelium
890 1066 1074 1096 annuntiant
1087 1083 1098 1106 ,

216 1119 257 1152 de
267 1116 435 1159 Evangelio
447 1121 571 1155 vivere,
598 1114 767 1157 adjungit:
797 1116 905 1146 Vivere
917 1136 929 1152 ,
954 1122 1011 1144 non
1025 1121 1098 1144 mer-

215 1177 354 1208 caturam
363 1165 487 1207 facere,
513 1175 563 1197 nec
578 1161 779 1208 thesaurizare
792 1186 799 1194 .
826 1162 906 1196 Hoc
926 1162 971 1196 est
983 1186 994 1203 ,
1014 1160 1098 1195 nihil

215 1217 237 1252 ὃ,
258 1226 425 1261 quoquam
445 1215 595 1259 exigere,
620 1214 655 1247 ὃς
677 1211 760 1246 nihil
782 1212 925 1255 accipere
947 1211 966 1245 ὲ
986 1211 1099 1255 sponte

219 1266 342 1301 oblatis
366 1265 424 1300 nisi
451 1264 657 1298 neceffariam
684 1262 950 1303 sustentationem
972 1286 980 1293 .
1016 1261 1099 1294 Haec

214 1316 262 1352 est
290 1314 489 1360 Evangelica
511 1314 564 1349 lex
584 1338 592 1345 .
617 1312 740 1353 Paulus
762 1311 940 1357 Apostolus
965 1335 976 1352 ,
1015 1309 1100 1351 nihil

213 1366 316 1402 etiam
328 1367 443 1409 sponte
452 1363 600 1398 oblatum
613 1363 810 1402 admittens,
836 1363 871 1396 &
887 1362 929 1396 de
949 1361 1014 1394 suis
1033 1370 1098 1394 ma-

212 1416 313 1457 nibus
332 1416 368 1456 in
390 1413 572 1460 Evangelio
593 1414 704 1450 vivens
723 1436 735 1452 ‚
762 1412 820 1445 fibi
840 1411 914 1444 fixit
933 1410 1098 1452 perfectio-

214 1477 287 1501 tem
304 1464 469 1510 regulam,
494 1474 591 1506 quam
602 1463 708 1496 &suae
720 1461 906 1498 Dioeceseos
919 1459 1017 1493 Clero
1042 1470 1100 1503 po·

213 1515 282 1550 Rea
307 1514 382 1547 fixit
418 1513 571 1556 Synodus
598 1511 764 1549 Eliberina
787 1535 795 1543 .
831 1509 992 1544 Africanae
1018 1510 1097 1543 item

214 1563 366 1599 Ecclefiae
383 1563 481 1607 figere
500 1571 638 1596 conatus
658 1561 703 1595 est
715 1562 848 1595 Sanstus
865 1558 1092 1604 Augustinus;

213 1623 249 1648 at
275 1624 345 1647 non
372 1613 468 1646 video
491 1610 669 1646 obtinuisse
691 1635 698 1643 .
735 1608 894 1647 Eamdem
931 1608 1096 1653 Apostoli-

213 1674 288 1698 cam
307 1661 556 1697 sanctimoniam
575 1660 632 1695 fibi
653 1660 825 1694 dumtaxat
845 1659 905 1694 soli
923 1660 996 1693 fixit
1018 1660 1096 1692 San-

214 1715 282 1751 stus
301 1712 414 1753 Petrus
435 1712 594 1747 Damiani
617 1725 628 1744 .-
656 1711 836 1754 Byzantios
860 1711 946 1754 ipsos
966 1707 1095 1748 admitti

214 1763 336 1798 Canon
374 1762 463 1797 illius
488 1763 643 1805 temporis
677 1759 819 1794 omnino
855 1759 1063 1803 permittebat
1086 1784 1093 1791 .

214 1812 351 1847 Etenim
370 1811 411 1846 de
433 1812 567 1846 laudato
587 1811 686 1845 Petro
707 1808 811 1844 adhuc
831 1809 966 1854 puerulo
988 1809 1095 1843 scribit

214 1862 251 1897 in
262 1862 328 1906 ejus
339 1862 405 1896 vita
429 1861 570 1905 Joannes
592 1859 804 1895 Monachus:
831 1863 940 1898 Petrus
965 1860 1097 1902 quadam

211 1914 264 1951 die
284 1907 437 1946 nummum
452 1917 583 1953 reperit,
609 1913 643 1945 (at
662 1919 815 1953 tamquam
837 1908 935 1953 subito
955 1911 1043 1944 dives
1054 1907 1098 1951 ef-

209 1960 331 2003 fet‘lus,
351 1961 589 2005 gratulabundus
610 1962 686 2003 quid
702 1972 734 1993 eo
756 1966 880 1994 mercari
901 1965 1005 2001 aptius
1031 1957 1097 2002 pos-

207 2007 256 2055 set
268 2035 279 2051 ,
304 2012 357 2044 diu
377 2020 476 2045 mente
489 2012 643 2045 revolvere
656 2015 743 2052 coepit
755 2033 763 2041 .
790 2012 949 2042 Divinitas
976 2011 1097 2042 tandem

214 2059 385 2104 inspiratus
397 2065 442 2093 ait
456 2074 462 2092 :
489 2061 596 2093 Melius
607 2059 644 2100 est
655 2069 688 2092 ut
699 2059 820 2092 tradam
832 2059 1023 2097 Presbytero,
1046 2063 1097 2101 qui

211 2113 276 2145 Deo
286 2109 463 2152 sacrificium
483 2110 585 2151 offerat
597 2118 659 2152 *pro
680 2112 770 2142 Patre
789 2120 851 2142 meo
871 2108 1027 2150 defunc‘lo.
1052 2107 1096 2143 Et

212 2159 251 2194 in
261 2161 323 2195 suis
332 2162 373 2195 ad
384 2160 588 2195 Desiderium
607 2159 829 2194 Caffinensem
854 2158 1021 2193 Abbatem
1042 2158 1097 2191 lit-

213 2210 291 2243 teris
308 2210 420 2245 oblata
437 2210 603 2250 Sacerdoti
628 2221 687 2253 pro
709 2208 870 2243 defunctis
894 2208 1095 2242 celebraturo

213 2258 324 2292 Xenia
344 2271 549 2302 nequaquam
567 2258 730 2305 improbat
746 2259 813 2302 jam
836 2259 884 2292 vir
909 2259 944 2292 &
968 2257 1096 2292 Docior

209 2304 350 2343 Petrus:
377 2309 482 2343 solum
504 2308 616 2343 suadet
633 2308 799 2352 opulentis
822 2332 834 2348 ,
861 2306 1034 2342 carnaliter
1052 2307 1096 2340 vi-

212 2357 386 2400 ventibus,
410 2359 446 2392 &
467 2358 570 2393 avaris
591 2357 817 2392 Sacerdotibus
836 2370 905 2392 non
926 2357 1024 2392 facile
1046 2358 1098 2391 of-

212 2408 346 2442 ferenda
366 2433 374 2440 .
403 2408 447 2443 Et
472 2409 508 2453 in
537 2407 654 2442 litteris
680 2407 720 2441 ad
746 2408 950 2447 Damianum
975 2408 1097 2442 Mona»

213 2455 315 2492 chum
326 2481 337 2497 ,
362 2458 454 2496 ,suum
466 2468 508 2491 ex
521 2458 628 2491 sorore
638 2457 803 2500 Nepotem
816 2481 827 2497 ,
850 2455 958 2492 scribit
966 2455 1008 2492 de
1018 2468 1096 2503 quo·

213 2506 292 2542 dam
317 2507 472 2542 illiterato
508 2506 679 2541 Comensis
704 2506 850 2545 Ecclefiae
884 2506 1094 2549 Presbytero:

214 2558 289 2592 Tam
296 2565 429 2598 parvam
437 2568 472 2592 ac
479 2564 597 2593 tenuem
607 2562 639 2589 tn
649 2557 820 2594 litterarum
840 2556 976 2590 doHrina
1006 2556 1095 2591 babet

217 2610 354 2641 notitiam
375 2632 387 2648 ‚
411 2616 446 2643 ut
469 2615 584 2649 apertae
609 2616 720 2649 quoque
741 2605 915 2649 scriptionis
940 2609 1096 2640 articulum

216 2650 376 2694 fflhbatt'm
387 2663 444 2694 vix
454 2657 558 2691 valeat
568 2658 661 2700 legere
669 2682 680 2697 ,
707 2662 801 2695 nimia
810 2666 910 2690 tamen
915 2665 1095 2699 paupertate

220 2701 402 2744 constemus,
427 2714 578 2750 utcumque
602 2707 753 2750 Missurum
767 2705 910 2750 fiilemnia
930 2713 1039 2751 cogitur
1054 2717 1095 2741 ce-

219 2749 354 2783 lebrare·
379 2753 435 2788 Ut
445 2757 559 2800 nempe
569 2768 609 2791 ex
622 2757 727 2791 Miffae
745 2755 881 2791 denario
900 2755 1024 2792 diaetim
1049 2759 1097 2794 vi·

217 2809 276 2855 vat·
293 2824 312 2856 '.
328 2800 373 2833 Et
397 2800 437 2833 ad
459 2803 588 2840 Petrum
614 2808 865 2845 Sandionensem
892 2807 1093 2851 Episcopum

218 2846 328 2883 scribit
350 2849 520 2886 Goffredus
544 2854 654 2889 Abbas
679 2856 932 2893 vindocinensis
955 2871 966 2890 :
1004 2859 1092 2891 obla-

217 2903 326 2933 tlonem
350 2900 463 2931 Altaris
485 2899 573 2935 habet
590 2907 610 2938 ἃ
630 2917 686 2948 quo
704 2907 791 2950 Missa
811 2916 966 2942 cantatur,
995 2907 1039 2940 Et
1056 2910 1091 2945 jn

217 2948 351 2983 Summa
362 2946 571 2993 Theologica
582 2952 740 2993 Robertus
748 2956 932 2993 Cardinalis
953 2956 1067 2995 Pullus
1083 2971 1090 2990 =

220 2996 353 3039 Qufdfst
363 2999 513 3040 Mlffa'um
519 2997 660 3041 fi’l‘mnlae
677 3013 805 3040 contuitu
825 3007 998 3049 temporalis
1017 3018 1090 3043 com-

219 3047 300 3081 modi
317 3046 478 3088 celebrare,
503 3048 559 3090 nist
573 3060 637 3083 cum
649 3054 742 3096 Juda
766 3055 914 3096 christum
939 3057 1089 3098 vendere,

219 3097 307 3129 tanto
332 3103 456 3143 nequius
476 3121 488 3138 ,
513 3108 622 3141 quanto
640 3098 812 3145 resurgendo
830 3105 868 3147 est
884 3105 1089 3150 sublimatus?

219 3145 354 3190 Utique
379 3148 531 3184 contuitu
556 3149 724 3184 commodi
745 3175 752 3182 .
781 3152 824 3185 Er.
849 3155 884 3187 in
897 3155 1088 3195 Eboracenfi

219 3195 307 3237 apud
342 3196 510 3242 Rogemm
535 3197 769 3235 Hovedeiisem
806 3201 944 3244 synodo
978 3205 1089 3244 statuit

217 3243 389 3281 Hubertus
425 3244 694 3294 Archiepiscopus
729 3246 964 3286 Cantu'ariensis
984 3267 997 3293 ,ε
1032 3258 1090 3292 De-

217 3300 372 3329 crevimus
387 3295 605 3338 prohibendum
616 3324 626 3342 ‚
651 3310 689 3335 ne
710 3301 850 3334 sacerdos
861 3301 968 3343 aliquis
983 3310 1089 3345 prope.

216 3345 377 3380 lebratione
403 3347 553 3390 Miffarum
559 3354 652 3389 pretio
673 3349 823 3391 constituto
842 3351 963 3393 pallum
986 3358 1088 3395 ineat,

214 3392 272 3439 sed
291 3395 343 3430 hoc
365 3398 532 3432 dumtaxat
556 3399 634 3443 quod
664 3404 700 3434 in
735 3400 825 3446 Miffa
861 3399 979 3443 offertur
999 3427 1010 3444 ,
1046 3414 1088 3437 re-

1157 217 1265 254 cipiat.
1293 212 1337 246 Et
1349 212 1383 252 in
1404 211 1572 253 Toletano,
1590 211 1649 254 sub
1671 212 1805 255 Ioannis
1825 212 1972 259 vigesimi
1993 214 2036 250 se·

1157 262 1259 302 cundi
1271 261 1468 303 pontificatu
1476 262 1636 304 celebrata
1647 262 1785 305 Synodo
1796 263 1936 307 graviter
1955 274 2035 306 que*-

1158 313 1238 345 ritur
1249 311 1388 354 Joannes
1398 308 1692 356 Archiepiscopus',
1720 314 1815 355 ,Quod
1832 315 1926 356 aliqui
1949 312 2038 357 Pres-

1158 363 1265 400 byteri,
1290 361 1462 401 detestanda
1473 364 1507 397 (ν
1527 362 1717 403 abominabili
1726 362 1883 397 ambitione
1902 369 2005 403 eaecati
2020 388 2036 404 ‚

1154 419 1210 452 pro
1221 412 1371 452 Miffisper
1393 423 1440 445 eos
1459 412 1640 446 celebrandis
1657 417 1812 454 pecuniam
1829 418 1954 456 exigunt
1966 438 1976 453 ,
2002 414 2039 448 Θ·

1159 458 1279 503 desuper
1296 459 1346 494 hoc
1366 485 1377 501 ‚
1402 460 1461 502 acsi
1475 463 1588 502 vellent
1611 464 1744 504 vendere
1769 473 1831 496 rem
1852 461 2014 504 profanam
2026 487 2040 504 ,

1158 512 1342 554 impudenter
1361 520 1529 544 mercantur
1550 535 1558 542 .
1583 512 1683 546 Hanc
1706 511 1853 552 Ecclesia:
1875 508 2040 547 maculam

1159 561 1272 595 acriter
1292 570 1468 604 exaggerat
1480 584 1490 600 ,
1505 560 1539 594 &
1550 561 1721 595 concludit
1734 576 1745 602 ;
1771 565 1825 602 Ne
1835 563 1945 605 aliquis
1955 560 2040 605 Pres-

1158 610 1235 651 byter
1255 618 1313 653 pro
1335 611 1424 651 Miffis
1449 610 1633 650 celebrandis
1652 616 1811 658 pecuniam
1830 618 1934 656 exigat
1952 636 1963 652 ,
1989 612 2044 646 vel

1158 672 1222 694 rem
1237 662 1329 694 aliam
1338 661 1545 702 temporalem,
1571 658 1630 702 fid
1644 665 1746 703 gratis
1765 661 1915 704 accipiat,
1937 659 1967 702 fi
1985 662 2042 695 all·

1159 711 1232 753 quid
1246 718 1303 752 per
1321 709 1485 750 facientem
1506 710 1610 752 Missas
1633 710 1773 742 celebrari
1797 734 1809 750 ,
1834 711 1966 749 oblatum
1984 709 2041 753 sibl

1158 760 1342 799 charitative*
1356 759 1477 801 fuerit,
1503 757 1611 803 absque
1632 759 1770 806 piamone
1795 761 1830 799 j&
1851 766 2041 799 conventione

1157 805 1358 852 quacumque.⁴
1376 808 1642 849 Praevaricantem
1654 819 1710 852 per
1731 819 1858 843 annum
1882 810 2045 852 suspendit

1157 861 1175 893 a
1186 859 1404 898 celebratione
1417 859 1589 894 Miffarum
1602 883 1612 899 ,
1637 871 1675 893 ac
1687 859 1818 903 insuper
1827 859 1962 901 mandat
1973 871 2044 902 pro-

1158 909 1218 954 prii
1230 909 1381 953 Episcopi
1395 909 1528 944 arbitrio
1540 909 1648 953 puniri
1660 932 1669 940 .
1764 907 1767 910 ”
1973 907 1977 910 ’

1158 956 1164 962 ’
1207 958 1367 996 Notanda
1390 959 1463 995 sunt
1483 959 1580 994 verba
1604 958 1753 995 Goffredi
1772 958 1914 993 Abbatis
1925 973 1937 1000 ,-
1955 957 2045 994 obla-

1157 1015 1262 1050 tionem
1287 1011 1414 1043 altaris.
1441 1010 1485 1043 Et
1510 1008 1654 1044 Huberti
1680 1008 1932 1054 Archiepiscopi
1957 1009 2046 1050 Can-

1158 1060 1324 1094 tuariensis
1347 1073 1359 1092 .·
1384 1061 1478 1103 ,Quod
1497 1059 1616 1101 offertur
1637 1065 1672 1093 in
1692 1060 1780 1103 »offa
1800 1085 1808 1092 .
1835 1059 1986 1103 Exponit
2008 1059 2047 1093 in

1158 1110 1274 1150 animae
1284 1109 1425 1149 Gemma
1436 1110 1611 1144 Honorius
1621 1109 1924 1154 Augustodunenfis
1935 1122 1943 1142 z
1972 1113 2049 1143 Fer·

1156 1168 1205 1198 tur
1214 1160 1296 1203 quod
1302 1161 1370 1200 olim
1380 1161 1547 1201 sacerdotes
1559 1158 1706 1203 fifingulis
1717 1159 1855 1192 domibus
1877 1161 1930 1200 fuel
1949 1146 2048 1200 fami·
2064 1159 2130 1198 rib.
2152 1170 2181 1194 1.

1157 1211 1207 1250 liis
1223 1210 1363 1252 farinam
1372 1211 1557 1253 accipiebant
1569 1236 1581 1252 ‚
1606 1209 1684 1253 quod
1693 1208 1791 1243 adbuc
1800 1212 1897 1250 Graeci
1903 1208 2024 1251 faciunt
2035 1234 2047 1257 Ρ
2064 1209 2132 1240 §²1³—
2158 1202 2209 1231 ⁶⁶⁹

1159 1261 1268 1294 &inde
1279 1263 1463 1301 Dominio-um
1479 1269 1592 1303 panem
1609 1260 1791 1303 faciebant,
1817 1270 1902 1303 quem
1920 1268 1979 1302 pro
1993 1268 2050 1301 po·

1154 1311 1226 1352 pulo
1247 1309 1406 1350 offerebant
1427 1335 1440 1351 ,
1474 1312 1511 1345 ὁ·
1532 1310 1725 1351 consecratum
1747 1316 1791 1344 eis
1812 1309 2046 1349 distribuebant.

1159 1364 1194 1394 N
1196 1372 1247 1393 am
1250 1359 1357 1403 singuli
1361 1359 1506 1401 farinam
1514 1360 1698 1401 offerentium
1710 1360 1804 1403 Miffae
1822 1359 2024 1401 interfuerunt
2034 1382 2047 1399 ,

1159 1412 1193 1443 &
1199 1418 1256 1452 pro
1266 1409 1316 1442 bis
1328 1415 1361 1443 in
1373 1414 1495 1444 Conone
1505 1411 1658 1443 dicebatur
1669 1423 1681 1442 .-
1706 1413 1754 1442 Er
1775 1414 1903 1442 omnium
1927 1414 2048 1442 cir-cum3

1151 1459 1297 1499 stantium
1314 1483 1325 1498 ‚
1351 1464 1404 1500 qui
1413 1458 1471 1491 tibi
1490 1458 1615 1498 offerunt
1640 1457 1691 1490 hoc
1715 1457 1895 1498 Sacrificium
1919 1459 2023 1490 laudi's
2037 1483 2047 1490 .

1160 1509 1315 1551 Postquam
1324 1516 1423 1541 autem
1435 1506 1562 1549 Ecclefia
1578 1518 1695 1541 numero
1715 1508 1834 1549 quidem
1860 1507 2024 1551 augebatur
2035 1532 2048 1549 ,

1154 1557 1210 1601 sed
1225 1557 1390 1601 sanHt'tate
1413 1558 1604 1591 minuebatur
1621 1565 1744 1599 propter
1764 1558 1921 1597 carnales,
1953 1557 2049 1598 statu-

1156 1616 1220 1641 tum
1229 1607 1266 1647 est
1278 1617 1312 1641 ut
1332 1613 1384 1650 qui
1400 1607 1513 1650 possent
1527 1607 1649 1652 singulis
1670 1611 1834 1640 Dominicis
1849 1631 1860 1647 ,
1885 1608 1938 1640 vel
1956 1608 2048 1640 tertia

1159 1661 1314 1691 Dominica
1325 1683 1336 1698 ,
1362 1658 1414 1691 vel
1417 1656 1542 1700 summis
1547 1658 1767 1698 festivitatibus
1780 1683 1790 1699 ‚
1819 1659 1872 1691 vel
1883 1667 1928 1691 ter
1951 1662 1983 1690 in
1994 1670 2049 1690 an·

1158 1719 1194 1741 no
1221 1713 1466 1741 communicarent
1481 1734 1491 1749 ‚
1516 1709 1629 1751 &quia
1635 1710 1742 1750 populo
1751 1720 1808 1741 non
1819 1713 2049 1741 communicante

1158 1769 1216 1791 non
1224 1767 1291 1797 erat
1301 1758 1404 1800 neceffe
1417 1767 1482 1791 tam
1491 1770 1633 1802 magnum
1652 1767 1764 1800 panem
1782 1757 1847 1799 fieri
1869 1782 1880 1798 ,
1900 1757 2048 1798 statutum

1157 1807 1196 1847 est
1217 1819 1281 1841 eum
1306 1814 1339 1841 in
1357 1810 1475 1844 modum
1494 1810 1612 1845 denarii
1622 1808 1771 1849 formari,
1798 1817 1833 1841 ut
1850 1809 1976 1850 populus
1990 1816 2049 1850 pro

1155 1858 1302 1894 oblatione
1305 1857 1426 1899 farinae
1436 1859 1574 1897 denarios
1588 1859 1704 1899 offerret
1719 1883 1730 1899 ,
1751 1866 1808 1900 pro
1817 1858 1926 1899 quibus
1948 1859 2048 1892 trado·

1156 1912 1390 1947 tumDominum
1400 1907 1650 1952 recognoscerent,
1677 1915 1728 1950 qui
1749 1916 1848 1941 tamen
1873 1909 1991 1941 denam
2011 1914 2047 1941 in

1156 1956 1240 2000 usum
1246 1967 1413 2000 pauperum
1425 1960 1562 1993 cederent
1574 1983 1585 1999 ,
1612 1960 1665 1992 vel
1672 1965 1704 1992 in
1714 1960 1834 2001 aliquid
1843 1960 1924 2000 quod
1942 1960 1987 1992 ad
1997 1958 2049 1992 boc

1156 2008 1338 2050 sacrficium
1343 2013 1518 2051 pertineret.
1529 2008 1652 2043 Fidelis
1663 2009 1776 2053 populi
1787 2008 1828 2043 ad
1840 2009 2048 2044 Sacrificium

1156 2057 1284 2099 oblatio
1294 2057 1340 2097 est
1349 2058 1493 2092 omnino
1504 2059 1723 2103 antiquiffima
1739 2084 1749 2099 ‚
1762 2058 1905 2093 instituta
1918 2059 1960 2092 ab
1974 2060 2046 2102 ipsis

1158 2107 1350 2151 Apostolis.
1377 2109 1462 2142 Eam
1475 2109 1612 2144 laudant
1633 2109 1846 2151 antiquissimi
1869 2108 2044 2142 Canones.

1156 2157 1265 2191 Ftiam
1291 2157 1435 2200 Justinus
1458 2158 1589 2201 Martyr
1610 2182 1622 2198 ,
1646 2158 1876 2191 Tertullianus
1892 2180 1902 2196 ,
1923 2158 2046 2202 aliique

1157 2207 1356 2241 vetustissimi
1377 2206 1487 2246 Patres
1511 2234 1518 2240 .
1542 2208 1587 2241 Et
1608 2207 1650 2250 ad
1675 2209 1764 2242 suam
1787 2203 1916 2251 plebem
1938 2207 2046 2242 decla—

1157 2256 1258 2291 mavit
1277 2256 1361 2290 olim
1383 2258 1418 2299 in
1436 2258 1593 2292 Sermone
1613 2258 1656 2292 de
1675 2258 1886 2300 eleemosyna
1906 2258 2043 2292 Sanctus

1157 2306 1362 2350 Cyprianus:
1391 2308 1711 2349 Locupleserdiveses
1723 2332 1733 2348 ‚
1756 2309 1789 2341 (5
1803 2311 1990 2341 Dominio-um
2000 2320 2044 2342 ce·

1156 2357 1268 2390 lebrare
1281 2365 1310 2390 tc
1323 2357 1417 2390 credis
1428 2381 1439 2397 ‚
1464 2361 1516 2399 qui
1528 2362 1560 2389 in
1570 2358 1753 2391 Domtntcum
1758 2356 1819 2398 fine
1832 2360 1853 2391 5
1854 2358 1977 2400 acrifiao
1990 2370 2044 2392 ve-

1157 2412 1204 2439 nis
1214 2432 1225 2447 ‚
1253 2412 1303 2448 qui
1313 2414 1435 2448 partem
1447 2407 1484 2439 de
1495 2409 1516 2439 5
1517 2406 1641 2449 acrificio
1651 2431 1662 2447 ,
1687 2408 1767 2450 quod
1772 2415 1890 2449 pauper
1910 2408 2016 2441 obtulit
2028 2432 2042 2448 ,

1151 2455 1244 2499 sumis
1253 2481 1260 2488 .
1290 2455 1372 2490 Non
1385 2456 1523 2497 farinam
1534 2465 1615 2490 tunc
1628 2481 1639 2497 ,
1666 2457 1719 2491 sed
1729 2459 1859 2491 costum
1872 2457 1964 2491 domi
1977 2458 2041 2492 suae

1158 2517 1273 2549 panem
1285 2506 1318 2540 &
1332 2506 1448 2540 vinum
1463 2530 1475 2546 ,
1498 2518 1567 2550 quae
1579 2518 1635 2550 per
1647 2507 1854 2541 Sacerdotem
1873 2508 2041 2541 consecra-

1157 2566 1189 2590 ta
1200 2557 1338 2590 sumeret
1364 2556 1398 2589 in
1421 2555 1541 2597 Missa,
1568 2557 1703 2600 quisque
1725 2555 1845 2590 Fidelis
1865 2557 2042 2592 offerebat.

1156 2606 1249 2654 Qin
1262 2606 1330 2640 imo
1342 2617 1410 2640 non
1423 2616 1539 2650 panem
1551 2630 1562 2647 ,
1584 2606 1636 2640 sed
1661 2617 1759 2651 panes
1773 2606 1881 2650 plures
1890 2618 1967 2650 cum
1981 2608 2042 2642 lar-

1155 2667 1197 2700 ga
1219 2655 1288 2690 vini
1310 2654 1486 2700 amphora,
1513 2667 1652 2700 quorum
1674 2656 1885 2701 solummodo
1909 2656 2040 2692 modica

1157 2716 1226 2749 pars
1236 2706 1491 2747 consecraretur,
1516 2707 1683 2750 &reliqua
1694 2708 1793 2741 maffa
1814 2706 1977 2741 Sacerdoti
2003 2707 2040 2740 &x

1157 2755 1256 2790 Clero
1266 2754 1334 2799 ejus
1345 2755 1472 2793 cederet
1482 2780 1494 2797 ,
1521 2757 1676 2791 offerebat
1687 2756 1822 2800 quisque
1832 2757 1942 2790 dives:
1964 2756 2039 2790 Ete-

1157 2807 1225 2839 nim
1237 2804 1368 2840 massam
1378 2806 1470 2840 istam
1484 2807 1519 2839 in
1531 2806 1618 2841 solos
1631 2806 1778 2841 Clericos
1788 2805 1892 2849 dividi
1906 2830 1917 2846 ,
1942 2814 2038 2849 atque

1154 2854 1193 2889 ab
1202 2855 1274 2899 ipsis
1284 2856 1381 2895 solis,
1404 2855 1439 2889 &
1456 2856 1601 2900 quicum
1621 2857 1688 2891 illis
1710 2858 1785 2892 sunt
1805 2856 1955 2890 fidelibus
1977 2857 2038 2889 fra-

1152 2904 1253 2939 tribus
1281 2931 1292 2947 ,
1320 2916 1524 2950 nequaquam
1545 2907 1564 2940 a
1586 2906 1828 2950 catechumenis
1848 2905 1929 2939 sumi
1950 2907 2037 2948 posse

1151 2955 1318 3000 respondit
1328 2955 1363 2989 in
1385 2957 1444 2993 suo
1454 2956 1496 2991 ad
1519 2957 1724 2995 Ammonem
1744 2954 1952 2998 Lycopoleos
1973 2953 2037 2989 Ar·

1151 3005 1393 3050 chiepiscopum
1428 3006 1603 3048 ‚Canonico
1628 3006 1798 3051 Rescripto
1825 3002 2035 3048 Theophilus

1152 3054 1338 3090 Patriarcha
1351 3056 1615 3098 Alexandrinus.
1642 3056 1737 3101 Quin
1758 3054 1915 3097 ejusmodi
1938 3053 2037 3089 obla-

1153 3115 1185 3140 ta
1198 3116 1267 3141 non
1280 3116 1356 3138 cum
1376 3105 1453 3140 lacte
1466 3129 1477 3145 ,
1500 3107 1593 3140 caseo
1606 3128 1617 3143 ‚
1643 3114 1701 3143 aut
1717 3105 1856 3148 piscibus
1868 3128 1879 3144 ,
1906 3102 1961 3138 sed
1986 3106 2034 3139 se-

1153 3154 1328 3200 paratim&
1340 3165 1395 3196 per
1408 3156 1439 3188 se
1452 3153 1631 3195 sumijuffit
1650 3153 1685 3187 in
1708 3153 1881 3195 synodicis
1902 3154 1966 3187 suis
1987 3154 2031 3189 ad

1151 3203 1335 3245 Monachos
1349 3204 1523 3247 Responfis
1532 3202 1548 3246 ,’
1564 3203 1762 3245 exstantibus
1773 3204 1857 3247 apud
1869 3202 2032 3247 Theodo-

1151 3266 1223 3289 rum
1248 3253 1499 3295 Balsamonem‚
1524 3252 1683 3294 Nicolaus
1703 3255 1817 3288 tertius
1837 3252 2031 3294 Patriarcha

1151 3303 1540 3346 constantinopolitanus
1550 3328 1558 3336 .
1570 3303 1680 3350 Qam
1692 3303 1895 3348 disciplinam
1905 3303 2030 3338 dudum

1151 3352 1285 3399 viguisse
1295 3353 1330 3387 in
1340 3352 1467 3388 Latinis
1475 3353 1573 3387 etiam
1585 3354 1736 3388 Ecclefiis
1746 3378 1756 3394 ,
1768 3356 1826 3389 suo
1838 3354 1914 3388 loco
1924 3353 2029 3387 ostena-

1150 3402 1263 3443 detur.
1301 3400 1349 3437 At
1376 3414 1453 3439 vero
1472 3403 1642 3448 coelumla
1663 3405 1776 3449 quavis
1801 3403 1901 3441 Laica
1926 3410 2028 3444 manu

1861 3460 1979 3494 panem
