2352 3736
133 2539 195 2572 1:01.
222 2542 284 2576 158.

382 140 400 173 ι
418 140 478 185 34

280 204 535 248 -A'u'it'Calixtus
549 222 555 240 ε
584 212 651 252 Ego
660 210 801 242 calixtus
816 233 827 249 ,
842 207 950 251 servus
956 204 1112 247 servorum
1125 208 1191 248 Del,

311 263 412 296 dileelo
429 261 493 302 filio
506 265 631 294 Hemico
643 284 653 299 ,
679 262 881 293 Romanorum
903 259 1080 295 Imperatori
1095 259 1195 300 Auguss

301 311 347 354 sto
374 336 383 351 ‚
417 309 535 342 concedo
559 308 706 343 eleatones
747 304 957 348 Episcoporum
983 306 1018 338 (9
1043 304 1212 339 Abbdlum‘

309 359 477 394 Theutom'ci
503 361 599 402 Regni
613 385 623 400 ,
649 370 717 400 quae
741 356 785 387 ad
807 356 941 395 Regnum
953 359 1108 397 pertinent
1118 380 1129 397 ‚
1159 362 1191 388 in

305 407 469 452 praesentia
478 416 532 441 tua
540 409 610 451 fieri
626 405 733 448 absque
744 405 876 436 simonia
901 404 935 438 6*
958 405 1062 447 aliqua
1081 406 1191 439 violen-

310 464 355 491 tia
366 482 377 499 ,
399 457 464 500 utfi
470 470 530 500 qua
543 464 617 489 inter
626 463 732 496 partes
743 451 890 496 dtscordia
901 452 1047 497 emerserit
1062 477 1072 494 ‚
1084 458 1191 489 Metro.

305 508 434 552 politam·
459 510 493 541 (⁹2⁶
505 505 736 539 Provincialium
748 501 857 544 confilio
870 505 922 537 vel
923 506 1039 545 judicio
1048 527 1058 542 ,
1078 504 1191 548 saniori

306 563 395 602 parti
407 554 549 600 affenficm
569 555 602 587 ό·
611 555 759 588 auxilium
770 554 909 596 praebeas
923 578 929 586 .
960 553 1081 588 Eledlus
1093 563 1190 588 autem

310 601 436 652 Regalia
442 614 497 646 per
510 606 660 647 sceptrum
672 606 692 637 ἃ
703 613 732 637 te
745 610 872 646 recipiat
883 629 892 644 ,
903 611 1034 646 exceptu
1046 606 1188 647 omnibus,

309 668 375 700 quae
384 657 428 687 ad
438 657 603 688 Romanam
625 653 784 696 Ecclefiam
800 652 935 697 specVare
949 653 1104 697 noscuntur
1116 679 1127 695 ,
1154 658 1189 689 Θ

306 717 375 748 quae
397 716 434 737 ex
455 703 502 737 ln's
521 706 593 745 jure
604 705 659 738 tibi
673 705 755 738 debet
767 729 778 746 ,
795 704 899 746 faciat
914 730 920 736 .
949 708 979 736 E
983 717 1004 737 x
1025 706 1094 738 aliis
1115 708 1187 739 verb

301 755 445 798 partibus
456 758 574 796 Imperii
586 753 764 799 consecratus
787 755 872 796 infre}
893 753 926 799 se
937 754 1047 798 menses
1060 756 1186 799 Regalia

302 813 358 847 per
368 807 388 838 5
388 813 519 847 ceptrum
530 806 550 837 ἃ
561 813 590 838 te
600 811 723 847 recipiat
736 830 742 836 .
771 803 853 839 Asta
870 804 934 838 haec
948 805 1021 838 sunt
1034 806 1067 838 in
1081 807 1186 848 Syno-

304 855 349 889 do
363 854 569 888 Lateranenfi
590 855 631 889 ad
644 866 768 889 annum
794 856 983 901 vigesimum
1006 855 1183 889 secundum

298 905 492 939 >duodecimi
504 905 617 939 saeculi.
646 906 782 939 Laicum
795 903 981 948 Principem
997 905 1101 940 adeffe
1115 906 1183 939 An-

303 954 442 989 tistitum
454 954 668 989 elefflonibus
681 954 726 989 est
739 955 878 989 omnino
893 964 1007 990 contra
1019 955 1182 990 Canones.

303 1004 439 1039 Etenim
451 1005 563 1039 Caroli
574 1005 694 1050 Magni
708 1005 851 1050 Legatos
877 1004 895 1038 ὲ
907 1004 1111 1040 Ravennatis
1123 1005 1183 1038 Ar-

302 1054 502 1098 chiepiscopi
524 1055 682 1090 elediione
703 1056 837 1089 exclufit
849 1055 1026 1090 Adrianus·
1038 1056 1158 1100 primus
1173 1078 1180 1086 .

302 1104 346 1138 Et
358 1105 441 1139 inter
453 1104 669 1140 Henricianas
679 1131 690 1147 ,
712 1104 829 1149 quibus
840 1106 1051 1141 eliminandis
1063 1105 1183 1150 glorio·

300 1155 372 1190 sum
383 1155 576 1200 sanguinem
587 1155 674 1191 fudit
684 1156 836 1190 Thomas
849 1151 1032 1190 Cantuariae
1049 1156 1076 1189 E
1081 1155 1182 1198 pisco-

300 1216 361 1248 pus
372 1230 382 1245 ‚
408 1206 658 1242 consuetudines
669 1218 734 1241 una
745 1207 809 1241 fuit
832 1205 920 1240 haec:
947 1211 1025 1238 Cum
1051 1215 1181 1238 vacave-

300 1261 342 1288 rit
353 1254 549 1299 Episcopatus
569 1258 623 1291 vel
630 1256 758 1290 abbatia
767 1262 800 1289 in
812 1260 947 1289 Domlnio
958 1259 1059 1298 RegIs,
1073 1260 1105 1288 in
1123 1259 1183 1300 Cass

294 1306 377 1347 pella
389 1305 475 1348 ipfius
493 1310 583 1349 Regis
594 1306 750 1347 debetficri
769 1306 866 1339 clema
880 1330 887 1338 .
915 1307 957 1340 Et
970 1305 1058 1346 quod
1068 1306 1180 1339 ostava

298 1356 452 1397 Synodus
472 1355 710 1398 Episcoporutn
729 1354 945 1390 electionibus
970 1364 1056 1390 vetet
1077 1356 1181 1390 adeffe

127 1423 260 1463 Epist-6⁰⁴
298 1404 408 1449 Reges
418 1429 428 1445 ,
456 1403 573 1438 diserte
583 1405 622 1438 ad
635 1406 820 1448 Hugonem
834 1404 1059 1450 Lugdunensis
1073 1405 1181 1440 Eccle-

297 1455 345 1487 fiae
361 1453 539 1488 Primatem
562 1455 670 1489 scribit
693 1455 827 1488 SanCtus
838 1455 1090 1501 lvo-Episcopus
1104 1455 1180 1490 Car—

297 1505 455 1539 nutenfis.
485 1504 718 1540 Nihilominus
731 1505 818 1548 pacis
842 1506 946 1549 gratia
973 1506 1098 1540 censuit
1122 1507 1182 1540 Ca·

297 1554 398 1589 lixtus
410 1555 428 1589 a
438 1554 546 1600 rigore
557 1555 616 1589 iilo
627 1555 857 1598 dispensatorie
871 1554 1089 1589 recedendum
1102 1580 1109 1587 .
1140 1555 1178 1601 In

297 1605 356 1639 suo
367 1617 442 1640 cum
459 1606 576 1639 eodem
595 1605 748 1649 Principe
760 1606 924 1639 contrafiu
945 1603 1110 1639 Paschalis
1138 1607 1182 1640 se—

296 1656 423 1689 cundus
445 1656 593 1698 expressit
615 1657 763 1689 causam:
793 1657 952 1696 Populares
979 1654 1154 1696 diff-nstones
1172 1679 1180 1694 ,

297 1717 363 1748 quae
373 1712 405 1738 in
417 1706 602 1740 eluvionibus
614 1705 747 1738 omnibu:
755 1703 839 1747 saepe
847 1710 1022 1747 contingunt
1037 1727 1048 1743 ,
1075 1706 1181 1750 Regale·

297 1764 410 1799 oportet
436 1754 592 1797 Maejestate
617 1752 771 1797 compesci.
797 1753 846 1788 Ita
870 1752 909 1786 ad
922 1754 1054 1788 clerum
1082 1755 1115 1788 δε
1128 1766 1182 1798 po-

299 1807 412 1851 pulum
431 1805 651 1840 Faventinum
667 1826 678 1843 ,
706 1805 739 1837 in
761 1803 916 1849 eligendo
941 1803 1103 1847 Episcopo
1137 1803 1183 1837 di-

124 1846 280 1887 1·5·Ei³³st·
300 1857 446 1891 scordetn
459 1880 470 1896 ,
495 1854 606 1889 scribit
629 1856 761 1888 Sanstus
772 1854 887 1887 Petrus
900 1854 1057 1887 Damiani
1075 1867 1083 1887 :
1110 1858 1182 1887 Non

298 1908 416 1951 eligatis
430 1904 609 1952 Episcopum
620 1903 706 1948 usque
718 1905 764 1937 ad
772 1907 861 1947 Regis
871 1905 1038 1937 adventum
1051 1928 1062 1944 ,
1088 1909 1137 1946 qui
1149 1906 1182 1939 (5

301 1968 426 1993 errorem
437 1955 521 1988 tollat
533 1981 543 1995 ‚
572 1956 606 1988 ό*
618 1966 672 1988 vos
688 1955 732 1988 v&
743 1953 901 1997 Ecclefiam
923 1952 1049 1993 vestram
1059 1978 1069 1993 ,
1095 1952 1182 1994 seda-

301 2015 342 2041 tis
355 2008 483 2049 undique
492 2007 604 2050 jurgiis
619 2029 629 2046 ,
656 2010 687 2038 in
696 2010 782 2048 pacis
803 2006 837 2038 ὁ*
847 2009 953 2046 quietis
965 2004 1181 2046 tranquillitate

299 2065 471 2100 componat.

351 2107 602 2142 concordatum
629 2107 714 2155 istud
751 2108 859 2153 viguit
897 2106 1027 2149 quidem
1065 2116 1120 2150 per
1146 2105 1179 2139 id

300 2158 477 2202 temporis,
503 2158 642 2192 Henrici
656 2166 764 2192 tamen
788 2158 976 2192 successores
999 2167 1067 2191 non
1088 2156 1181 2191 defie-

300 2219 376 2243 runt
400 2209 440 2242 de
465 2209 534 2251 ipso
549 2209 729 2252 conqueri,
754 2208 787 2242 &
811 2209 851 2243 ad
864 2207 1108 2242 nominationes
1132 2206 1179 2240 uti

301 2259 341 2293 ad
360 2258 497 2292 scientiae
509 2258 589 2293 boni
615 2259 650 2292 δε
677 2259 755 2292 mali
783 2269 919 2302 pomum
946 2259 1068 2302 semper
1094 2255 1182 2291 avidi

301 2310 478 2353 suspirarunt
493 2333 500 2340 .
527 2308 664 2342 Etenim
688 2309 822 2343 Calixto
853 2308 996 2342 secundo
1018 2307 1094 2351 post
1112 2306 1184 2340 Ho-

301 2360 434 2394 notium
446 2356 621 2393 secundum
632 2359 774 2392 succeffit
787 2357 945 2392 secundus
955 2356 1181 2397 Innocentius,

301 2409 335 2443 &
348 2409 504 2444 Henrico
514 2409 631 2450 quinto
644 2409 789 2443 succeffit
805 2406 982 2443 Lotharius
1004 2404 1162 2441 secundus
1173 2429 1183 2445 ‚

301 2459 343 2493 de
356 2470 422 2502 quo
434 2459 557 2493 auxilia
569 2458 749 2502 spondente
769 2458 917 2492 adversus
941 2457 1022 2491 Anti
1034 2475 1045 2483 -
1057 2457 1180 2500 Papam

301 2508 435 2543 Petrum
462 2509 585 2542 Leonis
612 2507 720 2541 scribit
747 2518 906 2551 magnum
933 2506 1041 2551 Beigii
1075 2506 1179 2540 Chro-

302 2559 424 2594 nicon:
456 2560 541 2598 Papa
565 2561 750 2590 Innocentius
766 2557 918 2599 profec‘lus
937 2558 1023 2598 apud
1039 2557 1182 2589 Leodlum

303 2609 433 2652 Belgicae
453 2607 552 2640 urbem
564 2630 575 2646 ,
601 2608 742 2645 synodum
768 2605 976 2649 Episcoporum
998 2617 1158 2639 convocans
1169 2629 1179 2644 ,

303 2661 412 2702 Regem
432 2657 608 2690 Lotharium
632 2658 676 2689 ad
694 2656 884 2699 defhnfionem
903 2654 1015 2699 121chae
1038 2659 1182 2688 Romanae

308 2706 441 2750 Ecclefiae
463 2712 613 2740 invitavit
634 2730 645 2747 ‚
671 2711 722 2750 qui
742 2707 820 2740 nihil
837 2707 996 2740 cunctatus
1016 2729 1028 2746 ,
1060 2704 1183 2748 exposito

304 2769 405 2792 tamen
430 2758 517 2799 prius
548 2756 667 2796 modeste
711 2764 887 2799 quantopere
916 2760 1050 2799 Regnum
1085 2766 1183 2789 amore

306 2807 499 2851 Ecclefiarum
532 2805 571 2848 fit
606 2816 794 2840 attenuatum
817 2831 829 2848 ,
865 2808 900 2840 (τ
929 2814 1042 2849 quanto
1074 2807 1183 2839 damno

306 2869 406 2892 earum
427 2856 634 2898 investituram
655 2855 801 2900 remiserit
822 2881 833 2897 ,
870 2858 1019 2889 auxilium
1038 2859 1182 2888 Romame

135 2920 288 2956 manag
307 2907 440 2950 Ecclefiae
459 2911 630 2950 promittit.
658 2907 783 2941 Eadem
802 2906 911 2940 scribit
927 2904 1037 2939 Ottho
1050 2905 1182 2948 Episco-

308 2967 364 3000 pus
386 2957 592 3003 Frifingenfis
618 2980 625 2990 .
663 2955 849 2991 Almannus
874 2967 915 2991 ex
951 2954 1182 2990 Claravallenfi

309 3006 478 3041 Monacho
490 3008 671 3052 Episcopus
680 3005 953 3041 Antifiodorenfis
977 3005 1012 3038 in
1026 3005 1094 3039 vita
1106 3005 1184 3039 San-

311 3055 354 3088 ai
368 3055 518 3090 Bernardi
531 3057 623 3091 addit
635 3056 835 3091 Pontificem
853 3054 1015 3100 expavisse
1034 3053 1075 3089 ad
1098 3054 1183 3088 istud

311 3104 444 3138 verbum
474 3128 484 3144 ,
507 3107 541 3139 &
562 3107 673 3142 durius
693 3107 784 3142 fiaiffe
803 3107 963 3141 afflictum
985 3129 998 3146 ,
1021 3116 1121 3149 quam
1144 3103 1185 3138 ab

311 3154 634 3196 omnipersecutione
654 3157 742 3191 Petri
762 3157 904 3192 Leonis.
927 3154 982 3189 Ex
1004 3166 1072 3200 quo
1097 3155 1184 3189 lucet

143 3187 235 3217 ιη’
251 3195 278 3215 ³'
315 3204 448 3239 Petrum
461 3203 649 3236 Diaconum
659 3228 669 3243 ,
693 3207 782 3241 istius
794 3205 983 3249 Anti-Papae
994 3207 1161 3250 sequacem
1173 3227 1184 3245 ,

314 3254 392 3290 dum
414 3251 574 3285 Lothario
597 3253 796 3289 investituras
819 3256 911 3291 fuisse
935 3254 975 3289 ab
987 3254 1184 3290 Innocentio

315 3301 455 3339 redditas
491 3299 597 3334 scribit
631 3303 663 3334 in
695 3301 864 3340 Chronico
897 3305 1091 3340 Monasterii
1110 3304 1186 3340 Cass

313 3351 445 3388 (inenfis
469 3374 480 3391 ,
505 3350 610 3394 palam
632 3351 701 3384 falli
725 3376 735 3392 ,
772 3364 826 3386 aut
844 3355 927 3388 forte
952 3356 1084 3390 mentiri
1108 3380 1115 3388 .
1143 3355 1186 3389 Et

314 3402 407 3449 quod
429 3407 497 3436 non
519 3399 570 3437 ed
591 3399 676 3436 solas
696 3402 922 3447 investituras,
949 3406 1002 3440 sed
1026 3402 1186 3444 etiamad

653 121 1314 168 Tentin-Pizooemans
1348 123 1762 185 Dtss'enrano,

1255 206 1502 241 nominationes
1510 206 1733 247 adhinniverit
1750 210 1948 256 Lamnus,
1974 214 2078 259 liquet
2087 223 2131 251 ex

1255 254 1406 289 Arnoldo
1428 254 1559 304 Abbate
1568 256 1747 296 Lubecenfi
1759 264 1807 298 «in
1817 262 2130 301 ChronicoSclavo·

1252 317 1323 340 turn
1336 330 1346 346 ,
1370 306 1427 340 ubi
1438 306 1505 349 ejus
1516 305 1585 350 post
1599 307 1805 346 Conrardum
1817 314 1951 349 tertium
1960 315 2129 351 Successor

1250 355 1279 390 F
1280 356 1439 390 federicus
1452 358 1574 399 primus
1585 355 1784 401 acquiescere
1793 362 1964 407 sequidem
1976 363 2060 400 dicit
2077 365 2132 400 in·

1252 407 1376 447 ductis,
1401 407 1455 440 seu
1468 407 1579 450 potius
1591 407 1748 443 restitutis
1759 413 2054 455 nupergcanonicis
2062 414 2128 449 ele-

1251 456 1414 490 &ionibus
1443 481 1455 498 ,
1478 456 1571 491 addit
1590 466 1700 493 tamen
1724 459 1788 493 effe
1810 459 1960 505 Eccieffix
1987 464 2126 505 noxias,

1251 506 1341 546 quod
1355 517 1472 549 nempe
1484 506 1638 541 humanis
1652 509 1762 552 paffim
1775 519 1927 554 regantur
1936 514 2101 550 affectibus
2113 537 2126 554 ,

1248 565 1345 599 atque
1361 556 1404 589 ita
1415 557 1525 590 minus
1535 568 1667 602 capaces
1692 560 1727 593 ἀ
1737 559 1856 604 dignos
1867 559 2047 605 Episcopus
2065 564 2126 598 im·

1252 616 1396 648 ponant.
1425 606 1457 639 A
1469 608 1718 643 nominanthus
1729 608 1889 654 Augustis
1900 611 2060 655 gloriatur
2077 615 2127 649 so-
2141 638 2280 671 Lare-17·

1248 657 1278 689 la
1305 657 1511 699 personarum
1536 658 1648 691 merita
1672 660 1837 693 consuesse
1858 659 2002 702 attendi,
2028 670 2137 706 atque-

1248 706 1293 738 ita
1305 704 1472 750 digniores
1483 706 1665 750 Episcopos
1686 707 1727 742 ab
1739 709 1809 751 ipfis
1821 710 1996 753 proceffiffe
2006 737 2014 744 .
2045 712 2127 760 Qo

1245 754 1462 790 fundamento
1474 755 1559 800 apud
1581 757 1730 802 Leonem
1741 759 1906 794 decimum
1928 761 2127 799 Pontificem

1245 807 1321 839 u'sus
1334 807 1432 840 etiam
1454 808 1538 846 fuit,
1565 807 1723 851 suumque
1746 809 1931 852 impetravit
1952 813 2126 847 nominan-

1244 856 1462 903 di'induitum
1474 857 1661 905 Franciscus
1680 859 1801 902 primus
1814 859 2099 896 RexFrancorum
2116 888 2123 895 .

1246 902 1349 939 Porro
1375 907 1543 952 Augustus
1565 907 1741 942 Lothatius
1757 934 1768 950 ‚
1795 920 1849 953 per
1868 909 2061 944 investiturae
2088 912 2123 946 &

1244 957 1484 991 nominationis
1506 957 1680 992 cessionem
1707 969 1843 1002 querens
1862 963 2127 995 attenuatum'es-

1243 1005 1276 1038 se
1287 1005 1462 1049 Imperium
1477 1030 1488 1046 ,
1514 1006 1681 1042 sordidum
1702 1010 1850 1055 animum
1872 1008 2015 1053 prodidit
2029 1035 2040 1050 ,
2064 1011 2125 1045 fas-

1245 1055 1296 1088 sus
1309 1065 1361 1089 eas
1374 1055 1489 1089 ambiri
1501 1068 1611 1091 amore
1622 1057 1703 1091 lucri
1716 1082 1726 1097 ,
1738 1070 1816 1092 verae
1825 1059 1978 1094 Simoniae
1989 1085 1996 1093 .
2024 1061 2131 1095 ldem'

1243 1103 1337 1139 fassus
1357 1105 1402 1138 est
1423 1105 1609 1140 Fredericus
1633 1106 1796 1151 Augustus
1818 1121 1825 1140 :
1868 1108 1936 1151 ejus
1955 1111 2047 1144 enim
2069 1109 2127 1145 ad—

1245 1155 1350 1188 versus
1373 1154 1554 1188 Urbanum
1576 1155 1712 1189 tertium
1735 1155 1932 1192 Pontificem
1952 1182 1963 1198 ,
1990 1154 2127 1203 Episco-

1244 1215 1359 1248 porum
1372 1204 1472 1248 spolia
1483 1204 1713 1239 efestucantem
1725 1231 1736 1246 ,
1755 1209 1922 1250 -praecipua
1943 1208 2005 1242 suit
2021 1209 2128 1252 queti-

1243 1255 1377 1295 monia,
1405 1254 1494 1297 quod
1505 1254 1576 1298 post
1592 1265 1716 1300 ereptas
1734 1256 1940 1291 investituras
1965 1270 2003 1292 ac
2018 1258 2126 1293 nomi·

1244 1306 1395 1339 nationes
1417 1304 1545 1339 nullum
1568 1317 1678 1349 praeter
1701 1306 1806 1350 spolia
1824 1307 1955 1342 restaret
1976 1308 2138 1352 Imperio·

1241 1367 1282 1389 ex
1306 1355 1475 1399 Episcopis
1499 1356 1761 1390 emolumentum
1785 1381 1792 1388 .
1828 1355 1994 1403 Qinitnd
2032 1356 2124 1400 quod

1242 1404 1380 1439 durante
1393 1405 1566 1440 octaviani
1588 1405 1673 1440 Anti
1690 1423 1702 1431 -
1715 1405 1759 1440 Pa
1766 1417 1809 1449 pae
1820 1407 1968 1441 adversus
1981 1407 2125 1443 A-lexan-

1242 1455 1337 1490 drum
1351 1456 1483 1489 tertium
1496 1454 1674 1490 Schismate
1688 1456 1794 1489 varios
1805 1480 1815 1496 ,
1841 1457 1898 1500 qui
1910 1451 2123 1501 postmodum

1245 1506 1446 1539 reconciliati
1468 1506 1502 1538 in
1526 1505 1627 1550 gradu
1655 1507 1916 1548 permanserunt,
1944 1507 2141 1551 Episcopo&

1242 1555 1428 1589 Fredericus
1452 1556 1631 1589 nominarit
1658 1566 1753 1599 atque
1775 1556 1963 1598 intruserit,
1990 1551 2127 1592 testatur*

1245 1604 1398 1639 Albertus
1424 1605 1582 1639 Stadenfis
1607 1629 1613 1637 .

1242 1655 1336 1688 fuisse
1357 1655 1397 1688 ab
1419 1655 1477 1688 iilo
1499 1656 1658 1689 intrusum
1683 1656 1915 1698 Conrardum,
1941 1668 1979 1691 ac
2003 1655 2135 1692 deinde·

1243 1703 1489 1743 Christianum,
1515 1704 1660 1739 scribunt
1687 1706 1888 1740 Godefridus
1912 1707 2019 1742 Sancti
2042 1701 2125 1741 Pan·

1243 1753 1382 1788 taieonis
1394 1754 1582 1789 Monachus
1596 1778 1606 1795 ‚
1631 1756 1665 1789 <Sc
1686 1755 1968 1799 iri-supplemento
1977 1756 2133 1791 Mariani‘

1243 1805 1334 1840 Scoti
1360 1804 1472 1839 Abbas
1491 1803 1727 1839 Dodechinus.
1756 1806 1867 1840 Etiam
1889 1806 2180 1905 Hemamgst‘
2194 1819 2278 1854 1163.

2056 1864 2100 1892 uo
2169 1876 2176 1884 .
2191 1860 2275 1887 1160.

1244 1854 1367 1888 intrufit
1381 1854 1414 1888 in
1429 1855 1661 1898 Episcopatum
1676 1855 1970 1891 Monasteriensem
1981 1880 1991 1890 .

1242 1906 1343 1939 etiam
1360 1905 1428 1948 post
1450 1905 1631 1938 extinctum
1653 1904 1799 1939 Schisma
1819 1906 2019 1949 quandoque
2039 1906 2124 1951 fece-
2139 1898 2274 1932 A·¹¹⁷3·

1242 1955 1285 1988 rit
1309 1954 1393 1988 istud
1421 1954 1525 1997 ipsum
1540 1979 1551 1995 ,
1577 1954 1715 1998 affirmat
1742 1954 1924 1988 Radevicus
1949 1954 2135 1998 Presbyter

1242 2004 1452 2048 Frifingenfis
1476 2028 1483 2036 .
1522 2003 1656 2046 Etenim
1696 2003 1881 2040 Otthonem
1919 2004 2123 2048 Episcopum

1242 2056 1337 2088 suum
1359 2052 1488 2094 laudat,
1516 2053 1606 2098 quod
1628 2055 1663 2088 in
1677 2052 1762 2088 1εᾶὶο
1785 2052 1951 2088 mortisab
1965 2053 2044 2095 illo,
2071 2063 2122 2087 ut-

1244 2104 1320 2148 pote
1330 2104 1438 2139 amico
1453 2105 1486 2138 &
1497 2115 1642 2148 cognato
1653 2105 1710 2138 suo
1721 2128 1731 2144 ,
1753 2114 1907 2149 tanquam
1921 2104 2121 2148 postremum

1240 2155 1278 2188 in
1290 2153 1351 2189 hac
1363 2154 1429 2188 vita
1442 2153 1635 2188 beneficium
1648 2153 1819 2197 postularit
1837 2153 1977 2188 viduatae
1988 2154 2048 2188 suae
2060 2153 2123 2188 Ec-

1241 2204 1343 2239 clefiae
1362 2212 1477 2239 contra
1499 2203 1592 2238 istam
1608 2203 1745 2238 subinde
1763 2201 1833 2238 fieri
1850 2205 2043 2239 consuetam
2055 2202 2200 2237 vio-VL-z·
2217 2209 2261 2232 c·1
2269 2212 2295 2232 1-

1243 2255 1379 2290 lentiam
1391 2254 1528 2289 concedi
1540 2253 1749 2289 Canonicam
1771 2254 1981 2289 elestionem.
2010 2253 2124 2289 Etiam

1243 2305 1452 2340 Conrardum
1465 2303 1595 2339 tertium
1620 2305 1654 2339 ἀ
1665 2304 1837 2348 praeserti'm
1854 2304 2038 2338 Henricum
2057 2304 2130 2338 sex·

1244 2367 1313 2390 tum
1324 2356 1417 2390 suiffe
1430 2356 1501 2389 usos
1518 2355 1632 2389 eadem
1645 2353 1800 2389 violentia
1812 2379 1822 2396 ,
1850 2354 1945 2398 poffit
1957 2353 2053 2389 facile
2070 2353 2136 2387 de·-

1244 2405 1433 2441 monstrari'.
1461 2406 1506 2439 Et
1516 2404 1594 2439 hinc
1607 2404 1692 2438 filius
1708 2402 1803 2448 hujus
1828 2404 1862 2438 δε
1874 2402 2124 2438 SuccefforFre-

1243 2454 1368 2490 dericus
1379 2455 1539 2497 secundus
1549 2453 1633 2498 apud
1645 2454 1876 2489 Innocentium
1888 2454 2018 2487 tertium
2035 2451 2123 2485 Pon·

1244 2506 1365 2540 tificem
1386 2506 1431 2539 est
1452 2517 1506 2548 per
1518 2504 1646 2538 Bullam
1670 2515 1796 2538 auream
1810 2503 1964 2545 professus
1985 2501 2019 2534 in
2031 2499 2123 2536 hunc

1245 2556 1399 2590 modum:
1430 2554 1559 2598 Abusum
1578 2555 1659 2587 illum
1670 2577 1681 2593 ‚
1707 2564 1793 2595 quem
1812 2553 1935 2594 quidam
1959 2546 2130 2594 Praedeces-

1236 2604 1337 2649 sorum
1366 2605 1524 2646 nostrorum
1558 2602 1708 2646 exercutffe
1739 2601 1944 2646 dignoscuntur
1965 2626 1976 2642 ,
2008 2600 2125 2635 abolere

1243 2658 1373 2689 volentes
1394 2680 1405 2696 ,
1432 2655 1615 2687 concedimus
1642 2654 1676 2686 (θ’
1695 2651 1848 2695 sancimus
1877 2676 1888 2692 ,
1913 2661 1947 2684 ut
1972 2650 2123 2686 elefflones

1245 2708 1441 2740 Praelatorum
1450 2704 1539 2737 libere*
1565 2703 1756 2737 &canonice
1774 2702 1855 2744 fiant
1868 2725 1879 2741 ,
1905 2709 2050 2743 quatenus
2071 2699 2123 2734 ille

1238 2756 1423 2798 praeficiatur
1439 2752 1572 2794 Ecclest'ae
1593 2754 1729 2786 viduata
1741 2774 1751 2791 ,
1777 2763 1862 2794 quem
1882 2759 1975 2784 totum
1996 2754 2122 2792 Capitu-

1245 2807 1324 2845 lum,
1350 2804 1402 2837 vel
1428 2805 1523 2844 major
1550 2804 1584 2836 (τ
1592 2801 1690 2845 sanior
1698 2810 1772 2844 pars
1786 2803 1908 2834 duxerit
1935 2801 2119 2843 eligendum·

1244 2855 1358 2890 Exstat
1385 2852 1451 2886 haec
1475 2852 1624 2896 profeffio
1650 2851 1735 2895 apud
1757 2849 1974 2885 Melchiorem
1998 2846 2125 2885 Gelda-

1244 2905 1328 2939 stum
1338 2929 1345 2936 .
1371 2902 1518 2938 Eandem
1530 2904 1649 2937 fecerat
1667 2903 1701 2936 &
1713 2902 1780 2944 ejus
1792 2900 1958 2945 proximus
1967 2898 2120 2931 Anteces-

1243 2952 1410 2989 sorOttho
1422 2963 1568 2997 quartus.
1599 2951 1795 2995 Ethocjure
1815 2950 1996 2985 etiamnum
2019 2945 2120 2981 hodie

1245 3006 1327 3039 vivit
1338 3004 1533 3038 Germanica
1546 3002 1683 3038 Ecclesia
1696 3027 1707 3042 ,
1734 3001 1903 3046 praesertim
1915 2996 1984 3041 post
2004 2996 2121 3030 Frede-

1245 3056 1304 3090 rici
1315 3055 1404 3089 tertii
1415 3064 1491 3088 curn
1502 3052 1646 3087 Nicoiao
1660 3053 1779 3096 quinto
1799 3048 1960 3084 Pontifice
1973 3047 2122 3081 Concor-

1245 3105 1341 3145 data,
1367 3105 1424 3138 suo
1451 3103 1526 3138 loco
1537 3102 1750 3148 exponenda-

1297 3154 1353 3189 Ab
1364 3154 1502 3188 Henrici
1514 3147 1869 3196 quintiSuccefforibus
1889 3157 1981 3181 mota
2006 3147 2052 3182 est
2062 3148 2124 3182 cir-

1246 3217 1284 3239 ca
1307 3203 1555 3239 concordatum
1580 3203 1688 3237 &alia
1703 3198 1858 3242 quaestio:
1884 3196 1939 3230 An
1964 3197 2123 3231 discordis

1248 3255 1416 3290 eleesionis
1426 3254 1546 3288 decifio
1566 3251 1606 3286 ad
1619 3247 1868 3291 Metropolitam
1892 3247 2123 3281 &Provincia-

1250 3306 1296 3340 1es
1310 3305 1488 3349 Episcopos
1514 3303 1686 3345 spectaret,
1712 3309 1754 3331 an
1778 3297 1856 3332 vero
1877 3297 1930 3332 ad⁴
1945 3297 2121 3339 Imperato-

1250 3367 1316 3390 rem
1330 3356 1346 3387 ,ἒ
1373 3349 1673 3390 concordati-enim
1686 3347 1863 3391 posteriora
1884 3346 1979 3394 verba
2002 3344 2124 3379 habent

1251 3405 1375 3452 aliquid
1386 3399 1623 3447 ambiguitatis.
1648 3397 2008 3479 Qaestionemigimus
2018 3394 2128 3480 {socie

1886 3459 1889 3461 ’
1922 3456 2017 3481 onrar
2041 3455 2077 3480 us

1663 1606 1712 1639 lta
1741 1605 1886 1640 Ecclefiae
1912 1607 2126 1653 Moguntinae
2140 1624 2178 1653 A,
2190 1589 2277 1659 HJ..
2295 1581 2310 1644 ἶ
