2352 3736
373 107 439 155 42
449 112 477 143 0

307 188 376 219 quae
396 179 467 218 jam
484 173 601 216 statuta
612 169 672 210 est,
699 178 749 202 nec
757 165 930 211 spiritalem
957 165 1195 209 circumcisionem

308 228 447 269 impediri
472 223 588 259 carnali
607 217 816 260 circumcisione
842 217 946 255 debere
966 241 977 258 ,
999 211 1065 261 fied*
1080 228 1195 250 omnem

306 279 423 310 omnim>
433 274 578 306 hominem
588 270 811 306 admittendum
830 268 884 311 esse
905 268 948 303 ad
955 274 1093 310 gratiam
1105 267 1193 301 clm·-

298 326 358 366 sti.
385 318 567 357 Multifarie
593 318 660 353 haec
687 318 863 353 confirmat
887 342 900 364 ‚
927 317 1026 351 solvit
1063 317 1190 363 singula

304 374 375 408 Fidi
396 370 630 413 fundamenta,
657 368 858 406 demonstrat
883 367 919 404 δε
939 367 974 402 in
1009 368 1130 408 adultis
1155 371 1191 407 &

299 424 335 459 in
347 420 490 464 parvulis
508 421 572 456 esse
591 418 731 455 eandem
756 423 883 453 Divinis
911 424 1045 452 muneris
1071 422 1191 462 aequali-

300 482 413 513 ratem,
439 472 554 517 Atque
580 472 627 506 ita
653 467 887 514 posterioribus
898 468 1016 510 saeculis
1041 477 1190 505 exortam

297 523 514 569 quarumdam
539 518 746 561 scholarum,
772 530 843 563 quae
876 518 1022 564 parvulis
1047 519 1191 554 stne'in-

296 571 512 608 trinsecorum
524 571 692 610 donorum
717 569 879 609 infusione
898 569 1021 605 remitti
1042 570 1189 614 origina-

293 625 326 662 le
337 632 507 668 peccatum
519 622 594 658 sunt
613 620 774 665 opinatae,
800 620 996 655 sententiam
1018 620 1188 665 infigniter

292 676 475 718 praefocat,
502 673 537 707 δε
560 671 750 707 concludit:
776 671 888 704 Idcirco
898 670 961 709 baec
976 670 1046 713 fuit
1065 677 1098 704 in
1110 674 1186 704 Con·

290 726 357 762 cilio
382 723 479 767 nostra
499 721 674 767 sententia,
701 724 722 759 ᾶ
747 719 895 764 baptismo
920 728 1012 763 atque
1038 721 1058 752 ἃ
1080 727 1184 765 gratia

291 778 371 815 Dei,
397 781 448 818 qui
458 773 594 808 omnibus
608 771 773 816 misericors
799 772 833 805 Θ
848 777 921 813 pius
937 771 975 812 est
992 795 1004 813 ,
1034 777 1182 810 neminem

290 826 397 865 debere
400 824 576 868 prohiberi.
603 824 699 869 Quod
717 834 782 856 cum
801 824 881 858 circa
901 820 1056 865 universos
1080 820 1181 866 ,obser-

288 876 426 909 vandum
448 874 486 916 fit
511 883 602 916 atque
624 874 812 911 retinendum
837 897 848 913 ,
875 879 940 905 tum
977 877 1075 916 magis
1101 875 1179 906 circa

287 926 426 968 infantes
452 922 529 973 ipsos
555 925 589 958 ἐν
614 934 711 957 recens
737 931 823 955 natos
853 920 1073 964 observandum
1085 930 1178 964 puta-

287 987 355 1009 mus
366 1000 377 1016 ,
401 981 452 1018 qui
476 974 527 1008 hoc
537 971 602 1017 ipfh
613 974 650 1007 de
668 981 721 1016 ope
732 972 827 1013 nostra
839 996 851 1013 ‚
878 982 914 1010 ac
935 973 973 1005 de
984 973 1102 1011 Divina
1125 978 1179 1006 mi-

282 1025 519 1070 sericordiaplus
530 1032 684 1063 merentur
696 1047 708 1063 ‚
734 1024 818 1066 quad
828 1027 861 1055 in
879 1027 978 1064 primo
996 1022 1104 1062 statim
1125 1035 1177 1056 na·

284 1081 422 1111 civitatis
439 1075 508 1120 suae
532 1082 614 1109 ortus
636 1075 794 1117 plorantes
819 1071 969 1114 &flentes
996 1071 1075 1106 nibil
1092 1074 1180 1111 aliud

110 1125 248 1166 Epist-23·
277 1126 425 1173 faciunt,
451 1138 544 1170 quam
565 1126 765 1168 deprecantur
786 1150 793 1157 .
822 1124 867 1158 Et
884 1121 951 1163 hoc
977 1123 1084 1158 Sancti
1109 1124 1175 1167 Cy-

283 1176 569 1221 prianiSynodale
581 1176 748 1211 decretum
771 1173 883 1209 laudat
909 1185 948 1209 ac
959 1173 1075 1218 probat
1098 1173 1176 1208 San-

283 1229 353 1262 stus
363 1226 571 1273 Augustinus
595 1227 631 1261 in
643 1225 781 1270 epistola
801 1224 843 1258 ad
867 1224 1081 1263 Bonifacium
1098 1223 1177 1268 Epi-

281 1278 438 1321 scopum,
463 1289 501 1313 ac
522 1276 597 1313 aliis
620 1277 654 1310 in
668 1276 766 1313 locist

330 1327 443 1363 Iterim
453 1338 595 1366 errorem
606 1324 695 1364 hunc
709 1326 745 1361 in
757 1325 878 1363 Latina
897 1325 1042 1363 Ecclesia
1056 1334 1173 1361 neuter

278 1377 375 1424 plene
394 1377 555 1413 exstinxit
577 1403 584 1413 ,.
612 1378 717 1413 Lucet
737 1387 779 1415 ex
793 1377 926 1423 vquinto
949 1377 1093 1411 Canone
1104 1377 1172 1410 Ge-

277 1430 448 1464 rundenfis
465 1428 615 1477 Synodi:
643 1432 691 1465 De
699 1429 867 1473 parvulis,
894 1432 947 1470 qui
967 1428 1080 1470 nuper?
1107 1439 1173 1459 ma-

277 1487 359 1513 terno
378 1490 458 1513 utero
474 1478 547 1522 sunt
568 1479 665 1518 editi,
687 1479 804 1523 placuit
831 1477 986 1519 constitui,
1012 1485 1044 1513 ut
1049 1476 1080 1519 fi
1085 1477 1171 1519 infir·

275 1537 342 1569 mi,
370 1540 403 1568 ut
421 1530 516 1573 affivlet
527 1554 539 1570 ‚
560 1529 702 1579 fuerint,
722 1529 757 1565 (δ’
770 1529 816 1563 lac
835 1537 1006 1561 maternum
1036 1538 1095 1560 non
1117 1534 1171 1567 ap-

270 1587 405 1622 petunt,
431 1585 521 1614 etiam
543 1580 647 1614 eadem
665 1579 715 1611 die
728 1600 738 1615 ,
767 1587 828 1617 qua
839 1580 905 1609 nati
920 1574 1017 1619 sunt,
1039 1573 1170 1617 fioblati

269 1629 406 1673 fuerint,
420 1629 626 1671 baptizentur.
654 1627 698 1664 Et
711 1626 848 1662 Sanctus
867 1623 1063 1666 Anglorum
1074 1622 1167 1665 Apo-

275 1678 380 1714 stolus
390 1679 597 1722 Augustinus
617 1674 658 1708 ad
672 1675 838 1716 Magnum
851 1670 1053 1713 Gregorium
1078 1678 1164 1704 retu-

276 1727 316 1763 lit
336 1727 422 1765 hanc
441 1726 654 1772 quaestionem
666 1735 677 1757 .·
703 1723 911 1765 Sipraegnans
935 1719 1043 1753 mulier
1055 1717 1166 1753 debeat

276 1779 459 1821 baptizari,
485 1783 537 1811 aut
555 1774 711 1818 postquam
725 1776 864 1816 genuerit
892 1792 904 1811 ‚
925 1767 991 1813 post
1016 1776 1166 1812 quantum

275 1837 394 1871 tempus
403 1828 484 1873 pomi
504 1824 665 1869 ,Ec-cleſsam
683 1828 800 1858 intrare
812 1822 825 1857 ?
853 1824 912 1855 Aut
922 1824 1014 1855 etiam
1025 1829 1062 1854 ne
1074 1826 1166 1853 morte

272 1885 493 1924 praeoccupetur
506 1876 587 1918 quod
589 1878 730 1919 genuerit
744 1896 756 1914 ‚
778 1869 841 1914 poll
852 1878 919 1914 quot
940 1869 1005 1902 dies
1017 1867 1068 1902 boc
1077 1869 1165 1903 liceat

270 1926 351 1976 sacri
371 1925 572 1971 Baptismus
599 1927 794 1958 sacramenta
822 1925 974 1961 percipere
998 1918 1015 1951 ?
1044 1919 1088 1953 Et
1122 1918 1163 1953 ad

276 1987 448 2023 utramque
460 1968 868 2019 quaestionem-Gregorius
887 1966 1072 2011 respondit:
1101 1970 1165 2000 Ba-

202 2034 210 2044 ’
271 2031 388 2075 ptizari
401 2026 452 2060 vel
458 2029 581 2060 enixam
589 2022 763 2059 mulierem,
790 2019 841 2053 vel
852 2017 903 2052 boc
914 2019 996 2063 quod
1002 2023 1162 2061 genuerit,

269 2078 332 2124 fine
342 2081 447 2117 mora,
465 2074 497 2120 fi
501 2079 606 2110 mortis
627 2072 757 2117 periculo
765 2077 908 2114 urgetur,
933 2066 1060 2111 velipfit
1087 2067 1162 2102 bora

275 2132 394 2169 cadem,
420 2139 481 2172 qua
485 2130 609 2172 gignit,
636 2123 690 2157 vel
711 2120 763 2155 boc
782 2121 863 2163 quod
866 2125 1029 2164 gignitur,
1055 2118 1161 2153 eadem

276 2193 335 2225 qua
355 2188 460 2214 natum
470 2177 531 2218 cll,
556 2174 634 2210 nullo
656 2173 741 2208 modo
749 2170 924 2214 prohibetur
945 2194 953 2202 .
981 2170 1068 2213 ,Quia
1087 2165 1161 2209 ficut

270 2231 373 2277 sanc‘Ii
384 2228 612 2272 mysteriigratia
624 2218 801 2259 viventibus
824 2230 913 2265 atque
924 2217 1161 2263 discernentibus

275 2291 460 2325 cummagno
470 2277 643 2322 discretione
653 2275 690 2316 est
696 2272 911 2317 providenda,
935 2276 983 2319 μα
1002 2269 1071 2312 his,
1097 2277 1160 2314 qui-

273 2334 327 2366 bus
337 2343 416 2366 mors
434 2334 590 2368 imminet,
612 2326 675 2370 fine
685 2326 747 2359 ulla
758 2323 901 2358 dilatione
917 2320 1078 2363 offerenda
1101 2322 1140 2362 est
1150 2343 1161 2360 ‚

273 2385 392 2417 nedum
415 2379 517 2415 adhuc
532 2386 650 2421 tempus
671 2377 717 2409 ad
722 2375 924 2419 praebendum
951 2373 1160 2415 redemptionis

274 2433 434 2473 mysterium
445 2435 589 2475 quaritur
602 2453 613 2469 ,
640 2431 861 2462 interveniente
866 2424 1025 2468 paululum
1050 2430 1160 2464 morte,

274 2488 407 2517 inveniri
424 2494 483 2516 non
494 2482 597 2515 valeat
606 2483 657 2522 qm·
667 2478 849 2511 redimatur.
879 2474 961 2521 Qae
981 2474 1094 2508 omnIa
1117 2474 1162 2507 al-

275 2533 463 2568 teclamant
483 2531 524 2565 de
535 2528 697 2564 infantilis
723 2527 808 2562 intra
833 2526 957 2570 primos
979 2523 1161 2558 nativitatis

277 2582 348 2617 dies
357 2582 427 2616 dati
439 2580 645 2623 baptismatis
655 2578 765 2612 valore
776 2588 857 2611 tunc
871 2575 1000 2618 aliquos
1012 2574 1161 2617 cespitas-

276 2633 310 2667 se
322 2657 331 2666 .
358 2629 484 2666 Verum
495 2629 560 2663 fine
571 2625 807 2662 fundamento.
835 2625 930 2672 Qu
943 2622 1048 2657 immo
1069 2622 1158 2666 qudd

276 2681 378 2717 etiam
390 2680 475 2715 intra
484 2689 612 2714 uterum
633 2679 723 2712 faetus
739 2674 847 2710 valide
867 2673 1068 2718 baptizetur,
1093 2684 1157 2707 ma-

276 2733 336 2777 gni
357 2732 522 2767 Doctores
535 2729 715 2763 affirmant.
743 2726 824 2761 Hax:
841 2724 887 2758 est
914 2724 977 2758 alia
1003 2723 1157 2767 quaestio.

276 2781 316 2816 In
338 2781 420 2817 sexti
433 2776 765 2825 AncyraniCanonis
790 2775 1032 2811 commentario
1044 2771 1158 2808 Theo-

276 2832 376 2868 dorus
388 2831 563 2866 Balsamon
578 2828 722 2873 sequitur
740 2836 862 2871 partem
875 2825 1062 2869 negativam
1073 2849 1080 2856 .

325 2883 402 2918 Fidi
422 2879 575 2925 Episcopi
593 2890 680 2913 error
701 2876 864 2923 graffitus
876 2876 960 2910 olim
980 2874 1044 2909 fuit
1055 2874 1156 2909 etiam

277 2932 361 2976 apud
374 2933 524 2968 Graecos.
555 2930 735 2965 Etenimin
754 2928 872 2971 scripta
892 2926 933 2960 ad
952 2923 1157 2968 Stephanum

278 2982 407 3018 fratrem
445 2984 539 3017 suum
575 2981 610 3015 ἀ
645 2975 1056 3020 constantinopolitanum
1097 2975 1156 3009 Pa-

278 3032 452 3068 triarcham
478 3031 608 3066 novella
629 3030 701 3075 lege
736 3027 835 3062 habet
872 3027 1049 3070 Imperator
1085 3025 1157 3059 Leo

268 3080 403 3123 :sapiens
415 3097 425 3116 .-
452 3085 497 3117 De
517 3081 690 3124 infantibus
705 3078 904 3121 constituimus
916 3102 927 3118 ,
952 3084 985 3109 ut
990 3074 1018 3118 fi
1034 3087 1091 3108 non
1112 3081 1157 3109 in-

282 3134 462 3174 quietentur,
486 3129 669 3176 inimicosque
681 3140 801 3164 naturae
810 3127 893 3172 casus
914 3126 1077 3171 superent,
1103 3138 1156 3159 an·

283 3187 401 3223 tequam
422 3189 528 3224 gratiae
550 3182 706 3227 splendore
732 3179 911 3221 illustrentur
934 3202 946 3218 ,
971 3175 1156 3220 quadragesi-

286 3241 350 3264 mus
376 3231 441 3262 dies
462 3233 623 3273 expelletur
637 3258 645 3266 .
671 3229 912 3274 Consentaneum
939 3239 1067 3270 namque
1094 3226 1155 3267 est,

286 3289 321 3314 ἰθ
331 3279 572 3323 quemadmodum
585 3283 683 3323 faetus
706 3283 911 3325 quadraginta
935 3278 1037 3312 diebus
1049 3283 1083 3310 in
1104 3288 1156 3309 na·

287 3340 364 3364 turae
388 3337 518 3363 mterno
541 3334 713 3370 receptaculo
734 3332 830 3374 plane
862 3328 1062 3372 informantur
1087 3351 1098 3368 ‚
1131 3338 1155 3359 ic

284 3386 377 3417 etiam
401 3385 434 3413 in
459 3377 566 3422 aquali
591 3378 702 3412 dierum
727 3392 843 3415 numero
866 3386 899 3416 in
912 3383 1036 3415 Divinae
1051 3379 1155 3423 gloriae

110 3146 185 3181 Lege
204 3151 247 3177 ¹7·

909 89 1546 133 DISSERTATIO

1254 167 1367 202 donum
1372 168 1553 209 procedant,
1578 168 1611 199 si
1622 175 1724 202 tamen
1745 169 1894 207 &offam
1918 176 1939 207 ὰ
1959 184 2058 218 partu
2085 177 2134 210 die

1254 216 1414 259 baptizare
1424 218 1533 259 aliquis
1551 218 1649 257 volet,
1674 228 1763 259 neque
1784 220 1821 252 id
1839 220 2003 267 abluam
2014 226 2114 268 fuerit
2126 252 2135 259 ,

1237 287 1238 290 =
1254 269 1401 300 Dominus
1409 272 1490 300 enim
1501 266 1591 306 noller
1604 266 1740 306 Christus
1748 263 1854 301 olavo
1863 270 1913 302 die
1928 268 2109 319 chmsus
2124 301 2137 316 ‚

1255 316 1383 360 impolito
1393 314 1666 358 circumcifionefine
1678 340 1690 358 ,
1710 325 1769 361 pro
1788 316 1845 351 hac
1871 317 1991 360 vivifico
2014 325 2136 369 Baptifi

1254 379 1301 400 mo
1311 373 1431 400 initiari
1441 368 1578 408 conceffit.
1604 370 1713 402 Verum
1735 367 1800 402 baec
1810 368 1966 402 obtineant
1980 394 1991 411 ,
2008 369 2038 412 fi
2057 376 2137 409 ntdlae

1254 417 1395 457 necessitas
1415 442 1427 459 ,
1451 428 1518 461 quae
1541 425 1663 451 mortem
1687 423 1818 454 minetur
1841 441 1852 458 ,
1876 418 1987 460 exiliat
2008 444 2015 452 .
2054 424 2095 454 At
2111 423 2141 465 fi

1248 469 1414 510 periculum
1440 469 1563 511 aliquod
1586 480 1734 513 emergens
1756 474 1821 503 vim
1846 474 1924 504 vitae
1948 469 2100 511 inferatur·
2126 497 2140 514 ‚

1252 525 1330 551 omni
1343 519 1504 563 diligentia
1515 517 1700 563 omnibusque
1713 512 1830 554 viribus
1838 524 1931 555 etiam
1955 522 2040 554 intra
2062 521 2140 555 oda·

1252 580 1326 603 vum
1336 570 1416 606 diem
1420 575 1531 613 peragi
1534 568 1656 612 sacram
1665 571 1804 603 lotionem
1826 569 1995 612 oportebit,
2020 582 2056 604 ne
2078 583 2139 606 non

1250 620 1458 666 illuminatur,
1483 631 1577 663 neque
1598 618 1679 667 sacri
1699 621 1839 661 lavacri,
1865 629 1957 664 atque
1968 622 2042 655 adea
2056 620 2138 664 sum-

1248 676 1293 703 mi
1303 669 1369 702 boni
1378 679 1485 713 expers
1492 678 1604 713 partus
1629 672 1752 704 decedat
1767 697 1776 708 ,.
1802 670 1918 707 Palam
1939 670 2077 706 affirmat
2102 672 2139 707 &

1248 719 1384 756 damnat
1395 721 1495 755 etiarn
1508 720 1725 764 periclitantes
1740 720 1780 755 de
1792 720 1858 756 vita
1878 721 2020 756 infantes
2034 721 2052 757 a
2064 723 2138 764 qui·

1249 767 1384 809 busdam
1407 782 1478 809 non
1501 770 1596 810 fuisse
1622 770 1708 809 intra
1734 772 1886 809 octavum
1916 772 2006 837 die4m
2032 771 2138 818 bapti·

1247 829 1339 857 Z2t05
1351 846 1359 859 r

1281 870 1422 910 2Erroris
1433 871 1578 907 radicem
1591 871 1692 915 aperit
1713 870 1769 907 hic
1784 897 1795 914 ,
1821 883 1920 917 quem
1943 872 2007 907 suae
2027 872 2132 917 epito-

1246 932 1306 955 mae
1328 921 1463 955 inseruit
1483 921 1725 957 Constantinus
1745 922 2042 966 Harmenopulus,
2070 922 2135 958 Ca-

1245 982 1316 1005 non
1327 969 1437 1005 Sancti
1450 967 1635 1013 Nicephori
1646 970 1839 1006 Patriarchae
1850 971 2135 1016 Constantinopo-

1245 1020 1363 1055 litani:
1390 1022 1422 1053 si
1434 1020 1542 1057 mulier
1559 1024 1715 1061 perperit,
1741 1019 1897 1061 &infans
1911 1027 1944 1054 in
1958 1022 2134 1064 periculoefi
2164 1015 2177 1032 ⁸

1243 1073 1264 1108 ἁ
1275 1071 1374 1116 tribus
1383 1079 1438 1104 aut
1450 1078 1577 1113 quatuor
1586 1069 1695 1106 diebus
1708 1093 1720 1110 ,
1742 1077 1819 1114 puer
1829 1070 1948 1114 quidem
1951 1079 2009 1113 per
2019 1070 2135 1115 baptis-

1243 1133 1324 1156 mum
1344 1123 1527 1155 illuminator
1550 1144 1562 1160 ,
1583 1117 1641 1166 scd
1662 1120 1726 1155 alia
1750 1121 1852 1154 mulier
1879 1142 1890 1160 ‚
1915 1119 2073 1162 baptizata
2095 1123 2132 1157 ὁ·

1243 1173 1357 1207 munda
1366 1196 1378 1213 ,
1389 1170 1518 1207 lactabit
1530 1182 1598 1206 eum
1610 1195 1618 1203 .
1647 1173 1749 1205 Mater
1759 1179 1861 1206 autem
1870 1169 2032 1206 cubiculum
2043 1169 2129 1214 nostias

1232 1233 1301 1259 ,non
1310 1223 1493 1267 ingreditor,
1521 1226 1554 1256 in
1566 1231 1622 1262 quo
1627 1228 1703 1264 puer
1710 1222 1795 1262 jacet
1804 1245 1816 1262 ‚
1839 1219 1930 1265 usque
1943 1223 1988 1255 ad
1996 1221 2134 1263 quadras

1236 1273 1374 1319 gesimam
1385 1273 1487 1311 diem,
1514 1272 1587 1304 dum
1595 1279 1729 1315 purgata
1749 1269 1862 1317 scilicet
1886 1270 2105 1314 integresuerit
2117 1294 2131 1312 ‚

1240 1325 1275 1357 ὁ·
1281 1333 1388 1366 preces
1410 1324 1431 1356 ἃ
1453 1322 1609 1358 Sacerdote
1631 1327 1821 1363 impetrarit.
1848 1325 1915 1355 Nec
1934 1323 2132 1363 omninopue-

1240 1384 1306 1409 rum
1327 1377 1493 1416 continget.
1523 1371 1553 1406 E
1566 1370 1749 1406 rationibus
1762 1395 1773 1413 ‚
1798 1369 1844 1404 ob
1857 1382 1937 1416 quas
1955 1370 2130 1416 aliquinee

1241 1421 1461 1458 moribundos
1481 1422 1666 1456 infantulos
1686 1420 1863 1456 censebant
1886 1420 2129 1464 baptizandos,

1238 1484 1304 1509 una
1328 1474 1393 1508 fuit
1413 1471 1527 1508 matris
1545 1497 1556 1513 ‚
1583 1482 1654 1515 quae
1671 1471 1747 1505 illos
1767 1471 1801 1506 δε
1824 1469 1937 1507 laetare
1958 1470 1994 1505 δι’
2015 1471 2129 1506 fovere

1238 1523 1400 1564 debebat,
1427 1521 1641 1557 immunditia
1662 1532 1669 1555 ι
1700 1521 1856 1556 Tantum
1878 1520 2128 1557 Sacramentum

1237 1571 1413 1607 censebant
1433 1572 1484 1605 illi
1508 1583 1577 1604 non
1600 1569 1801 1608 credendum
1827 1580 1884 1605 aut
1913 1570 2128 1606 commiscen-

1236 1621 1336 1655 dum.
1366 1621 1411 1655 Et
1434 1617 1474 1653 ad
1489 1617 1554 1654 haec
1573 1619 1789 1654 incommoda
1811 1619 1965 1655 evitanda
1988 1622 2128 1656 Sanctus

1236 1666 1449 1708 Nic-ephorus
1469 1677 1512 1699 ex
1526 1669 1642 1701 mortis
1662 1676 1753 1702 metu
1767 1668 1967 1712 baptizatum
1978 1670 2126 1704 infantu-

1237 1715 1307 1749 lum
1332 1713 1440 1748 sanxit
1462 1714 1677 1757 separandum
1695 1715 1737 1748 ab
1757 1717 1927 1750 immunda
1939 1729 2060 1758 matre,
2087 1719 2123 1754 &

1236 1763 1277 1799 ab
1289 1764 1351 1798 alia
1372 1762 1537 1807 baptizata
1559 1775 1597 1797 ac
1616 1763 1740 1798 munda
1762 1764 1944 1799 lactandum
1967 1775 2064 1811 atque
2075 1767 2124 1801 fo-

1235 1815 1382 1849 vendum
1404 1838 1413 1849 .
1439 1813 1490 1847 Ita
1516 1814 1548 1849 &
1572 1824 1672 1858 puero
1698 1815 1732 1847 &
1758 1815 1960 1850 sacramento
1982 1816 2124 1853 credidit

1234 1865 1451 1909 undequaque
1463 1863 1630 1905 provisum
1645 1888 1652 1896 .
1679 1863 1780 1899 Hanc
1794 1874 1902 1901 tamen
1911 1865 2121 1910 disciplinam

1233 1914 1427 1960 posteriores
1439 1911 1542 1952 Graeci
1566 1912 1804 1949 aboleverunt.
1832 1915 1966 1950 Etenim
1990 1917 2026 1950 in
2044 1917 2122 1959 Jure

1234 1965 1371 1999 Graeco-
1392 1963 1551 1997 Romano
1576 1961 1680 1998 exstat
1705 1962 1770 1998 hoc
1796 1964 2001 2008 Responsum
2028 1965 2119 2001 Petri

1232 2014 1380 2050 Diaconi
1406 2012 1774 2058 Constantinopolitani
1811 2014 1846 2048 δε
1873 2013 2118 2059 Chartophyla-

1231 2065 1297 2100 cis:
1324 2067 1356 2100 si
1364 2064 1538 2106 baptizatus
1557 2061 1597 2106 fit
1624 2062 1752 2106 infans,
1779 2075 1820 2096 an
1839 2063 1946 2098 latiari
1973 2066 1993 2097 ἃ
2018 2074 2122 2100 ηιαενεΔ

1226 2112 1284 2159 sua
1309 2115 1393 2149 debet
1419 2112 1516 2148 adbuc
1540 2114 1695 2148 immunda
1723 2114 1740 2147 ‚2
1766 2112 1935 2158 Respondeo
1959 2139 1970 2156 ‚
1997 2116 2117 2150 omnin&

1228 2164 1352 2199 ladabit
1362 2164 1535 2210 infantm‚
1562 2176 1598 2200 ne
1613 2172 1735 2208 pereat.
1763 2164 1922 2200 Alienum
1945 2165 2036 2199 enim
2063 2166 2117 2201 lae

1229 2226 1375 2251 recentes
1401 2215 1444 2250 ab
1468 2226 1562 2250 utero
1588 2215 1713 2259 parvuli
1739 2215 1845 2250 solent
1870 2215 2035 2250 aversari.
2070 2215 2116 2250 Et

1227 2266 1362 2302 Sanctus
1388 2265 1601 2311 Nicephorus
1633 2264 1763 2300 addidit
1789 2264 1879 2300 hunc
1915 2263 2116 2300 Canonem:

1227 2317 1366 2359 Infantes
1392 2328 1450 2350 non
1478 2318 1648 2358 baptizatos
1674 2313 1795 2358 absente
1809 2316 1963 2350 sacerdote
1977 2315 2115 2359 baptizet

1226 2374 1254 2401 is
1267 2392 1278 2409 ‚
1304 2374 1355 2411 qui
1366 2376 1501 2409 repertus
1505 2367 1625 2409 fuerit.
1652 2367 1746 2410 ‚Quod
1757 2365 1788 2407 fi
1790 2374 1882 2408 pater
1894 2363 2034 2409 ipsemet,
2061 2365 2116 2399 vel

1225 2425 1330 2461 quivis
1349 2417 1432 2451 homo
1451 2417 1638 2459 Christianus
1667 2428 1713 2451 eos
1738 2415 1969 2460 baptizaverit,
1995 2417 2111 2450 nullum

1226 2475 1259 2501 in
1268 2480 1299 2503 eo
1307 2477 1462 2511 peccatum
1471 2469 1662 2502 admittitur.
1691 2467 1735 2501 Et
1761 2465 2003 2501 Constantinus
2022 2465 2111 2500 Har«
2149 2479 2152 2483 >

1225 2519 1421 2562 menopulus
1445 2517 1537 2554 addit
1563 2517 1629 2553 hoc
1642 2516 1823 2551 scholion:
1851 2515 2026 2558 Infantem,
2052 2517 2108 2556 qut

1225 2578 1351 2614 aegrotat
1364 2594 1375 2611 ‚
1400 2568 1547 2611 confestim
1572 2568 1722 2611 baptizari
1744 2567 1912 2611 permiffum
1935 2565 1974 2606 est
1989 2589 2001 2605 ‚
2029 2562 2108 2597 rell?

1225 2621 1375 2654 valentem
1396 2619 1460 2662 post
1485 2616 1735 2662 quadragesimum
1759 2619 1780 2649 ᾶ
1805 2620 1971 2649 nativitate
1988 2631 1989 2634 κ
2006 2614 2111 2646 diem.v

1224 2671 1339 2704 Beatus
1362 2680 1462 2704 autem
1469 2673 1503 2715 J
1505 2680 1614 2702 oannes
1635 2666 1674 2710 lic
1697 2673 1766 2699 ait:
1791 2667 1922 2697 Puerum
1931 2662 2031 2696 morbo
2055 2663 2106 2696 de-

1222 2729 1356 2762 tentum,
1376 2722 1504 2762 jamque
1530 2724 1617 2751 morti
1637 2720 1826 2758 proximum,
1847 2711 1877 2754 fi
1891 2717 1974 2745 trina
1985 2712 2106 2746 dumea·
2137 2720 2139 2723 ⁴

1223 2780 1280 2804 και
1291 2769 1487 2812 immersione,
1513 2779 1550 2801 ne
1570 2772 1768 2809 praeripiatur
1794 2762 1949 2803 metuens,
1971 2761 2112 2804 perfice-⁴

1221 2826 1285 2862 rit,
1310 2831 1368 2854 non
1379 2816 1498 2859 opusest
1511 2824 1544 2850 ut
1553 2819 1690 2856 deinceps
1697 2823 1800 2856 preces
1815 2836 1826 2853 ,
1851 2823 1927 2855 quas
1947 2811 2041 2854 omifit
2066 2813 2103 2847 &¹

1220 2867 1398 2912 ‘aphorismos
1434 2868 1547 2910 integre
1577 2864 1738 2909 suppleat.
1778 2863 1847 2898 Hic
1873 2862 1920 2896 est
1958 2862 2105 2905 Joannes

1220 2930 1352 2965 quartus
1378 2914 1563 2951 Patriarcha
1600 2911 2021 2956 Constantinopolitanus‚
2047 2921 2104 2944 co·

1220 2979 1405 3016 gnomento
1426 2968 1612 3012 Jejunator.
1640 2965 1710 2999 Hic
1721 2965 1786 2998 fine
1809 2962 1974 2998 consuetis
1994 2961 2101 2994 sacro-

1220 3033 1292 3055 rum
1314 3021 1438 3054 rituum
1473 3017 1671 3051 vestimentis
1697 3040 1708 3056 ‚
1733 3014 1864 3048 Sanetus
1891 3008 2100 3055 Nicephorus

1221 3073 1319 3106 etiam
1331 3070 1348 3104 ὲ
1359 3069 1490 3114 proprio
1503 3077 1590 3112 patre
1602 3065 1682 3101 citra
1693 3062 1908 3099 contrahendi
1928 3060 2095 3095 matrimo-

1223 3122 1318 3157 nialis
1339 3120 1567 3163 impedimenti
1593 3116 1775 3161 periculum
1801 3111 1934 3148 mandat
1959 3120 2099 3156 aegrotos

1221 3171 1358 3206 infantes
1370 3168 1485 3214 quovis
1496 3178 1639 3212 tempore
1661 3164 1834 3210 baptizari:
1864 3161 2018 3205 Uterque
2037 3172 2098 3195 no-

1223 3232 1308 3256 verat
1330 3219 1528 3255 Sacramenti
1540 3216 1756 3252 necessitatem
1768 3239 1776 3246 .
1803 3210 1870 3250 Sub
1886 3209 2096 3246 iconoclasti-

1221 3284 1261 3307 co
1286 3274 1321 3307 &
1337 3270 1468 3306 turbido
1489 3268 1613 3303 Leonis
1625 3264 1775 3301 Armenii
1797 3263 1939 3306 Imperio
1960 3260 2094 3299 floruit,

1221 3324 1253 3357 &
1275 3323 1321 3358 ob
1334 3319 1566 3356 Orthodoxam
1590 3317 1705 3351 Fidem
1726 3315 1914 3357 deportatus
1937 3310 1998 3346 fuit
2017 3309 2094 3342 san-

1222 3376 1289 3409 &us
1300 3369 1508 3416 Nicephorus
1520 3393 1532 3411 ‚
1558 3369 1697 3411 ideoque
1707 3365 1775 3410 ejus
1786 3364 1930 3419 Decretq
1950 3370 2019 3395 non
2030 3357 2093 3417 suit

1919 3418 2046 3452 integre
