2352 3736
118 2377 148 2413 L.
158 2385 253 2413 1.c.45.
287 2372 454 2412 ostendunt
471 2384 563 2414 quam
575 2371 674 2411 [αῇέἵέ
685 2381 795 2407 vivant
805 2399 815 2415 ,
843 2375 939 2417 quide
952 2374 1083 2406 omnibus
1095 2375 1172 2408 male

284 1317 509 1365 >vigilantius
530 1336 538 1356 τ
564 1325 606 1359 ad
627 1326 781 1360 Latinam
801 1325 978 1359 Ecclefiam
1001 1322 1180 1357 extendere

384 150 446 200 14

444 229 998 331 'caeuTaw

310 441 563 509 Exponnntur
587 445 740 505 antiqua
763 435 955 485 clericalis
969 436 1190 488 castimonie

513 510 618 578 apud
627 511 788 557 Latinos
801 505 963 558 vulnera
976 543 990 560 .

381 667 516 705 Rimum
526 668 682 705 Clericali
703 669 789 715 apud
805 670 942 705 Latinos
965 668 1104 705 castitati
1118 669 1188 703 vul-

404 730 464 754 nus
484 720 676 755 inflixerunt
702 721 906 766 Vigilantius
927 722 962 755 dc
989 721 1187 765 Jovinianus

306 768 532 807 hareflarchae.
559 769 694 806 Etenim
717 771 758 806 de
771 770 964 815 vigilantio
985 771 1095 805 scribit
1109 770 1187 804 San-

297 819 373 856 astus
386 819 633 863 Hieronymus:
661 821 741 855 Proh
763 821 849 863 nefas
864 819 1024 864 Episcopo:
1036 819 1084 863 sui
1101 818 1186 863 scele-

302 874 347 903 ris
359 870 468 903 dicitur
478 869 585 905 babere
594 870 736 916 consortes
749 895 756 903 .
783 874 804 904 5
805 877 816 904 i
829 880 930 905 tamen
942 869 1083 914 Episcopi
1095 877 1186 903 nomi-

302 920 400 952 nandi
404 918 477 962 sunt
487 943 499 960 ,
515 927 574 963 qui
585 932 645 955 non
668 923 812 955 ordinant
823 925 964 954 Diaconos
978 945 990 963 ,
1018 919 1074 961 nifi
1096 922 1184 963 prius

302 979 410 1003 uxores
421 971 582 1012 duxerint,
609 972 683 1006 nulli
694 970 787 1005 coelibi
807 972 958 1006 credentes
973 973 1158 1014 pudicitiam
1173 996 1182 1011 ,

302 1023 359 1052 imo
378 1017 552 1059 ostendentes
574 1033 665 1064 quam
680 1020 784 1066 santi?
807 1028 921 1055 vivant
934 1046 945 1062 ‚
972 1028 1022 1065 qui
1042 1022 1122 1055 malo³
1147 1022 1184 1054 de

301 1070 436 1104 omnibus
439 1068 647 1113 suspicantur,
673 1071 776 1114 &nist
779 1080 977 1116 praegnantes
1003 1083 1110 1106 uxores
1137 1077 1184 1104 vi-

304 1120 404 1156 derint
423 1121 600 1158 clericorum
622 1146 633 1164 ,
659 1120 848 1166 infantesque
874 1123 911 1157 de
936 1123 1017 1156 ulnis
1049 1130 1182 1155 matrum

300 1174 479 1213 vagientes,
505 1170 618 1214 Christi
634 1173 825 1208 Sacramenta
847 1185 905 1207 non
928 1173 1081 1207 tribuunt.
1111 1172 1182 1206 No-

300 1220 549 1264 vasinterdici„
564 1223 708 1267 priorum
722 1225 800 1259 vero
811 1224 999 1267 nuptiarum
1013 1224 1104 1258 usum
1118 1232 1181 1266 per-

299 1269 387 1308 mitti
400 1270 600 1316 Presbyter-is
617 1287 654 1310 ac
666 1276 828 1310 Diaconis
839 1274 1062 1309 Orientalibus
1085 1283 1179 1306 norat

296 1369 381 1405 istud
405 1373 509 1414 ipsum
531 1374 578 1408 est
602 1373 830 1414 machinatus,
854 1383 953 1418 atque
975 1372 1050 1407 ideo
1075 1373 1177 1407 nemi—

295 1430 390 1461 nem,
418 1421 474 1454 nifi
486 1432 582 1458 antea
593 1434 792 1465 uxoratum,
820 1424 927 1457 voluit
949 1422 1174 1458 consecrat-iia

295 1468 507 1512 Diaconum,
532 1473 590 1514 qui
610 1472 765 1515 deinceps
784 1473 987 1506 commercio
1013 1473 1178 1517 conjugali

295 1520 349 1554 vel
368 1518 543 1555 abstineret
562 1533 604 1555 ex
624 1521 762 1556 arbitrio
774 1546 784 1563 ,
811 1522 863 1555 vel
877 1532 1018 1556 uteretur
1031 1547 1038 1554 .
1067 1523 1098 1555 A
1110 1522 1181 1557 Do·

295 1571 391 1605 mino
402 1582 469 1605 non
482 1580 669 1615 praeeeptam
687 1573 890 1607 sanctitatem
902 1572 1010 1607 noluit
1022 1571 1082 1606 ulli
1098 1573 1180 1607 invi-

294 1627 331 1657 to
353 1618 394 1654 ab
405 1621 547 1656 Ecclesia
571 1621 718 1666 imponi.
748 1623 860 1657 Etiam
882 1634 922 1658 ex
934 1623 1062 1665 antiqui
1087 1622 1180 1657 testa—

293 1670 422 1711 menti,
450 1682 548 1715 quam
560 1670 786 1708 Sacerdotibus
797 1685 833 1707 ac
844 1673 970 1708 Levitis
981 1674 1177 1707 commercia

293 1719 352 1758 ista
374 1721 603 1767 indulgentem
626 1724 795 1758 Dominus
816 1736 884 1759 non
909 1723 1051 1758 correxit
1068 1748 1079 1764 ,
1105 1722 1178 1768 lege

291 1768 474 1805 foeditatem
487 1773 576 1807 suam
588 1772 734 1808 defendit
744 1799 752 1807 .
779 1773 940 1819 Coniugii
953 1774 1059 1819 legem
1075 1774 1177 1817 impo-

292 1821 344 1857 nit
355 1821 432 1856 solis
448 1822 609 1857 Diaconis
620 1848 631 1864 ,
658 1824 748 1869 quod
761 1835 877 1868 nempe
889 1824 993 1859 homo
1006 1824 1177 1868 Hispanus

290 1867 384 1917 juxta
405 1872 466 1906 suae
484 1874 613 1916 gentis,
644 1875 863 1909 Subdiaconis
883 1886 985 1909 novas
1009 1874 1108 1910 etiam
1120 1886 1179 1909 nu·

289 1920 468 1967 ptiastunc
481 1924 719 1967 permittentis,
746 1921 1019 1960 consuetudinem
1043 1925 1175 1959 blatera-

290 1979 340 2008 ret
353 1971 388 2006 in
402 1972 534 2015 Gallia,
562 1986 659 2017 atque
679 1976 836 2019 majorem
858 1975 929 2010 istic
950 1976 1174 2010 Subdiacono-

288 2030 362 2059 rum
384 2019 587 2059 sanititatem
610 2037 675 2059 una
687 2036 829 2060 tentaret
853 2037 1010 2061 evacuare
1034 2050 1040 2056 .
1069 2026 1174 2058 Fuisse

289 2081 400 2106 tamen
426 2075 562 2109 natione
583 2075 720 2110 Gallum
742 2100 753 2116 ,
779 2077 820 2110 ad
842 2075 1116 2110 Barchinonenfis
1137 2076 1171 2108 in

289 2121 453 2165 Hispania
467 2123 636 2159 Perochiae
655 2129 831 2166 restorem,
861 2136 958 2168 atque
982 2125 1025 2159 ita
1050 2136 1118 2159 non
1131 2124 1172 2159 ab

289 2168 442 2215 Hispano
453 2173 597 2207 Galliam
610 2198 620 2213 ,
647 2177 700 2209 sed
712 2177 730 2209 ὲ
746 2176 846 2210 Gallo
857 2177 1053 2219 Hispaniam
1075 2175 1172 2209 foeda·

289 2230 357 2255 tam
378 2246 387 2262 ,
414 2223 550 2257 affirmat
575 2225 607 2257 in
633 2226 775 2258 virorum
795 2250 798 2255 .
815 2227 989 2260 illustrium
1015 2226 1179 2269 catalogo.
1198 2242 1201 2245 ·

289 2270 394 2306 homo
410 2272 526 2307 Gallus
538 2273 732 2308 Gennadius
744 2275 951 2309 Massiliensis
965 2300 971 2306 .
998 2275 1081 2308 Haec
1096 2276 1173 2308 San·-
1199 2282 1202 2286 ·

288 2323 328 2355 isti
341 2321 542 2365 Hieronymi
550 2321 590 2356 de
602 2323 738 2358 sedunis
751 2323 791 2357 ab
805 2325 874 2367 ipso
886 2325 1055 2367 Episcopis
1067 2323 1172 2365 verba,

281 2420 493 2465 suspicantur,
519 2424 656 2466 exponit
691 2424 724 2458 in
739 2423 950 2458 Constantini
972 2422 1114 2468 Augusti
1129 2426 1170 2458 vi—

288 2480 321 2506 ta
330 2472 488 2506 Eusebius
501 2473 704 2507 Caesareenfis
716 2474 855 2507 scribens
867 2474 908 2507 de
919 2475 1055 2516 Licinio
1068 2475 1167 2509 Caesa-

289 2532 342 2556 re:
371 2524 505 2555 Licinius
517 2547 526 2562 ,
550 2529 648 2555 animo
663 2530 695 2556 in
706 2535 819 2557 omnem
830 2529 1092 2566 intemperantiam
1102 2524 1168 2566 effu—

285 2570 318 2615 so
330 2573 481 2613 praeditus
493 2593 503 2610 ,
529 2578 670 2606 eximiam
689 2573 863 2612 castimoniae
887 2580 1032 2607 virtutem
1046 2581 1169 2617 negavit

292 2622 459 2655 bominibus
483 2622 566 2665 inesse
586 2624 682 2666 poffffi
709 2625 887 2666 aliorumque
906 2633 1045 2658 naturam
1065 2637 1102 2658 ex
1111 2623 1169 2668 sua

293 2670 401 2713 vitiosa
413 2681 508 2706 mente
514 2670 683 2716 spellavit.

342 2722 453 2755 Etiam
475 2723 516 2756 de
526 2723 703 2766 Joviniano
716 2745 726 2764 -,
753 2723 1008 2759 Mediolanensi‘s
1022 2725 1170 2760 Ecclefiae

293 2770 435 2815 primum
461 2772 656 2814 Monacho,
685 2773 804 2808 deinde
826 2775 957 2809 Clerico
971 2774 1171 2810 scribitinli-

293 2821 352 2855 bro
372 2821 525 2857 adversus
536 2822 760 2868 Vigilantium
779 2824 911 2861 Sanetus
923 2825 1168 2868 Hieronymus:

294 2873 445 2914 ,Quomodo
455 2872 634 2914 Euphorbus
655 2879 687 2906 in
699 2874 862 2918 Pythagora
881 2885 1003 2909 renatus
1012 2877 1062 2918 effe
1070 2875 1168 2917 perbi-

295 2922 399 2962 batur,
419 2921 513 2963 ficin
527 2925 687 2967 Vigilantio
699 2928 869 2970 Jovinlam'
890 2938 973 2959 mens
992 2935 1097 2968 prava
1105 2924 1171 2968 sur-

296 2975 389 3001 rexit·
418 2973 459 3008 Et
478 2972 512 3007 in
535 2973 648 3009 litteris
671 2976 710 3009 ad
734 2975 926 3011 Himerium
948 2975 1169 3019 Archiepisco-

297 3029 375 3060 pum
400 3018 681 3058 Tarraconensem
713 3024 799 3068 Papa
824 3025 958 3060 Siricius
980 3040 990 3059 :
1021 3027 1169 3059 Plurimos

296 3068 464 3100 sacerdotes
485 3072 590 3113 christi
611 3084 699 3117 atque
709 3078 838 3109 Leviras
854 3099 865 3116 ,
887 3075 950 3117 post
971 3076 1058 3120 longa
1076 3074 1170 3119 conse-

295 3122 435 3150 orationis
453 3115 515 3160 [Μ
538 3128 666 3162 tempora
685 3132 749 3158 tam
767 3127 802 3160 de
826 3124 994 3169 conjugibus
1011 3131 1145 3168 propriis
1159 3151 1169 3166 ‚

298 3178 390 3208 ,quam
402 3172 494 3200 etiam
506 3169 543 3200 de
553 3177 632 3210 turpi
648 3181 718 3206 coitu
722 3173 847 3217 sobolem
857 3176 1013 3208 didicimus
1021 3174 1170 3218 procreas-

297 3214 330 3259 se
352 3240 363 3256 ‚
390 3217 423 3253 (ν
443 3221 552 3250 crimen
567 3216 653 3260 suum
673 3220 726 3253 bac
744 3223 963 3268 praeftriptione
988 3225 1168 3268 defendere,

302 3271 375 3308 quia
393 3270 426 3298 in
437 3271 530 3300 veteri
542 3266 721 3307 Testamento
742 3272 942 3309 Sacerdotibus
970 3287 1004 3308 ac
1026 3274 1168 3314 Minist‘ris

298 3317 466 3360 generandi
478 3315 614 3357 facultas
641 3320 746 3362 legitur
768 3324 915 3356 attributa
941 3349 947 3357 .
986 3328 1074 3358 Dicat
1096 3324 1169 3357 mibi

303 3375 381 3398 nunc
391 3364 519 3408 quisquis
529 3368 576 3399 ille
586 3366 622 3405 est
628 3365 756 3409 sedator
774 3369 930 3404 libidinum
950 3382 1169 3417 praeceptorque

305 3419 442 3452 vitiorum
453 3438 463 3454 ,
482 3415 512 3457 fi
518 3415 641 3459 aestimat
651 3419 731 3462 quod
738 3423 770 3451 in
781 3420 840 3466 lege
851 3420 947 3463 Moysis
964 3425 1065 3466 paffim
1073 3423 1169 3470 sacris

654 136 855 182 Pinna
889 132 1285 181 Pacci-:Mutus
1322 133 1623 186 Dlssena-‘A
1639 154 1760 200 1¹10,

1196 235 1199 238 >
1247 217 1409 251 vordinibus
1421 219 1442 249 ἃ
1456 222 1581 255 Damno
1587 223 1699 257 laxata
1706 223 1781 268 funt
1784 225 1893 267 frena
1904 227 2036 261 hixuriae
2051 250 2062 267 ,
2087 236 2140 259 eur

1249 278 1301 304 ,eos
1328 292 1340 308 ,
1373 268 1481 309 quibus
1506 274 1762 308 committebantur
1787 277 1897 310 Santla
1921 277 2095 311 Sam‘lorum
2114 298 2126 316 ,

1248 325 1414 358 praemonet
1427 321 1550 354 dicens,-
1575 321 1788 366 Sandiuflote,
1812 333 1884 370 quia
1901 325 2126 371 &egosant‘lus

1197 367 1199 370 ⁴
1246 366 1315 410 sum
1327 371 1471 403 Dominus
1486 373 1568 405 Deus
1580 370 1672 411 vester
1686 372 1704 404 ἓ
1720 373 1912 412 Libidinum
1923 377 1981 411 ille
1993 378 2127 412 sestatot

1251 419 1395 452 omnino
1415 420 1477 454 fuit
1488 421 1700 464 jovinianus,
1726 421 1767 456 de
1779 423 1844 466 qli·
1862 428 1897 462 in
1920 426 2011 462 libris
2032 437 2129 462 retra·

1250 467 1431 504 stationum
1455 471 1590 505 Sanetus
1613 472 1838 517 Augustinus:
1858 479 2025 520 saviniani
2036 476 2131 512 haere·

1243 516 1286 559 fis
1293 542 1304 558 ‚
1325 516 1485 561 sacrarum
1497 526 1649 564 virginum
1660 530 1799 556 meritum
1818 528 1963 566 aequando
1971 530 2126 570 pudicitiae

1248 570 1416 612 conjugali,
1443 580 1563 605 tantum
1572 573 1671 606 valuit
1685 579 1718 606 in
1730 574 1807 606 Urbe
1817 578 1912 607 Roma
1924 598 1935 615 ,
1960 585 1996 608 ut
2005 581 2129 612 nonnul-

1248 618 1296 650 las
1318 625 1408 652 etiam
1418 621 1659 656 sanctimoniales
1673 647 1684 664 ,
1712 625 1748 658 de
1771 635 1898 666 quarum
1908 624 2063 666 pudicae..
2078 627 2132 671 su-

1243 665 1335 710 spicio
1355 671 1436 703 nulla
1447 673 1634 715 praecefferat
1647 697 1658 714 ,
1684 675 1814 718 dejeciffi’
1837 682 1870 708 in
1882 681 2005 717 nuptias
2024 677 2128 712 dicere-

1246 724 1295 750 tur
1306 741 1317 758 ,
1343 717 1393 752 boc
1402 723 1534 755 maxime*
1544 732 1712 767 argumento
1727 737 1792 758 cum
1804 736 1855 758 eas
1879 734 1993 768 urgeret
2004 728 2103 759 dicens
2113 739 2127 769 ς

1246 769 1290 801 Tu
1320 780 1385 813 ergo
1403 772 1501 804 melior
1514 783 1605 814 quam
1620 777 1716 815 Sara,
1746 776 1847 808 melior
1868 787 1958 818 quam
1969 774 2128 819 susanna,

1238 816 1302 859 five
1312 823 1399 852 Anna
1411 820 1428 851 ,ἕ
1451 824 1497 854 Et
1506 831 1627 856 ceteras
1656 828 1903 858 commemorando
1922 825 2041 869 sanc‘lae
2052 829 2129 860 Scri-

1240 875 1342 910 pturae
1353 869 1508 909 testimonio
1528 875 1818 914 commendataffimas
1824 875 1970 917 foeminas
1983 901 1994 916 ‚
2020 877 2127 919 quibus

1240 916 1274 960 se
1286 919 1346 954 illae
1357 922 1487 955 meliores
1497 945 1508 962 ,
1533 925 1586 957 vel
1594 931 1683 957 etiam
1693 933 1783 966 pares
1798 931 1926 970 cogitare
1939 937 1997 959 non
2006 928 2125 970 possent.

1247 976 1307 1004 Hoc
1324 971 1411 1003 modo*
1430 978 1521 1012 etiam
1534 980 1666 1008 virorum
1673 973 1843 1018 sanetorum
1857 1001 1866 1016 ,
1894 977 2007 1020 utique
2019 978 2128 1012 Sacer-

1245 1017 1362 1054 dotum
1375 1031 1413 1054 ac
1424 1023 1652 1058 Diaconorum
1669 1023 1807 1067 sancium
1827 1027 1996 1060 coelibarum
2005 1039 2131 1061 comme·

1245 1076 1405 1104 moratione
1436 1080 1562 1114 patrum
1598 1077 1818 1120 conjugatorum
1854 1078 1888 1110 (θ’
1909 1079 2127 1118 ρνιεᾰὶεαηοηθ

1239 1118 1406 1163 frangebat
1417 1145 1425 1156 .
1450 1123 1551 1170 ,(ζιιεγ
1561 1127 1673 1159 omnia
1693 1127 1898 1171 Augustinus
1920 1128 1953 1160 in
1978 1127 2062 1162 libro
2086 1126 2128 1161 de

1247 1168 1410 1204 haerefibus
1422 1173 1549 1215 repetit,
1558 1185 1595 1207 ac
1607 1177 1640 1207 in
1655 1175 1738 1209 libro
1749 1178 1789 1210 de
1804 1176 1893 1210 bono
1905 1177 2083 1223 conjugali,
2093 1179 2127 1212 δι

1245 1218 1328 1254 libro
1342 1221 1383 1255 de
1396 1223 1499 1257 santia
1513 1224 1699 1268 virginitate
1712 1226 1881 1270 insigniter
1892 1228 2010 1261 refutat
2022 1251 2031 1260 .
2055 1227 2129 1261 Vir-

1244 1270 1363 1315 ginalis
1374 1273 1592 1308 sanctimoniae
1604 1277 1644 1308 ad
1657 1276 1842 1321 conjugalis
1855 1277 2017 1320 pudicitiae
2026 1287 2130 1321 aequa·

1245 1321 1370 1355 litatem
1391 1323 1526 1365 dejectio
1548 1327 1698 1360 affeverat
1719 1327 1811 1360 illam
1832 1338 1900 1361 non
1923 1327 1986 1361 effe
2010 1326 2127 1361 melius

2145 496 2166 526 L
2178 501 2248 527 Zac«.¹
2255 506 2286 532 7-

1246 1371 1370 1405 bonum
1383 1396 1393 1412 ,
1421 1373 1561 1416 ideoque
1582 1374 1651 1417 ejus
1675 1378 1903 1418 profeffionem
1923 1379 1988 1411 effe
2008 1388 2126 1412 votum

1245 1420 1400 1455 frivolum
1422 1422 1620 1463 &ii-ritum,
1649 1425 1753 1459 simile
1777 1426 1848 1467 illi,
1873 1427 1992 1470 dequo
2017 1427 2126 1461 in-Ca·

1245 1472 1373 1505 uonicis
1392 1471 1432 1504 ad
1453 1474 1605 1506 Sansturn
1631 1472 1904 1517 Amphilochium
1925 1475 2126 1512 litterisMa-

1241 1532 1325 1566 gnus
1337 1521 1494 1556 Bafilius:
1523 1524 1605 1557 Illud
1615 1527 1736 1567 quidem
1757 1524 1830 1557 mihi
1852 1522 1949 1567 visum
1967 1526 2005 1565 est
2015 1527 2128 1561 ridicu—¹
2141 1535 2175 1564 C.
2195 1539 2242 1565 28.

1241 1573 1303 1605 lum
1317 1596 1328 1612 ,
1354 1583 1463 1606 vovere
1484 1575 1614 1616 aliquem
1636 1577 1657 1607 a*
1679 1576 1819 1608 carnibut
1841 1573 1940 1618 suillis
1961 1574 2123 1616 abstinere.

1241 1623 1444 1665 ,Quamobrem
1457 1623 1583 1668 dignare
1594 1636 1640 1658 eos
1654 1626 1754 1659 docere
1767 1651 1777 1665 ,
1804 1633 1837 1658 ut
1851 1625 1889 1658 ab
1910 1630 2020 1667 ineptis
2042 1632 2123 1660 votis

1239 1673 1273 1706 ζο·
1280 1674 1421 1714 promiffis
1438 1673 1619 1714 abstineant.
1648 1674 1736 1719 Usum
1750 1676 1800 1719 effe
1822 1675 2038 1716 indfferentem
2052 1686 2123 1718 per—

1240 1727 1343 1756 mitte.
1372 1725 1470 1758 Nulla
1478 1731 1556 1757 enim
1570 1728 1625 1758 Dei
1636 1736 1773 1759 creatura
1781 1726 1819 1766 est
1838 1728 2001 1767 rejicienda
2017 1751 2027 1766 ,
2037 1750 2041 1754 -
2052 1739 2121 1770 qua

1239 1783 1310 1806 cum
1323 1781 1493 1817 gratiarum
1509 1775 1623 1809 at‘lione
1644 1783 1785 1818 accipitur
1796 1801 1803 1808 .
1831 1778 1937 1820 ,Quare
1959 1786 2063 1810 votum
2082 1775 2122 1817 est

1239 1825 1397 1857 ridiculum
1411 1848 1422 1865 ,
1448 1823 1627 1866 abstinentia
1653 1839 1710 1862 non
1734 1827 1772 1866 cst
1794 1827 1962 1870 neieffariae-
1980 1827 2123 1866 >Votum

1237 1876 1327 1908 enim
1350 1876 1413 1909 esse
1433 1875 1531 1910 debet
1542 1874 1583 1909 de
1605 1877 1734 1911 meliori
1748 1877 1857 1911 bono.
1886 1877 1942 1913 Ut
1952 1875 2260 1922 virginalisiipist-r·

1239 1925 1456 1960 sanctimonia.-
1467 1926 1695 1970 profeffionem
1717 1930 1849 1970 penitus
1872 1927 2060 1961 exsufflaret
2070 1927 2124 1970 Jo-

1239 1975 1392 2009 vinianus
1415 2000 1427 2016 ,
1453 1976 1581 2011 addidit
1606 1980 1707 2011 etiam
1737 1977 1907 2011 Christum
1931 1977 2121 2012 Dominum

1241 2037 1306 2059 non
1323 2027 1460 2068 potuisse
1474 2027 1561 2061 nasci
1583 2038 1626 2061 ex
1638 2027 1779 2073 Virgine
1791 2041 1802 2061 .-
1827 2038 1868 2060 ex
1882 2026 1962 2071 ‚ipsa
1987 2027 2124 2069 quidem

1239 2085 1456 2117 conceptum,
1484 2077 1538 2111 sed
1559 2088 1629 2111 non
1655 2089 1788 2112 natum.
1813 2078 1866 2115 Ita·
1888 2077 1937 2110 in.
1951 2077 2067 2111 litteris
2081 2076 2122 2111 ad

1237 2124 1389 2158 Siricium
1401 2125 1600 2160 Pontificem
1614 2130 1748 2163 testatur
1759 2129 1894 2162 Sanctus
1906 2125 2098 2161 Ambrosius
2111 2141 2120 2161 .-

1287 2175 1405 2218 Neque
1416 2174 1472 2210 hic
1494 2176 1582 2210 stetit
1603 2175 1768 2221 impietas.
1799 2177 1934 2212 Etenim
1943 2177 1985 2211 de
2002 2178 2121 2212 eodem

1235 2224 1410 2267 joviniano
1434 2226 1468 2260 ὅ(
1482 2226 1549 2270 ejus
1560 2226 1757 2269 sequacibus
1779 2227 1884 2272 pergit
1897 2228 1932 2261 in
1950 2227 2067 2262 litteris
2078 2226 2121 2262 ad

1239 2273 1478 2311 Vei-cellensem
1515 2276 1693 2312 Ecclesiam
1727 2277 1876 2312 laudatus
1908 2276 2120 2312 Ambrofiuse
2136 2294 2235 2331 59⁸2„

1237 2324 1367 2367 Afferunt
1390 2327 1738 2367 baptizatos'intendere
1761 2338 1818 2360 non
1835 2327 1947 2361 debere
1971 2334 2126 2362 virtutum*

1233 2372 1423 2416 difi‘iplim‘s‚
1450 2376 1608 2410 nibilillis
1633 2378 1719 2419 obesse
1739 2378 1982 2419 commeffationes
2007 2401 2017 2415 ‚
2044 2376 2123 2410 nihil

1233 2425 1419 2466 voluptatum
1441 2425 1633 2467 affluentiam
1650 2451 1659 2465 ,
1685 2425 1855 2468 insipientes
1878 2426 1930 2468 effe
1950 2437 1997 2458 eos
2015 2431 2067 2466 qui
2077 2432 2119 2458 lte

1233 2484 1355 2508 careant
1385 2497 1398 2516 ,
1423 2482 1557 2520 virgines
1584 2485 1714 2518 oportere
1738 2476 1844 2508 nubere
1865 2499 1874 2512 ,
1896 2475 1975 2515 filios
1996 2473 2117 2514 facere.

1231 2525 1373 2559 similiter
1395 2528 1431 2560 ζ’]
1440 2527 1551 2559 viduas
1566 2532 1675 2558 iterare
1684 2526 1767 2566 quod
1772 2523 1868 2565 semel
1877 2525 1955 2557 male*
1968 2525 2052 2556 virili
2061 2526 2116 2558 ad·

1231 2581 1375 2609 mixtione
1383 2583 1518 2618 experta·
1537 2572 1629 2618 sunt,
1656 2571 1772 2614 etiamsi
1781 2572 1816 2616 se
1840 2580 1986 2607 continere
1998 2575 2115 2614 pffnt.

1231 2627 1346 2659 Errare
1357 2637 1430 2665 eas,
1457 2637 1524 2667 quae
1550 2625 1644 2657 nolint
1666 2629 1774 2657 iterare
1796 2625 1946 2665 copulam.
1973 2623 2018 2658 Et
2030 2625 2119 2668 supe-

1232 2676 1297 2709 rius
1322 2676 1354 2708 in
1384 2675 1499 2709 eadem
1512 2674 1682 2718 Epistola:
1710 2675 1891 2708 Praedicant
1911 2674 2117 2716 voluptatem,

1232 2727 1352 2757 delicias
1358 2723 1490 2768 suadem
1499 2749 1510 2764 ,
1539 2724 1737 2765 castimoniam
1752 2726 1824 2757 nulli
1845 2722 1908 2767 ufic}
1921 2723 1974 2766 effe
1992 2726 2093 2757 dicunt
2104 2748 2115 2764 ‚

1231 2776 1335 2808 dicunt
1346 2775 1459 2808 nullum
1473 2775 1525 2819 effe
1538 2775 1724 2815 abstinentia
1742 2779 1879 2808 merirum
1891 2798 1902 2815 ,
1929 2774 2115 2814 nullamfru·

1226 2826 1366 2869 galitatis
1379 2847 1389 2864 ,
1415 2826 1531 2859 nullam
1558 2830 1747 2868 virginitatis
1753 2831 1889 2868 gratiam
1901 2848 1910 2863 ,
1933 2830 2003 2865 pari
2016 2833 2112 2855 omnes

1232 2874 1372 2915 aflimari
1393 2882 1513 2917 pretio,
1535 2876 1663 2908 delirare
1673 2886 1741 2914 eos,
1767 2881 1817 2916 qui
1821 2876 1948 2916 jeiuniis
1972 2872 2110 2915 castigent

1230 2923 1445 2968 carnemsuam
1464 2951 1475 2966 ,
1501 2934 1535 2958 ut
1558 2931 1651 2959 menti
1666 2923 1821 2967 subditam
1839 2924 1977 2965 faciant.
2004 2923 2047 2954 Et
2072 2922 2108 2954 in

1232 2975 1346 3009 litteris
1370 2975 1411 3009 ad
1435 2975 1718 3009 Mediolanensem
1742 2973 1916 3008 Ecclefiam
1934 2971 2000 3013 ipse
2018 2970 2109 3014 Papa

1231 3025 1365 3059 Siricius
1377 3037 1392 3067 ;
1419 3027 1500 3059 Dicit
1518 3027 1639 3066 jejunia
1661 3026 1711 3068 effe
1725 3023 1893 3068 superflua»
1919 3031 1977 3054 ’¹⁰7¹
1994 3018 2114 3054 babens·

1224 3072 1308 3118 spem
1319 3075 1477 3119 defuturis
1488 3099 1495 3107 .
1525 3076 1701 3118 Joviniano
1715 3075 1836 3117 placere
1848 3070 1931 3103 dicit
1949 3070 2108 3105 vetustam

1230 3125 1470 3168 desperantium
1497 3125 1641 3169 regulam
1667 3125 1873 3157 Manducemus
1887 3121 1921 3153 Θ
1945 3118 2082 3154 &bamur
2096 3145 2107 3161 ³

1229 3186 1295 3207 cras
1315 3180 1393 3208 enim
1410 3181 1563 3209 moriemur
1577 3201 1583 3207 .
1611 3176 1665 3209 De
1679 3183 1745 3216 quo
1753 3170 1823 3212 ejus
1835 3180 1942 3204 errore
1953 3171 2027 3203 sunt
2041 3170 2108 3214 plu-

1231 3236 1262 3258 ra
1289 3224 1476 3259 testimonia
1490 3251 1497 3257 .
1526 3226 1614 3258 Eum
1631 3234 1672 3257 ex
1685 3217 1858 3254 Monacho
1877 3219 2044 3254 Clericum
2059 3221 2115 3254 vi-r

1228 3275 1308 3308 xisse
1318 3273 1568 3314 deliciofiffime,
1577 3273 1711 3307 affirmat
1722 3272 1856 3305 sanetus
1867 3270 2104 3313 Hieronymus.

1231 3324 1341 3359 Etiam
1380 3325 1465 3369 apud
1492 3320 1700 3358 Gennadium
1727 3320 1959 3355 Maffiliensem
1985 3318 2104 3352 Paulus

1231 3374 1411 3408 Pannoniae
1423 3373 1592 3414 Presbyter
1602 3381 1763 3404 memorat
1769 3374 1975 3416 jovinianum
1989 3368 2106 3402 baereti-

1228 3436 1292 3459 cum
1314 3426 1501 3468 voluptatum
1532 3432 1568 3459 at
1598 3420 1755 3458 libidinum
1773 3421 2002 3468 praedicatorem
2023 3442 2035 3459 ,
2058 3424 2105 3452 cui

1882 3474 2055 3505 continentis
