2352 3736
129 827 187 862 Fol.
200 829 264 860 108.

125 1401 182 1432 La.
195 1404 256 1439 Ι;<;.6.

118 1668 180 1706 Μ.
199 1674 256 1703 c.5.

116 1783 182 1819 §.5-
199 1793 256 1821 c-5-

131 3158 205 3196 cap.
221 3163 266 3193 35·

370 187 439 233 42

302 258 443 296 opinatur
457 275 464 284 .
491 253 601 283 coram
612 249 694 284 nobis
702 262 768 294 ergo
779 275 790 292 ,
817 256 868 293 qui
877 253 1008 292 spiritus
1025 248 1046 279 5
1046 245 1128 279 anili
1129 247 1184 287 ju·

624 166 902 215 Secuuna
937 166 1337 211 Pnootmans
1373 152 1816 225 DtsseaTATm,

1244 251 1302 280 vix
1312 245 1468 290 quisquam
1477 255 1603 281 noverat
1620 250 1814 285 simoniacam
1838 249 1959 295 haerefin
1968 251 2019 297 effe
2023 261 2123 297 pecea-

304 305 380 337 dicio
389 304 553 345 congregati
559 297 663 343 sumus
673 323 684 340 ‚
705 302 787 335 dicat
796 300 846 340 iste
855 324 867 339 ‚
893 300 996 331 Gloria
1014 298 1123 336 Patri,
1148 298 1184 331 Θ
1246 305 1310 330 tum
1321 323 1328 330 .
1355 297 1394 330 ln
1407 297 1491 331 libro
1501 297 1681 341 gratiffimo
1691 300 1801 335 addit:
1819 304 1900 346 ‚Quis
1911 302 2022 348 nefiiat
2032 303 2122 349 usque

306 355 404 392 Filio,
429 352 599 394 &spiritui
619 351 747 384 santio:
772 347 901 392 ‚Quodsi
917 345 1056 390 expreſse
1081 345 1183 389 &fine

303 403 468 436 titubantia
488 401 620 441 dixerit,
646 400 731 443 apud
751 409 795 431 me
807 397 946 438 constabit
969 399 1053 431 illum
1063 408 1121 431 non
1132 408 1183 431 ve·

302 451 413 486 naliter
425 475 436 492 ,
456 448 516 494 sed
534 452 662 497 legitime
683 446 1012 491 Praesulatusfundlum
1031 473 1039 481 .
1067 447 1181 481 Libens

296 495 384 535 *hanc
403 503 595 536 conditionem
606 499 657 531 ille
674 502 785 539 accepit
795 522 808 538 ‚
833 498 913 532 nibil
921 499 1020 531 minus
1029 509 1121 540 quam
1133 496 1181 531 ho-

302 563 369 585 rum
387 551 540 586 verborum
551 547 752 588 diffiultatem
771 556 874 583 ratus.
903 553 950 582 Et
961 550 1055 587 vere,
1079 548 1182 580 Gloria

303 604 417 641 Patri,
444 599 566 634 &Filio
580 620 592 638 ‚
619 599 867 642 integreprntulit
879 622 893 640 ,
913 598 1033 642 sedin,
1060 601 1105 631 Et
1115 599 1181 640 Spi-

301 657 375 685 ritui
391 648 495 693 fando
511 671 523 689 ‚
549 645 630 689 baefit
654 673 661 681 .
688 646 830 690 suscitato
852 650 1022 683 cunllorum
1033 648 1182 691 strepitu,

302 702 380 734 nullo
388 708 494 732 conatu
514 697 668 738 mltum,
693 699 788 735 ,velin
806 700 917 742 reliquo
930 705 1006 737 vitae
1023 698 1179 743 spatiopo-

297 756 358 785 tuit
367 755 520 783 nominare
530 772 537 780 .
563 747 621 783 Ab
631 748 782 791 haeretica
793 750 937 792 scelerati
958 749 1106 784 hominis
1117 748 1180 783 lin·

298 810 364 845 gua
382 799 520 843 Spiritus
529 798 663 841 sanstus
684 799 795 843 noluit
817 799 868 835 vel
886 801 1042 844 proferri.
1067 801 1118 834 Ita
1138 811 1178 833 ex

298 848 368 884 fido
386 848 547 895 Hugonis
558 847 701 891 Abbatis
719 849 968 892 Cluniacensis‚
994 851 1051 895 qui
1073 852 1176 894 Syno-

297 899 343 941 do
355 911 392 934 ac
407 899 565 934 miraculo
586 899 737 935 interfuit
748 924 760 941 ,
786 900 978 935 testimonio
987 901 1081 936 refert
1095 900 1177 934 Gui-

297 948 428 986 lielmus
459 948 648 992 Monachus
673 949 971 986 Malmesberienfis
991 976 1000 984 .
1028 952 1175 991 Eorum,

296 1000 355 1042 qui
378 1000 414 1033 in
437 999 574 1043 Judaico
600 999 748 1044 Templo
773 1001 959 1037 vendebant
976 1000 1173 1041 columbam,

294 1048 466 1087 Dominus
484 1050 600 1088 auertit
622 1048 819 1095 Cathedras:
847 1052 897 1088 Ita
919 1052 955 1095 dc
971 1053 1175 1088 Simoniaco·

292 1109 367 1136 rum
377 1100 616 1144 Episcoporum
638 1099 819 1137 Cathedras
843 1102 879 1137 in
893 1102 1035 1137 Ecclefia
1053 1104 1174 1146 semper

290 1147 409 1191 ⁴>eadere
421 1173 433 1191 ,
458 1149 706 1187 benedistiones
716 1152 843 1188 vettiin
856 1151 1120 1192 maledictiones,
1140 1152 1172 1185 δε

296 1198 388 1243 plura
398 1200 440 1241 ab
450 1200 522 1244 ipfis
546 1200 652 1238 enasci
663 1201 849 1237 scandalosa
868 1203 1035 1245 facinora,
1062 1202 1171 1237 scribit

294 1250 480 1293 frequenter
500 1251 633 1286 Sanctus
645 1251 824 1298 Gregorius
842 1253 990 1299 Magnus
1001 1278 1008 1286 .
1034 1253 1080 1286 Et
1093 1250 1181 1291 hinc,

291 1299 421 1333 facinus
442 1300 526 1335 istud
538 1300 709 1337 Cathedrae
730 1303 844 1346 lapsu,
869 1302 1171 1348 stuvdfflmdatione

293 1350 406 1383 omnis
426 1349 485 1388 sub
507 1351 592 1385 coelo
619 1351 764 1386 Ecclesia
785 1354 910 1396 semper
930 1352 1060 1396 punivit
1082 1378 1090 1386 .
1117 1352 1169 1385 Ex

288 1397 360 1441 ipso
375 1399 446 1442 post
471 1407 592 1442 patrata
611 1400 648 1434 in
658 1401 854 1436 Formosum
866 1401 1066 1437 Pontificem
1083 1404 1170 1437 scan-

285 1449 363 1488 ‚dala
373 1449 524 1491 prodiisse
535 1449 625 1483 Cleri
643 1450 678 1487 ἀ
688 1451 804 1495 populi
825 1452 953 1486 ruinam
968 1476 980 1492 ,
1006 1453 1173 1498 variasque

285 1498 409 1538 divinae
430 1497 562 1540 Justitiae
573 1497 706 1544 plagaS,
733 1499 883 1534 Ecclefiae
904 1501 1005 1535 etiarn
1023 1502 1171 1546 publicas

285 1547 457 1586 ,orationes
478 1558 547 1582 non
557 1547 651 1581 fuisse
665 1548 770 1584 aDeo
790 1550 980 1592 exauditas,
1007 1563 1124 1587 omnes
1136 1554 1172 1586 fi-

288 1597 361 1632 mul
381 1597 598 1633 cucurriffein
609 1598 804 1640 1nfernum,
830 1600 964 1635 testatur
987 1602 1022 1635 in
1037 1602 1172 1637 historia

291 1648 348 1682 sua
360 1646 485 1685 Glaber
495 1647 709 1691 Rudolphus.
738 1648 845 1685 Unde
866 1651 1016 1686 &Patris
1040 1653 1090 1687 sui
1111 1654 1171 1687 Im-

289 1698 448 1742 peratoris
472 1697 634 1734 Conrardi
656 1699 753 1734 Salici
774 1725 786 1742 ,
821 1701 879 1745 qui
898 1702 986 1738 illius
1017 1704 1173 1747 temporis

290 1748 394 1788 fi-:elus
411 1749 623 1784 diffirnularat
643 1749 873 1791 solummodo,
900 1764 1106 1798 nequaquam
1125 1755 1171 1787 fo-

290 1808 383 1834 verat
405 1825 417 1841 ‚
442 1799 562 1835 animae
582 1800 682 1835 etiam
702 1801 815 1835 timuit
837 1803 923 1836 filius
957 1804 992 1838 δε
1017 1804 1173 1843 successor

290 1848 458 1884 Henricus
467 1849 575 1895 Niger
586 1876 596 1892 ‚
621 1851 656 1884 &
669 1862 726 1894 pro
741 1852 807 1895 ipsa
831 1853 872 1887 ab
885 1854 1041 1889 omnibus
1052 1854 1173 1898 ubique

288 1899 443 1940 Ecclefiis
464 1900 499 1934 &
518 1901 729 1936 Monasteriis
748 1913 855 1945 preces
877 1903 1091 1948 efflagitavit.
1119 1906 1172 1940 Ex

287 1951 380 1994 turpi
401 1949 551 1985 civilium
569 1952 824 1996 Magistratuum
859 1954 979 1997 quaestu
1001 1954 1171 1989 imminere

291 1999 453 2035 Romanae
464 2000 665 2045 Reipublicae
683 2002 808 2046 lapsum
823 2003 971 2046 praedixit
990 2006 1075 2049 apud
1090 2005 1173 2039 Pau-

291 2051 400 2085 linum
410 2050 639 2095 Presbyterum
652 2053 788 2087 Sanetus
810 2053 1003 2088 Ambrosius
1014 2079 1025 2094 ,
1050 2056 1084 2091 ὅ(
1095 2054 1173 2088 Pro.-

291 2098 410 2143 phetiae
431 2102 600 2136 veritatem
625 2113 762 2137 eventus
796 2104 1024 2148 comprobavit
1045 2130 1052 2137 .
1079 2103 1172 2153 Qid

291 2150 393 2194 igitur
413 2149 431 2183 ὶ
447 2153 610 2196 graliante
633 2154 783 2188 simonia
803 2166 874 2188 non
893 2165 1078 2190 metuamus
1100 2156 1112 2188 ?
1139 2154 1170 2187 A

292 2210 383 2234 tanta
396 2199 481 2244 peste
500 2210 647 2244 tempora
667 2203 776 2236 nostra
796 2204 833 2241 ὅ(
845 2205 972 2239 animas
990 2205 1101 2245 divina
1112 2204 1170 2238 cle—

292 2250 416 2285 mentia
442 2251 605 2293 praeservet
623 2277 631 2285 .
664 2252 720 2286 Ad
746 2252 895 2287 Ponticae
926 2255 990 2289 suae
1014 2254 1172 2288 Diaecefis

294 2299 478 2344 Episcopos
499 2301 581 2335 reste
593 2300 712 2344 scripsit
729 2303 866 2336 Sanstus
877 2303 1032 2338 Bafilius:
1060 2308 1171 2337 Levius

289 2352 443 2393 delinquit
452 2375 463 2391 ‚
480 2356 533 2393 qui
537 2349 637 2394 sacros
647 2353 777 2386 Ordines
786 2360 909 2395 propter
923 2359 1172 2395 inexperientiam

289 2412 385 2435 emere
395 2400 533 2441 volebat,
561 2412 652 2443 quam
663 2408 715 2443 qut
727 2404 837 2436 donum
849 2406 907 2435 Dei
917 2405 1041 2442 vendit.
1072 2404 1173 2437 autho

293 2462 423 2493 namque
436 2450 473 2489 est
487 2477 494 2484 .
522 2454 567 2484 Et
575 2450 606 2492 fi
621 2454 701 2494 quod
707 2461 806 2496 gratis
822 2453 954 2495 accepisti
976 2455 1148 2488 vendideris
1161 2479 1171 2495 ,

295 2510 449 2543 tamquam
469 2500 613 2535 sathanae
624 2504 815 2536 venundatus
832 2509 939 2546 gratia
958 2507 1014 2537 Dei
1028 2504 1170 2546 privabe-

293 2556 358 2584 ris.
386 2555 538 2592 cauponis
547 2557 625 2587 enim
637 2558 698 2586 ritu
712 2552 852 2595 quaestum
870 2554 958 2587 rebus
965 2553 1171 2597 spiritualibus

294 2600 391 2642 infers
413 2602 447 2635 (⁶5
461 2601 616 2643 Ecclefiae‚
642 2603 691 2635 ubi
702 2606 820 2646 Corpus
845 2605 926 2637 nobis
948 2607 1170 2648 &Sanguinem

289 2649 404 2691 Christi
412 2652 607 2685 concreditum
618 2651 780 2686 babemus.
809 2654 931 2688 Emens
951 2655 1040 2689 enim
1053 2656 1170 2699 partim

294 2701 341 2735 ob
364 2702 632 2744 inexperientiam
654 2703 707 2737 seu
720 2705 940 2749 ignorantiam
954 2730 963 2746 ,
990 2706 1106 2749 partim
1127 2704 1171 2740 ob

290 2750 421 2790 ,Praelati
431 2752 596 2797 exigentis
614 2755 841 2794 reverentiam,
871 2756 1118 2799 impositamque
1131 2755 1171 2789 ab

292 2801 362 2846 ejus
373 2802 522 2845 improba
532 2804 702 2838 exastione
716 2805 934 2839 neceffitatem
946 2829 956 2845 ‚
983 2806 1093 2849 quoad
1102 2806 1171 2841 cul-

294 2864 341 2896 pa:
366 2852 400 2886 ὃς
413 2863 514 2896 poenae
524 2853 647 2896 aliquid
662 2855 755 2897 posfit
765 2866 874 2889 revera
885 2857 1028 2889 excusari
1042 2882 1048 2889 .

344 2902 433 2936 Dico
443 2927 454 2944 ,
480 2904 595 2946 ,Quoad
601 2905 719 2946 aliquid
729 2930 735 2936 .
762 2904 865 2940 Nulla
878 2906 966 2939 enim
981 2905 1146 2940 neceffitas
1161 2930 1171 2945 ,

296 2951 386 2984 nulla
406 2952 473 2993 vis,
500 2953 608 2988 nullus
626 2965 734 2995 error,
762 2956 851 2989 nulla
874 2956 1060 2999 ignorantia
1079 2955 1172 2999 plene

296 2999 401 3035 abluit
413 3026 423 3040 ,
450 3002 507 3037 nisi
518 3003 666 3040 ablutum
678 3005 761 3039 velis
772 3006 877 3048 ipsum
889 3006 989 3040 etiam
1002 3007 1171 3040 Simonem

300 3047 461 3093 Magum,
485 3064 614 3098 unaque
636 3054 711 3088 illos
731 3054 773 3089 de
794 3053 912 3099 quibus
932 3055 967 3089 in
985 3057 1050 3089 vita
1063 3056 1170 3090 Sansti

300 3097 481 3132 Romualdi
501 3101 636 3138 Abbatis
646 3103 754 3139 scribit
774 3106 904 3139 sanetus
916 3105 1030 3139 Petrus
1040 3106 1173 3139 Damia-

302 3149 337 3181 ni
364 3161 371 3180 ι
397 3150 582 3182 Romualdus
606 3158 681 3187 inter
707 3163 825 3191 cateros
842 3157 994 3197 praecipue
1014 3154 1172 3199 saeculares

302 3198 431 3232 clericos
451 3203 501 3239 qui
508 3207 562 3240 per
568 3207 720 3240 pecuniam
741 3206 872 3238 ordinati
884 3205 1013 3247 fuerant
1028 3230 1038 3245 ‚
1064 3207 1170 3245 duriffi-

303 3259 355 3282 ma
383 3245 547 3290 severitate
566 3251 739 3290 corripiebat
765 3278 776 3292 ,
796 3257 830 3288 ὼ·
848 3267 894 3288 eos
918 3281 928 3296 ,
955 3255 1011 3297 nist
1029 3257 1171 3288 Ordinem

298 3298 408 3344 Jponte’
427 3295 591 3339 desererent
603 3322 613 3337 ,
637 3305 752 3332 omnino
772 3304 954 3338 damnabiles
975 3305 1168 3340 &hareticos

298 3345 465 3391 “afferebat-
493 3349 675 3389 Quinovam
686 3361 748 3382 rem
758 3353 930 3392 audientes,
954 3358 1078 3389 occidere
1088 3355 1169 3389 illum

307 3399 403 3431 moliti
418 3395 508 3440 sunt.
536 3399 594 3429 Per
616 3406 709 3430 totam
724 3411 851 3442 namque
871 3404 953 3436 illam
969 3405 1171 3439 Monarchiani

307 3446 397 3492 usque
405 3448 450 3484 ad
458 3448 616 3484 Romualdi
628 3455 759 3490 tempora
768 3474 780 3493 ,
806 3451 932 3494 vulgata
949 3453 1150 3497 consuetudine
1158 3481 1170 3499 ,

1244 348 1289 379 ad
1296 351 1410 380 Henrici
1422 354 1505 382 tertii
1518 349 1734 388 clementiffimt
1743 353 1830 395 Regis
1839 359 1997 395 imperium
2009 378 2021 395 ,
2040 357 2124 389 Prae-

1240 395 1432 441 fidatumque
1443 399 1622 440 reverendae
1633 404 1781 432 memoria
1792 404 1957 440 Clementis
1970 404 2121 448 Papaese-

1243 449 1333 482 cundi
1347 472 1358 487 ,
1382 447 1516 492 istiusque
1540 448 1690 488 beatiffimi
1711 453 1820 483 Leonis
1840 446 1908 490 noui
1927 479 1939 497 ,
1964 467 2020 498 quo
2039 466 2120 489 nunt·

1244 496 1374 542 Praesule
1386 496 1495 541 sanHa
1500 497 1533 542 [ἓ
1537 499 1699 544 gubernari
1713 497 2039 546 gratulatur'ssee'lefia',
2059 499 2119 548 ¹per·

1242 550 1444 582 occidentalia
1454 561 1546 592 regna
1568 555 1656 584 virus
1666 552 1838 585 simoniaca
1850 551 1991 595 haereseos
2000 554 2119 590 lethali·

1243 598 1424 641 terebulltffi’
1437 623 1449 639 ,
1475 605 1521 632 ita
1530 609 1564 634 ut
1574 602 1653 643 quod
1655 602 1758 642 paffim
1765 600 1858 643 fiebat
1869 603 1989 638 licenter
2007 604 2118 649 admis-

1238 646 1308 691 sum
1319 673 1330 688 ‚
1356 649 1473 682 ultoriae
1494 649 1742 692 animadverfiont
1766 663 1948 697 nequaquam
1967 653 2118 689 duceretur

1242 698 1399 732 obnoxium
1411 724 1423 740 ,
1451 701 1486 734 (θ’
1499 701 1579 742 quod
1584 709 1651 734 erat
1657 699 1725 742 fer?
1735 703 1870 737 omnibus
1881 701 2124 746 consentaneum,

1237 756 1296 790 pro
1307 750 1408 798 regula
1431 750 1607 793 tenebatur,
1629 759 1788 794 tamquam
1808 754 1899 798 legali
1906 751 2058 797 satistione
2068 754 2120 798 def

1241 808 1352 837 cretum
1361 824 1369 832 .
1386 800 1488 851 inn
1500 801 1782 846 immoiniquitati
1793 814 1862 838 non
1874 803 2006 839 deerant
2031 815 2119 848 aper-

1241 849 1287 889 ti,
1314 859 1466 893 potentes
1477 874 1487 890 ,
1513 863 1550 885 ac
1560 851 1678 886 eruditi
1688 852 1891 888 defensores.
1922 854 2054 889 Etenim
2077 855 2119 888 de

1241 899 1368 942 Joanne
1393 901 1427 934 δε
1448 900 1690 937 Tudethchino
1711 927 1722 943 ,
1749 903 1923 939 Godefridi
1944 903 2119 939 Lotharin-

1232 949 1302 992 giae
1312 949 1620 995 Ducis-Capelianis
1628 951 1693 994 ‚ad
1703 953 1930 989 Alexandrum
1940 954 2118 990 secundum

1239 998 1436 1034 Pontificem
1451 1003 1556 1048 pergit
1567 1003 1716 1037 laudatus
1725 1002 1839 1039 Petrus
1849 1018 1860 1038 .·
1886 1005 2034 1041 Nonnulli
2051 1006 2117 1038 Cle-

1235 1056 1364 1090 ricerum
1373 1057 1472 1092 vitam
1475 1061 1535 1094 per
1543 1059 1699 1087 exterioris
1710 1052 1831 1087 babitus
1841 1053 1966 1097 speciem
1975 1061 2118 1089 mentien-

1238 1108 1284 1133 tes
1299 1122 1311 1139 ,
1333 1099 1454 1144 prorsus
1467 1104 1487 1134 ἃ
1497 1105 1557 1136 Deo
1559 1103 1675 1147 frigidi
1683 1128 1695 1144 ,
1719 1104 1893 1138 ambitionis
1915 1104 2117 1147 Ecclelt'asticae

2137 331 2211 371 Cap.
2226 339 2270 367 ιγ.

1232 1148 1350 1191 facibus
1370 1150 1551 1191 inflammati
1572 1175 1582 1191 ,
1607 1152 1659 1185 hoc
1672 1159 1869 1193 pertinaciter
1886 1156 2118 1199 dogmatizant,
2146 1150 2149 1153 i

1239 1211 1296 1232 non
1316 1202 1362 1232 ad
1369 1203 1566 1235 SimonIacam
1590 1201 1711 1244 baerefin
1726 1208 1895 1244 pertinere,
1914 1204 1945 1245 fi
1955 1211 2024 1250 quis
2041 1208 2118 1247 Epi-

1208 1280 1211 1284 .
1234 1248 1386 1293 scopatum
1409 1253 1430 1283 ἃ
1450 1256 1531 1295 Rege
1556 1253 1610 1285 vel
1631 1252 1758 1294 quolibet
1776 1254 1880 1286 mundi
1904 1257 2041 1296 Principe
2058 1262 2118 1296 per

1238 1306 1441 1334 interventum
1453 1307 1612 1343 emptionis
1622 1308 1774 1345 acquirat,
1796 1302 2035 1344 fitantummodo
2050 1315 2117 1338 con-

1235 1349 1426 1393 secrationem
1434 1358 1534 1394 gratis
1547 1357 1690 1393 acciffiat.
1717 1354 1801 1385 Unde
1809 1365 1874 1387 cum
1891 1363 1984 1396 nuper
2002 1359 2035 1387 in
2048 1356 2118 1390 Ea-

1239 1401 1430 1440 cellentiffimt
1442 1403 1533 1433 Ducis
1546 1402 1707 1443 Godefridi
1717 1401 1899 1445 versaremur
1909 1406 2045 1446 alloquio,
2058 1405 2117 1438 duo

1236 1451 1362 1493 quidam
1374 1462 1412 1483 ex
1425 1487 1427 1489 ,
1440 1451 1617 1494 Capellanis
1639 1454 1706 1492 ey'us
1722 1476 1732 1492 ,
1757 1463 1832 1487 unus
1843 1477 1854 1492 ‚
1881 1462 1915 1486 ut
1936 1461 1999 1487 erat
2010 1453 2119 1488 barba·

1239 1513 1290 1534 rus
1318 1525 1328 1541 ,
1354 1500 1507 1534 barbarico
1529 1507 1645 1535 nomine
1667 1501 1885 1535 Tudetbchinus
1902 1527 1914 1543 ,
1949 1505 2026 1536 alter
2045 1515 2127 1538 vero,

1238 1557 1353 1584 natione
1374 1555 1502 1585 Venetus
1521 1554 1553 1596 J
1555 1563 1664 1585 oannes
1691 1552 1858 1586 vocabatur
1869 1577 1876 1584 .
1902 1556 1943 1585 Hi
1953 1558 2095 1587 nimirum
2104 1578 2119 1595 ‚

1236 1610 1388 1643 tamquam
1398 1605 1574 1641 Hymenaeus
1582 1603 1616 1636 Θ·
1627 1602 1763 1636 Philetus
1773 1608 1805 1636 in
1812 1603 2028 1644 pradicatione
2039 1605 2119 1641 Pau-

1235 1653 1260 1686 li
1277 1676 1288 1692 ,
1313 1652 1365 1686 vel
1370 1654 1448 1686 certe
1458 1661 1613 1695 tamquam
1616 1656 1649 1697 J
1651 1664 1754 1686 amnes
1781 1653 1816 1688 tir
1826 1652 1978 1687 Mambres
1988 1661 2118 1696 tempore

1238 1701 1355 1744 Moyfis,
1383 1700 1537 1743 refistentes
1551 1699 1697 1743 veritati,
1724 1702 1802 1737 banc
1819 1715 1877 1737 non
1893 1703 2047 1747 ceffabantr
2059 1701 2120 1748 diſs·

1233 1751 1383 1796 seminare
1391 1753 1557 1790 dodrinam
1567 1778 1578 1794 ‚
1603 1753 1682 1786 hanc
1692 1752 1879 1787 Catholicam
1904 1763 1996 1796 atque
2020 1751 2122 1789 eane-

1239 1808 1334 1836 nicam
1337 1802 1522 1844 fatebantur
1547 1804 1599 1846 esse
1603 1803 1789 1845 sententiam
1800 1828 1808 1835 .
1833 1805 1975 1839 Videlicet
1994 1812 2030 1837 ut
2047 1806 2119 1847 jure

1237 1856 1420 1887 simoniacus
1431 1864 1488 1888 non
1498 1855 1618 1890 dicatur
1625 1878 1638 1894 ,
1664 1852 1797 1896 quisquis
1809 1852 1918 1896 absque
1928 1865 2036 1892 manus
2062 1859 2121 1891 irn-

1233 1902 1369 1945 pofitione
1380 1902 1591 1947 Epifiopatum
1600 1904 1778 1946 compat-affe
1800 1909 1986 1939 convincitur
1998 1928 2006 1936 .
2034 1905 2120 1939 Dice·

2136 1924 2201 1957 Lib·
2225 1935 2251 1957 ι.

1238 1954 1311 1986 bant
1321 1960 1400 1987 enim
1411 1979 1423 1995 ‚
1449 1960 1523 1997 quia
1537 1966 1603 1987 cum
1613 1953 1664 1985 boc
1670 1954 1708 1996 fit
1720 1977 1730 1993 ‚
1757 1964 1815 1986 non
1824 1953 1999 1994 distrahitur
2018 1953 2119 1986 Eccle-
2135 1962 2274 2010 Epjst‚,·3,·

1230 2003 1275 2045 fia
1311 2027 1322 2043 ‚
1343 2002 1403 2047 sed
1417 2004 1557 2045 facultas
1584 2018 1595 2037 .·
1621 2015 1674 2037 nec
1692 2009 1799 2037 emitur
1820 2005 2038 2050 Sacerdotium,
2059 2000 2119 2049 sad

1232 2053 1353 2098 poffeffio
1360 2055 1544 2095 praediorum
1555 2078 1562 2085 .
1587 2054 1646 2087 sub
1657 2053 1712 2088 hac
1732 2059 1811 2088 enim
1816 2053 2005 2095 praestatione
2020 2059 2119 2097 *Pecu-

1238 2108 1297 2139 m'ae
1307 2111 1375 2145 opes
1388 2112 1527 2142 tantum,
1554 2114 1611 2136 non
1630 2103 1749 2137 honoris
1773 2104 1827 2139 vel
1845 2103 1979 2146 Eeclqst’ae
1996 2104 2119 2139 redimi-

1236 2161 1285 2186 tur
1294 2155 1526 2187 Sacramentum.
1554 2153 1829 2196 Venaliafiquidem
1835 2152 1907 2196 sunt
1913 2179 1923 2195 ,
1929 2153 2003 2196 ficut
2013 2155 2118 2194 ajunt,

1236 2203 1315 2236 unde
1331 2202 1393 2244 fint
1417 2205 1552 2246 divites;
1574 2210 1673 2247 gratis
1693 2209 1863 2245 accipiunt,
1887 2205 1967 2238 unde
1982 2203 2118 2250 fierideft

1235 2252 1325 2286 beant
1335 2254 1518 2287 Sacerdotes.
1546 2254 1631 2302 Qae
1641 2255 1754 2289 omnia
1773 2255 1889 2298 repetit
1911 2255 1947 2288 in
1969 2253 2117 2298 Epistola

1237 2301 1277 2336 ad
1296 2303 1382 2345 ipsos
1402 2303 1618 2347 Capellanos.

1286 2353 1442 2387 Simoniae
1452 2365 1507 2397 per
1514 2353 1721 2388 Clementem
1733 2353 1913 2387 secundum
1928 2376 1939 2393 ,
1966 2353 2115 2389 Leonem

1235 2413 1361 2437 nonum
1385 2426 1395 2441 ‚
1422 2415 1458 2436 ac
1484 2404 1712 2438 Alexandrum
1732 2403 1909 2438 secundum
1933 2401 2116 2436 Pontifices

1235 2454 1316 2487 faeta
1337 2453 1528 2492 damnatio,
1555 2465 1623 2487 non
1646 2454 1734 2487 solos
1747 2454 1930 2495 Episcopos
1953 2451 1988 2485 δε
2010 2449 2113 2485 Cleri-

1233 2514 1290 2537 cos
1302 2527 1312 2543 ,
1340 2501 1392 2537 sed
1403 2503 1503 2537 etiam
1516 2504 1623 2548 Reges
1646 2514 1684 2536 ac
1694 2503 1823 2546 quosvis
1835 2501 1937 2536 laicos
1947 2500 2115 2543 Principes

1233 2553 1339 2587 multo
1350 2553 1501 2596 spoliavit
1510 2553 1604 2590 lucro
1629 2551 1792 2596 &quaestu
1804 2576 1823 2584 .,
1841 2550 1909 2585 Uti
1928 2560 2024 2585 autea
2036 2550 2115 2594 Epir

1234 2603 1323 2647 scopi
1348 2603 1513 2638 &Clerici
1537 2613 1652 2636 manus
1675 2600 1923 2645 impofitiones,
1948 2601 2114 2635 consecra-

1235 2655 1361 2693 tiones,
1387 2653 1565 2695 omniaque
1578 2653 1784 2686 Sacramenta
1802 2652 1834 2685 &
1847 2650 2114 2690 sacramentalia,

1235 2705 1280 2741 ita
1293 2705 1398 2748 Reges
1424 2702 1458 2735 &
1470 2702 1635 2745 Principes
1653 2703 1926 2745 Episcopatuum,
1955 2699 2113 2734 Abbatia·

1236 2766 1306 2789 rum
1318 2778 1328 2794 ‚
1353 2754 1387 2787 δε
1398 2754 1550 2786 omnium
1563 2751 1722 2794 majorum
1745 2752 1987 2786 Beneficiorum
2008 2749 2114 2785 nomi·-

1236 2806 1404 2838 nationem
1426 2828 1437 2844 ‚
1464 2802 1675 2837 collationem
1701 2826 1712 2842 ‚
1749 2812 1847 2844 atque
1885 2801 2111 2835 investituram

1235 2854 1340 2897 palam
1359 2851 1571 2887 vendiderant
1598 2853 1684 2897 quasi
1699 2851 1756 2887 sub
1776 2850 1865 2885 hasta
1878 2875 1885 2883 .
1913 2848 2111 2894 Nugivendi

1234 2903 1467 2947 Theologastri
1479 2903 1533 2936 vix
1541 2902 1612 2936 ullo
1623 2914 1769 2946 unquam
1780 2911 1924 2944 tempore
1933 2898 2111 2934 Ecclesiam

1236 2967 1304 2988 non
1328 2953 1538 2990 infestarunt.
1566 2953 1615 2986 Hi
1637 2963 1715 2997 ergo
1736 2952 1847 2986 dixere
1866 2958 1999 2984 omnem
2017 2947 2110 2981 illam

1234 3004 1439 3038 laudatorum
1461 3003 1664 3042 Pontificum
1689 3001 1934 3036 damnationem
1958 2997 1997 3030 in
2021 2997 2110 3031 solos

1235 3055 1306 3088 ferri
1328 3055 1508 3097 Episcopos
1532 3053 1566 3087 ὅς
1591 3053 1735 3088 clericos
1759 3077 1770 3093 ,
1795 3052 1841 3086 eis
1859 3048 1936 3087 solis
1955 3047 2111 3082 interdici

1235 3115 1448 3138 mercaturam
1458 3103 1741 3138 Sacramentorum
1767 3098 2111 3140 &Sacramentalium;

1236 3156 1344 3198 Reges
1370 3153 1584 3196 &Principes
1594 3164 1720 3187 manere
1733 3153 1877 3192 integros
1892 3148 1927 3181 in
1951 3148 2010 3182 suo
2025 3148 2111 3182 anti·

1237 3216 1301 3247 quo
1313 3204 1397 3247 jure.
1425 3203 1481 3238 Ab
1495 3203 1579 3238 hisce
1603 3202 1752 3237 dixerunt
1772 3209 1842 3232 non
1852 3197 2111 3234 Ecclessasticum

1236 3255 1420 3294 Ordinem,
1446 3252 1582 3298 gradum
1595 3277 1606 3292 ‚
1631 3252 1789 3284 honorem
1804 3272 1815 3287 ‚
1843 3258 1899 3282 aut
1913 3246 2109 3290 Jurifflistio-

1237 3316 1312 3339 nem
1326 3305 1464 3339 conferri
1477 3329 1487 3344 ,
1513 3301 1565 3339 sed
1577 3299 1677 3337 solam
1688 3308 1840 3343 agrorum
1852 3322 1862 3338 ,
1875 3299 2112 3337 Decimamm,

1235 3367 1272 3389 ac
1291 3354 1429 3390 aliarum
1453 3352 1644 3387 facultatum
1664 3349 1888 3392 possessionem
1902 3372 1914 3388 ,
1939 3349 1973 3386 ἀ
1994 3347 2043 3390 jus
2070 3347 2106 3380 in

1236 3407 1378 3449 ipsorum
1389 3405 1525 3439 fructus,
1549 3411 1620 3443 quae
1639 3399 1753 3433 omnia
1764 3399 1827 3433 fint
1839 3397 1926 3433 mere
1947 3407 2109 3440 tempora-

1235 3457 1301 3499 lia,
1325 3453 1467 3497 adeoque
1486 3450 1606 3495 poffint
1629 3449 1750 3484 vendi.
1777 3447 2021 3493 Ejusopinioni
2039 3447 2107 3481 Dn-

1978 3521 1989 3526 -ι
2002 3507 2057 3533 ces

2136 2235 2195 2267 Lib.
2217 2245 2245 2272 ς,

2134 2276 2269 2315 Epist·131
