2352 3736
372 146 468 195 316

298 215 458 253 dummodo
492 219 714 249 Sacramentum
750 219 878 257 torporis
906 211 1016 255 absque
1043 212 1191 254 fermento

296 275 421 303 emortui
440 270 553 299 curaret
572 264 695 299 aboleri.
734 264 784 298 Ita
819 263 918 296 habes
939 263 974 296 in
1000 263 1190 299 Florentini

298 316 444 354 Concilii
460 315 608 351 Historia
620 316 705 360 apud
717 313 919 356 sylvestrum
944 313 1168 358 Sguropulum
1180 340 1187 348 .

298 367 405 403 Addit
418 365 473 399 hic
484 365 623 401 Latinos
646 367 730 398 inter
749 364 782 398 &c
805 363 939 399 Graecos
960 365 1024 399 effe
1049 375 1189 408 quatuor

297 415 453 459 capitales
464 415 672 458 quaestiones:
702 413 746 447 Et
764 415 905 457 primam
927 414 969 448 de
989 415 1189 458 proceffione

120 454 193 492 Cap.
228 456 254 483 ⁸·
297 465 405 502 Sancti
417 466 575 510 Spiritus,
594 462 771 499 secundam
782 466 846 499 effe
858 466 897 500 a'e
907 476 1005 506 azymo
1015 465 1189 508 acfermm.

296 526 379 553 tato.
408 516 573 552 Adfirmat
584 516 684 551 etiam
707 514 793 550 hanc
814 516 879 552 effe
903 516 1030 551 nobilem
1050 518 1085 551 &
1107 526 1189 552 tran-

120 574 194 612 Cap.
218 582 243 611 9.
293 566 484 615 findernam
501 590 513 607 ‚
561 566 596 600 δε
621 564 751 601 laudata
774 567 875 610 priori
902 565 1072 609 nodosiorem
1099 592 1107 600 .
1145 568 1190 603 Et

295 622 376 654 hinc
389 619 566 659 Imperator
578 616 720 659 Ioannes
731 616 938 662 Palaeologus
961 618 1061 653 etiam
1085 618 1188 661 ipsam

295 668 404 704 voluit
425 679 495 701 non
516 668 551 701 in
577 667 708 711 privatis
719 667 1057 713 congregationibus,
1084 668 1139 702 sed
1154 668 1189 702 in

294 720 366 754 solo
377 718 479 753 totius
491 718 622 761 Synodi
637 719 786 753 conseffu
809 718 989 754 examinari
1011 731 1051 753 ac
1074 718 1189 753 defini-

293 771 340 804 ri.
370 770 450 803 Post
464 770 615 808 finitam,
641 780 712 812 quae
735 770 769 806 ἃ
792 780 909 813 azyma
930 770 965 807 ὅ(
990 770 1187 803 fermentum

293 819 509 868 probaverat,
546 820 723 863 Synodum
745 819 892 855 solemne
913 820 1050 854 unionis
1072 820 1189 855 sacrifi·

289 873 382 906 cium
394 881 583 906 cantaturus
595 880 664 905 erat
682 869 841 905 Pontifex
853 894 865 910 ‚
892 881 929 904 ac
948 869 984 904 in
1010 882 1090 905 verae
1110 881 1189 904 con-

286 923 413 958 ‘cordiae
423 922 552 969 signum
563 919 697 964 quidam
710 921 900 956 Graecorum
912 920 1068 965 Episcopi
1080 920 1188 964 dispo-

291 973 415 1009 nebant
427 983 546 1016 azyma
557 972 598 1007 de
609 971 699 1007 illius
710 981 812 1007 manu
824 972 1072 1006 communicare
1083 996 1091 1003 .
1106 971 1188 1005 Erat

289 1024 416 1068 optima
431 1021 609 1067 propositio
619 1046 631 1062 ‚
654 1031 801 1056 attamen
814 1021 855 1056 de
866 1022 931 1065 ipsa
943 1022 1052 1056 scribit
1064 1032 1189 1056 memo·

290 1085 380 1109 ratus
391 1072 617 1119 Sguropolu51
645 1074 740 1117 ,Quod
753 1073 804 1106 ubi
815 1072 937 1106 auribus
960 1071 1128 1117 insonuisset
1137 1082 1186 1109 no-

285 1124 358 1169 stris
372 1150 383 1166 ,
419 1123 618 1159 eoban-ruimus
632 1148 639 1155 .
677 1123 866 1170 Qomodo
885 1122 956 1166 post
977 1122 1188 1167 Imperatoris

291 1174 574 1219 &Episcoporum
596 1173 739 1208 reditum
749 1173 985 1209 schismaticus
1008 1172 1122 1217 Regiae
1142 1170 1188 1206 ci-

291 1227 406 1260 vitatis
427 1225 566 1269 populus
590 1224 688 1259 fuerit
712 1224 747 1257 in
769 1223 945 1267 Synodum
965 1224 1000 1259 &
1013 1224 1131 1259 fastam
1143 1222 1184 1257 ab

290 1277 359 1322 ipsa
373 1275 529 1311 unionem
540 1271 760 1310 debacchatus
771 1274 885 1308 multis
896 1273 994 1308 refert
1006 1274 1042 1308 in
1056 1273 1184 1320 Byzan:

290 1329 358 1361 tina
373 1327 522 1362 Historia
535 1325 727 1370 incognitus
739 1337 777 1359 ac
789 1323 1009 1359 Orthodoxus
1034 1322 1182 1358 Michae-

290 1378 332 1413 lis
345 1378 449 1411 Ducae
470 1387 596 1420 nepos,
633 1376 669 1410 &
690 1375 845 1420 adjungit
864 1375 907 1410 de
931 1374 1094 1409 induratis
1115 1373 1183 1408 istis

290 1426 444 1463 cordibus
455 1428 557 1463 etiam
583 1427 669 1464 intra
689 1425 870 1467 obsessam,
896 1425 930 1461 δε
954 1425 1021 1467 jam
1041 1424 1108 1468 jam
1132 1435 1183 1458 ca-

289 1479 444 1528 piendam
457 1475 676 1511 aMabomete
701 1476 846 1510 secundo
871 1475 1058 1509 ‘furcarum
1087 1473 1180 1508 Prin-

287 1531 362 1572 cipe
373 1527 563 1563 civitatem:
590 1524 881 1568 Infimafirrenfisque
904 1525 1016 1564 turba,
1039 1526 1057 1558 e=
1078 1527 1180 1556 Mona·

282 1577 522 1623 fleriiClaeustris
536 1575 701 1619 dilapsam
721 1576 907 1617 AEnopolia‚
933 1574 1070 1606 manibus
1087 1573 1176 1615 phia-

287 1632 335 1664 las
348 1640 425 1663 mero
432 1630 542 1671 plenas
555 1634 689 1660 tenentes
701 1649 712 1665 ,
740 1630 897 1660 Hemncos
913 1648 924 1664 ,
950 1625 986 1656 id
993 1622 1031 1663 est
1041 1645 1053 1662 ‚
1077 1629 1178 1656 unioni

287 1679 479 1714 adhaerentes
491 1702 502 1718 ,
525 1678 603 1709 diris
615 1673 817 1708 devovebant.
847 1677 878 1705 E
881 1682 896 1705 t
907 1679 940 1705 in
949 1672 1087 1705 honorem
1100 1677 1176 1704 ima-

281 1735 366 1778 ginis
380 1731 521 1770 Deiparae
541 1723 693 1765 exhaustis
710 1724 842 1766 poculis,
873 1733 940 1756 eam
974 1721 1176 1760 invocabam,

286 1791 320 1815 ut
328 1777 537 1822 'urbipraeeffltt
548 1801 559 1817 ‚
584 1777 619 1810 δ’
639 1775 863 1814 auxiliaretur,
889 1774 924 1807 Gr
944 1772 1084 1814 quomodo
1108 1772 1177 1804 olim

285 1828 433 1874 adversas
441 1826 622 1873 chosroem,
649 1824 849 1871 choganum,
873 1824 907 1856 (05
932 1822 1046 1856 Arabes
1061 1830 1177 1864 pugua-

279 1889 396 1921 verat,
422 1885 468 1913 ita
479 1887 556 1911 nunc
576 1873 726 1918 adversus
748 1873 947 1908 Mabometem
962 1874 1174 1914 praeliaretur.

288 1931 466 1967 Latinorum
485 1935 565 1962 enim
578 1950 588 1966 ,
624 1929 787 1969 inquiunt,
822 1926 944 1957 auxiliis
964 1934 1023 1956 non
1045 1921 1084 1962 eff
1103 1930 1175 1964 opus

288 1980 371 2016 nobis
385 1994 395 2013 .·
423 1979 531 2012 Procul
546 1975 585 2019 fit
610 1976 631 2008 ἆ
656 1975 740 2007 nobis
767 1978 970 2013 azymitarum
1002 1978 1081 2006 ritus
1095 1998 1103 2006 .
1131 1972 1175 2006 Et

287 2029 393 2065 infra:
420 2026 612 2069 'Plebs-fera,
639 2025 723 2059 bonis
745 2023 888 2067 infensa,
913 2028 1095 2067 arrogantie
1109 2033 1176 2067 ger-

286 2080 503 2116 men&radix
515 2103 526 2118 ,
553 2087 644 2111 vanae
657 2077 764 2120 gloriae
783 2086 887 2108 ramus
898 2099 909 2115 ‚
931 2072 1078 2116 ficperbiae
1098 2073 1151 2115 flos
1165 2097 1176 2113 ,

280 2132 347 2178 fax
357 2136 490 2165 nationis
512 2130 648 2166 Grata,
674 2137 742 2169 quae
763 2134 885 2159 caeteras
900 2134 1027 2167 gentes,
1053 2132 1176 2157 contem-

274 2182 405 2226 «ptibilis
419 2178 506 2223 ipsa,
530 2176 683 2223 despeei'us
696 2176 804 2216 habet,
831 2175 867 2209 in
878 2174 1015 2209 unionis
1037 2174 1175 2218 negotio

291 2233 367 2266 aeia
377 2237 477 2265 omnia
484 2238 541 2272 pro
555 2228 675 2271 insedis
687 2225 864 2269 reputabat.
893 2227 958 2269 ‚Qui
966 2236 1032 2269 ergo
1056 2228 1177 2257 Henoti-

287 2295 387 2319 rorum
394 2289 499 2325 partes
505 2278 599 2323 secuti
611 2290 675 2312 cum
695 2275 896 2321 Schismaticis
918 2274 1176 2318 colloquebantur,

291 2332 341 2367 'his
359 2330 539 2376 sermonibus
558 2327 604 2371 ufi
616 2327 708 2372 sunt:
734 2328 873 2362 Sinite&
892 2327 1053 2362 videamus
1066 2350 1078 2365 ,
1105 2336 1178 2357 num

294 2389 374 2418 Deus
388 2383 466 2416 hunc
475 2380 581 2424 hcstem
589 2379 728 2413 demedio
740 2379 994 2412 tollaiDraconem
1004 2382 1178 2414 immanem,

295 2440 390 2477 quiin
401 2439 462 2466 acie
471 2441 575 2466 contra
585 2429 724 2471 nosstat,
755 2433 807 2471 qui
829 2427 907 2461 hane
927 2427 1029 2461 urbem
1053 2428 1180 2460 devora·

293 2495 395 2518 rurum
412 2482 445 2526 se
463 2482 585 2524 penitus
601 2480 724 2521 jallat.
751 2481 782 2514 51
805 2482 887 2515 Deus
909 2489 976 2512 eum
993 2478 1182 2521 perdiderit,

296 2542 474 2576 compertum
485 2532 569 2565 vobis
581 2540 651 2563 tunc
672 2531 839 2571 clarumque
859 2534 935 2568 erit,
961 2540 1003 2561 an
1024 2539 1090 2561 cum
1115 2532 1184 2566 Azy-

296 2591 380 2620 mitis
401 2590 434 2616 in
455 2577 638 2615 concordiam
658 2581 694 2613 ὁ·
715 2583 880 2611 amicitiam
901 2578 1078 2613 redierimus
1090 2599 1098 2607 .
1133 2576 1182 2611 Ita

296 2637 381 2672 intra
392 2633 555 2677 captivam
566 2630 736 2665 civitatem
745 2627 950 2662 blaterabant
963 2627 1066 2661 etiam
1093 2629 1182 2661 fatiae

295 2680 658 2721 unionisProfeffores.
687 2678 818 2721 Nempe
834 2677 911 2711 Deo
923 2677 1056 2711 mentiri
1079 2678 1114 2711 δε
1138 2678 1183 2721 ip-

297 2739 370 2771 sum
381 2733 510 2774 fallere,
537 2729 636 2765 stulta
654 2729 775 2764 mentis
794 2728 938 2763 caecitate
959 2727 1181 2763 conabantur.

297 2788 380 2821 Haec
394 2783 515 2823 verba,
541 2784 573 2815 Ε
596 2779 766 2821 monasterii
787 2777 924 2820 claustris
945 2777 1088 2822 dilapsa,
1123 2779 1183 2813 res-

297 2837 426 2882 piciunt
456 2831 703 2869 Pantocratoris
739 2830 794 2865 seu
829 2828 898 2863 Dei
931 2829 1184 2872 Omnipotentis

297 2884 540 2922 Monasterium
558 2905 570 2922 ,
605 2882 737 2925 ejusque
773 2878 964 2914 seditiosum
987 2877 1006 2911 ἐ
1032 2878 1183 2923 Georgio

299 2936 470 2972 Scholario
494 2931 705 2968 Monachum
731 2929 962 2971 Gennadium,
1007 2928 1065 2971 qui
1091 2930 1183 2963 mise-

302 2987 435 3021 rabilem
461 2983 621 3030 populum
647 2981 680 3015 in
709 2979 897 3015 miserando
923 2978 986 3013 isto
1011 2978 1180 3014 adversum

304 3037 439 3071 Latinos
463 3035 546 3073 odio
570 3034 605 3068 δε
631 3030 812 3068 Schismate
837 3028 968 3073 penitus
994 3028 1183 3070 induravit,

300 3095 397 3128 atque
433 3085 479 3121 ita
515 3096 585 3119 non
630 3082 733 3118 solam
780 3079 1183 3123 constantinopolitanam

302 3135 492 3174 civitatem,
519 3135 572 3169 sed
601 3143 738 3168 ornnem
764 3131 940 3166 Orientem
973 3128 1112 3165 deduxit
1148 3129 1182 3163 in

302 3183 525 3228 captivitatem
560 3183 771 3219 Turcarum.
800 3181 920 3226 Longe
951 3180 1094 3216 diversus
1131 3178 1183 3214 hic

300 3234 350 3268 est
375 3233 394 3267 a
420 3233 512 3275 supra
537 3233 669 3268 laudato
695 3232 884 3267 Florentini
913 3231 1059 3265 Concilii
1095 3229 1181 3273 Apo-

303 3285 410 3330 10g0,
446 3281 503 3324 qui
530 3283 628 3315 etiam
655 3294 694 3316 ex
720 3282 870 3326 Georgio
895 3280 1066 3315 Scholario
1083 3282 1183 3316 factus

302 3333 353 3369 est
390 3328 583 3367 Gennadius
603 3352 614 3367 ‚
651 3331 763 3364 verum
789 3344 859 3366 non
879 3329 1091 3372 Monachus,
1127 3330 1180 3366 sed

302 3379 510 3418 patriarcha.
537 3378 725 3412 Nominum
752 3392 789 3413 ac
814 3390 1000 3423 temporum
1022 3381 1184 3420 identitas,

306 3437 341 3474 ὰ
367 3441 499 3471 morum
533 3428 695 3466 diversitas
730 3428 808 3463 facit
841 3431 1000 3473 quosdam
1036 3431 1078 3467 de
1113 3431 1184 3476 ipsis

109 1056 141 1085 L.
159 1060 230 1087 unc<
243 1065 262 1094 9

110 1517 186 1556 Cap.
203 1521 250 1554 36.

886 133 1535 182 DISSERTATIO

1248 218 1410 262 cespitare
1423 243 1430 250 .
1453 218 1641 256 patriarcha
1652 223 1716 257 fuit
1726 217 1892 270 infigniter
1904 228 2138 272 orthodoxus,

1249 268 1283 303 ἀ
1298 269 1331 302 in
1348 267 1477 303 laudata
1489 267 1661 316 Apologia
1679 271 1805 308 erudite
1820 276 2027 317 demonstrat
2042 279 2136 316 Chri-

1250 318 1336 352 stum
1348 319 1537 354 Dominum
1551 331 1617 354 non
1642 322 1676 355 iu
1700 323 1883 366 fermento,
1910 328 1973 362 sed
1989 330 2030 364 in
2046 332 2138 376 Azy.

1247 379 1304 402 mo
1319 368 1562 405 Eucharistiam
1576 373 1774 407 consecrasse
1785 400 1792 406 .
1822 374 1910 410 Vide
1922 376 2138 417 InonemAl-

1247 418 1364 454 latium
1374 420 1410 454 in
1424 420 1576 457 Diatriba
1591 422 1632 457 de
1643 422 1738 458 claris
1751 424 1909 471 Georgiis
1921 450 1929 459 .
1957 427 2078 464 Exhis
2090 431 2137 466 iu-

1247 469 1343 504 terim
1355 470 1441 505 lucet
1452 494 1463 511 ,
1478 472 1567 516 quod
1578 473 1728 508 Michael
1741 475 1928 511 Cerularius
1939 478 2138 516 fermentum

1246 520 1281 553 ὅτ.
1294 521 1426 564 Azyma
1438 522 1582 558 voluerit
1593 524 1655 559 effe
1667 525 1811 570 primum
1821 527 1882 562 suae
1894 528 2048 564 fafflonis
2067 531 2139 565 fun·

1246 570 1439 607 damentum
1452 597 1460 606 .
2031 596 2033 598 -

1297 622 1343 656 Et
1364 622 1503 659 adduxit
1527 624 1634 669 plures
1658 626 1817 662 rationes.
1846 625 1930 663 Haec
1949 628 1996 664 est
2015 630 2137 674 prima:

1250 677 1358 713 azyma
1372 670 1479 715 mystici
1491 677 1660 710 indecenter
1670 676 1819 716 custoditis
1833 702 1844 719 ,
1871 680 1905 713 Θ
1915 686 2139 714 communicatis

1240 725 1370 768 Judaeis
1385 750 1393 757 .
1423 728 1547 759 Etenim
1563 730 1670 765 azyma
1691 725 1748 767 ipsi
1761 727 1900 768 custodire
1921 732 1943 763 ἆ
1963 728 2055 774 Moyse
2070 731 2139 772 juffi

1243 772 1318 816 suffr
1335 797 1343 806 .
1369 774 1511 814 Nostrum
1535 778 1606 810 verb
1627 775 1742 822 Pascha
1762 776 1896 819 Christus
1918 779 1974 820 est.
2016 783 2082 824 ,Qui
2103 787 2138 814 ue

1249 831 1305 857 non
1310 826 1409 866 juxta
1418 827 1512 870 legem
1526 833 1717 861 inveniretur
1728 826 1925 871 adversarius
1934 854 1945 870 ,
1971 832 2006 866 Θ
2015 837 2139 864 circum-

1247 873 1378 917 cisus-‘est
1388 899 1399 916 ,
1427 878 1462 912 o
1473 878 1566 921 legale
1579 876 1699 921 Pascha
1708 879 1872 912 celebravit
1888 884 2034 922 primitus
2046 905 2054 912 .
2090 882 2136 914 Sic

1248 924 1296 957 uio
1306 923 1472 967 discedente
1483 927 1610 968 nffrum
1631 938 1739 962 novum
1762 937 1901 971 operatus
1922 929 1979 969 est.
2009 931 2097 966 Vult
2113 931 2137 966 ὲ

1251 971 1383 1009 Christo
1396 976 1550 1010 Domino
1563 977 1666 1020 legale
1686 978 1819 1020 quidem
1840 979 1875 1013 in
1899 980 2055 1024 Azyrno,
2091 980 2138 1014 E·

1252 1025 1462 1069 vangelicum
1486 1024 1563 1060 vero
1583 1025 1708 1062 Pascha
1742 1029 1834 1064 fixiffe
1866 1029 2066 1065 celebratum
2097 1031 2134 1064 in

1250 1075 1413 1109 fermento
1434 1099 1445 1116 ,
1485 1073 1550 1109 hoc
1572 1076 1675 1119 ipsum
1700 1076 1741 1110 ab
1760 1078 1819 1111 illo
1840 1079 1958 1121 juffum
1977 1079 2136 1115 omnibus

1249 1123 1466 1166 Christianis,
1491 1125 1526 1159 δε
1538 1137 1616 1159 cum
1629 1126 1702 1160 aliis
1712 1127 1853 1170 Judaicis
1869 1131 2070 1164 caeremoniis
2088 1141 2137 1166 et·

1248 1175 1314 1210 iam
1323 1175 1494 1219 Azymum
1505 1176 1602 1211 fuisse
1614 1177 1826 1220 proscriptum
1839 1189 1876 1212 ac
1896 1178 2115 1213 interdictum·
2126 1205 2136 1214 .

1248 1225 1341 1260 Hinc
1366 1226 1473 1271 pergit
1492 1226 1665 1261 Michael:
1693 1231 1810 1265 1szae
1828 1236 1885 1270 per
1904 1240 2015 1262 novum
2038 1229 2141 1270 Testa·-

1247 1285 1379 1310 mentum
1391 1300 1403 1317 ,
1427 1278 1464 1311 Θ
1470 1284 1528 1319 per
1539 1276 1688 1318 christum
1695 1276 1769 1321 fiant
1791 1279 1957 1313 malediHae
1978 1281 2013 1314 Θ
2033 1280 2137 1314 dereli-

1245 1326 1318 1360 θα.
1348 1326 1503 1362 Etinfra:
1532 1329 1600 1370 ‚Qut
1613 1331 1726 1368 Azyma
1745 1327 1923 1370 custodiunt,
1952 1341 2047 1372 neque
2068 1335 2136 1376 Ju-

1245 1377 1306 1410 daei
1317 1387 1411 1420 neque
1418 1376 1583 1419 Christiani
1590 1376 1664 1420 sunt
1675 1403 1687 1419 ,
1703 1377 1874 1422 sedfimiles
1880 1378 1952 1422 fient
1964 1382 2132 1421 Leopardo,

1243 1429 1330 1468 cujus
1348 1428 1470 1470 capilli,
1489 1427 1564 1470 ficut
1574 1430 1655 1461 dixit
1678 1440 1805 1472 magnus
1826 1429 1957 1471 Bastlius
1971 1454 1981 1470 ‚
2019 1440 2070 1463 nec
2089 1436 2135 1463 ni-

1237 1483 1287 1521 gri
1304 1476 1398 1521 sunt,
1424 1489 1476 1512 nec
1487 1482 1602 1513 omnino
1613 1478 1692 1512 albi.
1721 1479 1851 1513 Deillis
1866 1505 1876 1520 ,
1897 1480 1955 1523 qui
1970 1478 2102 1522 Azyma
2115 1479 2134 1513 ὲ

1243 1527 1359 1569 Judaeis
1368 1530 1551 1571 acceperint
1563 1553 1573 1568 ‚
1607 1529 1722 1564 statuit
1732 1530 1980 1575 septuagesimus
1993 1529 2138 1574 Aposto-

1240 1576 1322 1610 licus
1332 1576 1451 1611 Canon
1468 1577 1652 1619 :Epifiopus
1665 1587 1718 1612 aut
1741 1581 1871 1613 Clericus
1881 1582 2135 1622 depannant·-

1240 1637 1291 1658 cus
1305 1624 1475 1672 segregetur
1488 1653 1495 1661 .
1533 1626 1578 1660 Et
1598 1627 1640 1661 ad
1666 1629 1769 1670 ipsum
1798 1629 1909 1663 scribit
1929 1629 2134 1665 Theodorus

1242 1676 1417 1709 Balsamon
1430 1690 1441 1709 .·
1454 1680 1510 1709 Ex
1520 1676 1572 1709 boc
1581 1678 1662 1719 quod
1669 1679 1858 1721 deponuntur
1869 1677 2132 1723 velsegregantur,

1240 1729 1291 1765 qui
1301 1726 1445 1769 BJudaeis
1455 1730 1606 1767 accipiunt
1629 1730 1734 1766 Azyma
1744 1751 1755 1766 ,
1765 1729 1868 1761 dicunt
1879 1731 1964 1762 multi
1973 1740 2020 1762 eos
2031 1736 2133 1773 argui,

1240 1779 1292 1816 qui
1324 1782 1382 1816 per
1408 1779 1517 1814 azyma
1552 1774 1700 1816 Mysticum
1728 1775 1906 1820 sacrificium
1932 1777 2072 1819 faciunt.
2099 1781 2133 1812 53

1239 1830 1320 1857 enim
1351 1824 1524 1867 fimpliciter
1549 1831 1687 1865 Azymum
1711 1827 1857 1870 comediffe
1874 1829 2008 1872 Judatci
2035 1827 2131 1870 festl,

1239 1873 1441 1916 depositionem
1475 1877 1510 1910 Φ
1530 1873 1760 1920 segregationem
1786 1878 1921 1918 inducit,
1948 1887 2132 1912 eorumtam-

1239 1936 1330 1967 quam
1357 1928 1505 1959 Dominici
1530 1932 1658 1968 corporis
1684 1928 1736 1970 effe
1758 1933 1948 1969 participes,
1976 1930 2011 1963 δ’
2028 1928 2131 1969 fimili·

1239 1983 1285 2009 ter
1328 1986 1363 2009 ac
1402 1977 1458 2010 -illi
1494 1975 1611 2021 Pascha
1638 1976 1764 2019 facere,
1799 1989 1890 2020 quam
1926 1989 1984 2011 non
2010 1977 2130 2012 babebit

1237 2027 1509 2061 condemnationem
1545 2025 1610 2068 five
1640 2026 1885 2070 reprebenfionem
1909 2027 1926 2058 ἒ
1963 2027 2131 2063 Adfirmat

1241 2087 1301 2112 nos
1325 2076 1515 2120 Judaizare,
1561 2077 1628 2111 esse
1654 2072 1843 2121 Apostolici
1873 2076 2025 2113 canonis
2059 2090 2134 2122 pra-

1238 2126 1430 2161 varicatotes
1450 2152 1461 2168 ‚
1493 2126 1634 2173 ideoque
1658 2127 1854 2173 degradatos
1878 2139 1918 2163 ac
1941 2139 2134 2164 excommu-

1246 2187 1390 2211 nicatos.

1292 2225 1441 2263 Secunda
1455 2226 1633 2262 Michaelis
1643 2227 1807 2265 Cerularii
1819 2227 1904 2263 ratio
1917 2229 2073 2264 fundatur
2093 2229 2132 2263 in

1241 2278 1501 2313 Dominiverbis
1512 2278 1553 2313 ad
1569 2288 1738 2322 acceptum
1748 2289 1884 2322 panem:
1913 2283 1975 2315 Hoc
1996 2278 2034 2319 est
2061 2283 2132 2312 Cor-

1236 2337 1297 2371 pus
1310 2340 1425 2362 meum.
1455 2328 1504 2363 Ea
1526 2329 1568 2364 fic
1583 2339 1847 2363 commentatur:
1884 2327 2037 2372 adspicite
2061 2341 2131 2372 quo-

1243 2379 1325 2411 modo
1337 2382 1484 2413 Dominus
1491 2387 1604 2422 panem
1615 2383 1730 2422 eorpus
1749 2378 1838 2423 suum
1853 2377 1911 2422 sub
1938 2392 2016 2416 novo
2037 2379 2131 2419 Testa-

1247 2439 1344 2463 mento
1355 2435 1495 2465 vocavit.
1523 2429 1712 2473 Vosquidem
1731 2438 1862 2473 panem,
1894 2441 1947 2464 ms
1963 2431 2038 2459 :ow
2057 2431 2128 2462 clid-

1248 2491 1314 2512 mus
1336 2505 1344 2513 .
1372 2481 1564 2514 oit‘fffautem
1573 2487 1787 2523 interpretatur
1818 2481 1978 2520 elevatus,
2013 2481 2048 2513 θ’
2058 2477 2127 2521 sur·

1244 2528 1310 2572 sum
1317 2538 1458 2573 portatus
1468 2556 1480 2572 ‚
1505 2533 1525 2564 ἃ
1530 2530 1683 2573 fermento
1696 2530 1800 2574 &sale
1819 2533 1943 2563 calorem
1962 2531 1998 2563 ό·
2028 2529 2126 2562 eleva-

1247 2586 1354 2614 tionem
1363 2580 1493 2614 babens.
1522 2586 1638 2619 Azymae
1648 2590 1748 2615 autem
1761 2579 1840 2614 nibil
1849 2578 1960 2619 distant
1979 2580 2000 2610 ἃ
2020 2580 2126 2620 lapide

1240 2629 1302 2670 fine
1313 2636 1416 2664 anima
1425 2654 1436 2670 ‚
1460 2632 1496 2665 (5
1505 2632 1564 2664 luto
1574 2632 1679 2665 lateris
1691 2628 1824 2671 deorsum
1838 2627 2001 2669 conjunc‘lae
2009 2638 2101 2662 terrae
2113 2652 2126 2668 ,

1248 2680 1424 2722 &fici-olum
1433 2689 1632 2722 comparatae.
1654 2680 1703 2714 Ita
1727 2678 1915 2712 audivimus
1936 2679 2029 2721 supra
2051 2678 2126 2713 scri-

1247 2730 1377 2765 bentem
1403 2731 1437 2766 &
1462 2731 1614 2762 Marcum
1652 2726 1828 2771 Ephefium
1851 2742 1862 2761 :
1900 2730 2126 2763 sacramentum

1245 2786 1369 2822 corporis
1387 2779 1450 2820 fine
1469 2777 1616 2818 fermento
1639 2784 1788 2812 emortui.
1826 2777 1933 2827 Qod
1968 2779 2128 2813 schisma·

1245 2831 1304 2864 tici
1330 2828 1382 2863 isti
1412 2829 1576 2863 fermento
1600 2828 1826 2872 adscripserint
1850 2829 2019 2867 animam,
2043 2828 2127 2862 adeo

1246 2888 1400 2924 putarunt
1434 2878 1560 2920 aliqui,
1597 2888 1636 2912 ut
1671 2878 1706 2911 in
1744 2878 1815 2913 latae
1846 2877 2015 2913 adversum
2049 2876 2126 2911 illos

1244 2928 1598 2963 excommunicationis
1619 2927 1801 2973 diplomate
1822 2927 2009 2963 Cardinalis
2019 2927 2126 2960 Hum-

1246 2980 1354 3015 bertus
1391 2979 1532 3023 posuerit
1567 2977 1658 3014 hunc
1689 2979 1792 3014 etiam
1823 2978 2009 3014 articulum:
2046 2980 2127 3010 sicut

1246 3028 1408 3064 Manicbaei
1429 3054 1440 3070 ,
1476 3029 1626 3072 quodlibet
1653 3028 1873 3071 fermentatum
1902 3027 2048 3069 fatentur
2075 3029 2128 3071 effe

1246 3087 1428 3114 animatum.
1455 3080 1558 3128 Qod
1585 3091 1628 3113 an
1654 3091 1766 3115 verum
1791 3079 1850 3118 fit,
1874 3076 2013 3122 ignoro.
2040 3078 2133 3122 Ipso·

1246 3143 1317 3166 rum
1329 3131 1455 3166 sensum
1467 3131 1595 3166 videtur
1607 3130 1725 3164 melius
1734 3139 1896 3171 exponere
1918 3129 2077 3170 antiquus
2091 3129 2128 3162 ia

1246 3181 1620 3226 Constantinopolitano
1630 3180 1764 3216 Parrum
1773 3177 2025 3214 Praedicatorum
2039 3178 2129 3216 Cou-

1247 3242 1346 3266 ventu
1373 3242 1515 3276 repertus
1541 3231 1714 3267 Tractatus
1738 3242 1747 3260 :
1785 3228 1918 3270 afferunt
1944 3228 2127 3271 fermentati

1242 3289 1335 3325 panis
1362 3288 1461 3316 vitam
1481 3283 1517 3316 ό*
1541 3287 1755 3315 animationem
1791 3278 1942 3320 conferre.
1978 3279 2128 3313 Fermen-

1246 3343 1350 3368 taturn
1391 3344 1507 3375 panem
1544 3332 1660 3365 volunt
1697 3339 1766 3363 non
1804 3329 1916 3363 vivum
1952 3329 2038 3367 esse,
2072 3324 2127 3359 sed

1247 3383 1377 3417 vitalem
1389 3384 1440 3416 stu
1453 3382 1629 3424 verum‚qui
1640 3379 1871 3417 comedentem
1882 3378 2004 3412 nutriat
2013 3376 2048 3409 dc
2058 3376 2129 3409 ani-

1246 3444 1312 3468 met
1327 3447 1337 3468 .·
1366 3433 1531 3479 Azymum
1547 3443 1656 3472 autem
1669 3431 1736 3466 esse
1748 3429 1833 3476 quali
1845 3424 1986 3473 lapidem
1998 3449 2008 3466 ‚
2017 3424 2127 3461 huma-

2031 3488 2080 3510 11ae
