2352 3736
141 1100 218 1139 Cap.
230 1110 259 1139 4.

396 172 500 229 “258
712 167 1046 214 SANcri

1109 168 1455 216 LEONIS

1525 172 1789 233 N0N1,

334 297 415 377 S
545 287 1453 378 LEONIS
1607 294 2161 383 ΝΟΝΙ

784 454 1716 515 CONCILIUM

622 572 1885 640 VERCELLENSE.

493 695 713 734 ExtaLeonis
736 696 818 730 noni
834 696 988 740 Synodus
1014 697 1077 730 fuit
1088 696 1218 733 Vercel-

518 746 611 785 lenfis
636 773 647 788 ,
672 747 751 787 anni
773 746 932 781 millesimi
960 747 1214 792 quinquagesimi

518 799 627 835 mense
641 797 819 843 Septembri
832 796 942 832 habita
954 822 965 838 ‚
983 798 1025 832 de
1035 809 1097 841 qua
1110 801 1213 844 pergit

517 849 651 884 Sanctus
665 849 888 883 Lanfrancus:
915 853 991 882 Hinc
1003 850 1156 885 declarata
1176 850 1212 891 cst

516 899 644 936 synodus
658 897 850 939 Vercellenfis,
863 909 928 940 quae
941 908 1010 931 tunc
1016 905 1154 940 proximo
1163 902 1212 937 se-

320 948 453 989 ptembri
466 973 476 988 ,
502 949 599 984 ,eodem
620 947 798 989 praest‘dente
820 947 980 993 Pontifice‚
1007 948 1045 990 est
1060 949 1210 984 celebrata

323 999 463 1032 Vercellis
477 1021 488 1037 ‚
515 999 561 1030 ad
570 1009 662 1040 quam
683 1005 806 1036 vocatus
828 1010 886 1031 non
903 997 1010 1038 venisti
1021 1023 1028 1031 .
1054 1002 1119 1042 Ego
1137 1003 1209 1034 vero

324 1050 478 1089 Praecepto
503 1059 537 1080 ac
560 1045 697 1091 precibus
719 1047 849 1091 praesati
875 1048 1029 1091 Pontificis
1055 1048 1146 1093 usque
1167 1052 1212 1084 ad

328 1095 427 1140 ipsam
448 1096 698 1141 SJnodumsecum
718 1097 856 1141 remanfi.
884 1103 921 1138 ,In
933 1105 1039 1142 quain
1050 1102 1208 1134 audientia

323 1153 481 1189 omnium,
507 1154 558 1191 qui
570 1149 608 1182 de
617 1148 744 1191 diversis
766 1148 857 1190 hujus
868 1151 972 1182 mundi
990 1150 1130 1192 partibus
1141 1152 1208 1184 illuc

323 1207 546 1241 convenerant,
565 1201 600 1244 J
602 1206 708 1232 oannis
727 1203 804 1234 scoti
822 1200 896 1235 liber
916 1201 956 1239 de
971 1199 1159 1241 Euchariflia
1169 1202 1207 1238 le-

323 1247 390 1283 llus
414 1248 453 1288 est
489 1260 526 1282 ac
545 1251 713 1283 damnatus
739 1274 751 1291 ,
774 1248 927 1292 sententia
949 1258 1004 1287 tua
1024 1250 1152 1294 expofita
1172 1263 1207 1286 ac

321 1299 493 1339 damnata,
515 1300 592 1342 fides
606 1297 724 1342 sanllae
749 1298 905 1341 Ecclesi‘ae,
931 1311 1022 1342 quam
1047 1312 1095 1344 ego
1125 1310 1217 1337 teneo,

321 1359 359 1381 ac
393 1349 562 1382 tenendam
591 1348 742 1390 adstrue,
779 1352 885 1383 audita
906 1349 945 1389 est
979 1352 1109 1386 concordi
1150 1364 1207 1384 om-

318 1403 406 1432 ,nium
428 1396 539 1442 affinsu
556 1398 746 1444 confirmata.
775 1403 840 1433 Duo
853 1401 984 1440 Clerici,
1014 1407 1066 1444 qui
1079 1405 1205 1446 Legatos

317 1456 383 1484 tuos
391 1447 425 1491 se
446 1448 498 1492 effe
510 1448 649 1486 dicebant
660 1473 671 1489 ,
698 1449 832 1483 volentes
854 1459 884 1483 te
895 1449 1054 1491 defendere
1068 1475 1078 1490 ,
1103 1457 1206 1494 inpri

317 1510 368 1535 mo
383 1498 492 1538 statim
511 1498 600 1532 aditu
620 1498 791 1540 defecerunt
803 1524 814 1539 ‚
839 1500 875 1534 Θ
896 1505 979 1541 capti
994 1499 1067 1543 fient
1085 1525 1092 1533 .
1121 1502 1203 1537 Haec

317 1548 415 1583 verba
429 1574 439 1590 ,
467 1550 572 1592 ‚Quam
581 1560 632 1592 ego
652 1558 735 1587 teneo
745 1561 779 1582 ac
798 1552 960 1588 tenendam
971 1551 1107 1591 adstruo,
1133 1564 1200 1586 non

314 1599 494 1633 continent
533 1599 694 1642 propriam
721 1599 878 1634 laudem:
909 1599 1027 1645 Agunt
1055 1600 1204 1636 adversus

307 1649 507 1694 -Berengarii
528 1649 771 1692 impudentiam
794 1673 805 1688 ,
830 1649 1018 1686 blaterantis
1042 1651 1202 1689 Romanae

274 1733 277 1735 ,
312 1699 470 1734 'Ecclefiae
481 1699 675 1734 sententiam
690 1709 756 1731 non
769 1699 832 1732 effe
844 1697 954 1738 aliud,
982 1711 1081 1742 quam
1096 1712 1201 1734 vecor-

140 2096 217 2134 Cap.
224 2101 253 2131 3-³

140 2493 164 2524 v1.
168 2490 202 2522 ib.
211 2500 237 2523 ι,

144 2905 175 2935 F.
197 2913 206 2931 1
219 2910 259 2936 13⁴

150 3062 188 3092 A·
209 3061 290 3093 1087,

313 1748 407 1783 diam
418 1747 579 1782 Paschafii
592 1772 603 1789 ‚
630 1748 810 1782 Humberti
824 1770 834 1787 ,
847 1748 1021 1782 Lanfranci
1034 1774 1043 1789 ‚
1074 1751 1107 1783 ὃ(
1118 1749 1201 1784 Vul-

314 1799 370 1844 gi.
389 1798 537 1832 Eandem
549 1798 722 1840 Synodum
736 1797 842 1832 laudat
856 1799 888 1835 in
902 1799 1007 1833 saneti
1023 1800 1197 1834 Lanfranci

313 1849 387 1882 vita
407 1848 497 1882 Milo
514 1847 684 1890 Crispinus
708 1863 720 1882 .·
747 1851 816 1882 Haec
835 1850 958 1890 eadem,
983 1861 1055 1893 quae
1073 1851 1107 1883 in
1134 1850 1198 1884 Ro-

310 1910 414 1933 mana
437 1923 448 1937 ,
473 1904 507 1931 in
531 1898 699 1941 Vercellenfi
718 1901 824 1936 synodo
845 1900 1011 1933 retrac¹l¹ata
1031 1899 1105 1943 sum
1130 1925 1140 1940 ,
1165 1903 1199 1936 (9·

307 1948 465 1996 sententia
476 1950 653 1991 Berengarii
671 1950 776 1981 audita
802 1951 836 1983 ὠ·
848 1950 1007 1990 reprobata
1022 1962 1030 1991 3
1037 1949 1114 1991 fides
1126 1955 1197 1987 verb

313 1998 453 2039 Ecclefiae
465 2023 476 2039 ,
502 2010 592 2040 quam
606 1998 798 2039 Lcmfrancus
822 2000 942 2034 tenebat
963 2001 1176 2039 &adstruebat
1187 2026 1196 2042 ,

312 2047 446 2091 veir-‘twfita
469 2050 648 2082 &concordi
677 2055 805 2083 omnium
828 2049 936 2093 assensu
960 2049 1133 2092 confirmata
1146 2052 1203 2091 est:

314 2100 406 2137 Etin
431 2098 547 2133 litteris
567 2099 609 2133 ad
635 2099 873 2143 Berengarium
901 2100 1059 2143 Magister
1081 2102 1203 2137 Asceli-

315 2161 398 2184 nus.-
428 2150 548 2183 Pudeat
563 2157 593 2183 te
611 2156 800 2191 patrocinari
813 2151 841 2192 J
847 2156 952 2184 oannis
974 2153 1049 2183 Scoti
1072 2152 1203 2193 librum,

313 2213 405 2243 quem
416 2201 556 2235 Vercellis
578 2205 611 2232 in
621 2202 762 2241 plenaria
773 2203 792 2233 5
789 2202 882 2240 ynodo
900 2202 1097 2240 damnatum,
1121 2210 1204 2244 teque

310 2259 438 2293 propter
457 2261 524 2283 eum
546 2249 667 2292 Haerefis
691 2252 809 2284 macula
843 2260 979 2284 notatum
1001 2252 1179 2287 audivimus
1195 2277 1202 2284 .

317 2301 363 2334 Er.
384 2302 517 2334 Sanclus
543 2299 795 2335 Guitmundus:
826 2305 896 2333 Mox
922 2301 1130 2342 incipientibus
1151 2301 1202 2338 bis

316 2351 465 2386 erroribus
472 2351 578 2393 palam
587 2352 691 2384 audiri
706 2377 716 2392 ,
743 2351 889 2389 Catholici
900 2357 963 2384 viri
967 2358 1107 2395 graviter
1131 2364 1203 2386 com-

316 2407 389 2435 moti
404 2426 415 2442 ,
440 2409 529 2444 atque
546 2402 775 2436 intolerabiliter
780 2402 917 2443 ferentes
926 2427 936 2443 ,
958 2401 1136 2444 praefidente
1144 2412 1203 2445 per

310 2450 506 2496 semetipsum
530 2451 696 2492 beat1ffimae
716 2459 864 2487 memoriae
886 2456 1012 2486 Domino
1031 2456 1120 2495 Papa
1133 2457 1204 2487 Leo-

317 2512 356 2535 ne
369 2526 379 2541 ‚
405 2503 540 2536 Vercellis
567 2503 732 2535 Concilium
739 2511 854 2544 ponunt
866 2527 876 2542 ‚
902 2509 935 2535 in
947 2514 1001 2544 quo
1008 2503 1070 2545 post
1080 2505 1204 2547 diligen-

316 2553 453 2591 ,tiffimam
473 2553 509 2584 de
526 2555 654 2592 Corpore
677 2554 868 2594 &Sanguine
891 2556 1012 2585 Domini
1033 2552 1179 2590 rationem
1191 2578 1202 2593 ,

318 2604 540 2645 ⁸Berengarium
553 2625 563 2639 ‚
589 2602 622 2633 (Ὗ
634 2613 731 2636 omncs
744 2603 808 2641 eius
827 2607 860 2635 in
873 2601 928 2635 bac
951 2602 1065 2648 Haerefi
1066 2605 1202 2646 fautores

314 2660 464 2695 perpetuo
485 2649 696 2691 anathemate,
726 2650 784 2692 nist
796 2650 1013 2694 refipiscerent‚
1038 2654 1203 2687 damnave-

318 2711 412 2736 runt.
441 2701 485 2734 Et
502 2700 703 2736 Guilielmus
727 2701 1038 2737 Malmesberienfis:
1066 2705 1203 2738 Solidita-

321 2758 348 2785 ti
361 2751 520 2788 catholicae
531 2757 640 2784 timens
649 2749 673 2793 s
668 2750 836 2791 ancliffimae
853 2758 1003 2789 memoriae
1015 2756 1074 2786 Leo
1091 2755 1198 2797 Papa,

322 2803 462 2837 Vercellis
484 2811 589 2837 contra
601 2803 817 2844 Berengarium
837 2802 967 2842 instituto
979 2804 1102 2835 Concilio
1123 2812 1202 2839 tene·

322 2852 393 2885 bras
417 2852 544 2891 nebulosi¹
562 2857 669 2886 erroris
693 2853 943 2895 Evangelicorum
980 2853 1202 2892 testimoniorum

314 2903 440 2947 fulgore'
472 2902 607 2943 depulit.
648 2902 773 2934 Eadem
812 2902 907 2935 verba
928 2902 993 2937 suis
1016 2902 1202 2936 Annalibus

324 2952 459 2987 inseruit
476 2951 655 2987 Matthaeus
677 2951 874 2986 Parifienfis.
904 2952 984 2985 Haec
1004 2962 1083 2995 ergo
1097 2953 1205 2998 Syno-

324 3002 384 3035 dus
404 3014 457 3047 per
478 3002 618 3046 priorem
641 3001 852 3040 Romanam,
877 3002 966 3045 quod
991 3000 1026 3037 in
1047 3002 1113 3044 ipsa
1133 3012 1201 3035 non

326 3053 548 3094 comparuisset
558 3052 791 3096 BerengariuS,
818 3052 1064 3096 ideoquecausa
1085 3051 1216 3098 videre->

327 3109 379 3133 tur
392 3113 457 3135 non
472 3102 565 3144 plene
577 3102 670 3136 finita
682 3127 693 3143 ‚
714 3102 908 3137 fuitindieta
921 3127 928 3134 .
958 3101 1084 3136 Versim
1095 3113 1202 3146 neque

329 3147 448 3183 hicille
468 3153 670 3193 comparuit,
694 3152 750 3188 sed
763 3152 853 3187 solos
874 3152 960 3188 milit
971 3151 1202 3196 Responsales„

328 3197 374 3232 Et
396 3198 471 3232 hinc
498 3201 600 3242 ipsum
622 3202 686 3235 effe
710 3202 805 3244 plene
828 3202 1029 3236 Haereticum
1051 3202 1202 3245 deinceps

328 3259 401 3283 non
421 3246 581 3282 dubitavit
602 3250 781 3292 Pontifex,
809 3252 950 3296 ideoque
971 3263 1045 3286 cum
1066 3252 1202 3295 Ioannis

327 3297 419 3332 Scoti
440 3295 544 3329 libro'
538 3307 652 3331 iterum
670 3300 826 3335 damnato
851 3314 920 3336 non
932 3302 1062 3336 tantum
1083 3303 1101 3339 ὲ
1114 3314 1202 3336 com—

329 3347 488 3383 munione
510 3346 671 3388 suspendit
684 3360 718 3381 ut
735 3352 936 3392 suspectum,
964 3353 1016 3387 sed
1029 3363 1064 3386 ut
1078 3364 1200 3386 novum

325 3393 665 3434 Haerefiarchamcum
679 3398 830 3433 omnibus
841 3402 902 3434 suis
913 3401 1093 3436 fautoribus
1115 3403 1147 3436 ὅ(
1162 3405 1200 3439 se·

1282 698 1437 742 quacibus
1460 700 1559 742 usque
1576 700 1618 735 ad
1640 701 1884 745 resipiscentiam
1908 701 2160 741 anathematin·

1283 749 1328 786 vit
1348 771 1356 780 .
1387 749 1465 793 Ejus
1488 750 1703 801 Responsales
1725 750 1836 786 denuo
1864 753 2006 802 conjecit
2033 755 2068 793 in
2093 766 2159 793 car-

1278 809 1402 837 cerem.

1326 848 1453 892 Synodi
1477 849 1561 886 Acta
1583 852 1732 887 Henrico
1753 853 1840 899 Regi
1863 854 2039 893 retulerunt
2063 878 2085 895 ,
2098 855 2159 898 qui

1276 900 1414 942 Synodo
1436 901 1638 936 adfuerant
1626 915 1643 937 a
1670 906 1723 938 sua
1747 904 1866 939 becles
1858 917 1886 939 a
1914 905 2068 949 Legati,
2085 905 2158 943 duo

1278 949 1396 984 Clerici
1406 950 1639 987 Carnutenses.
1666 954 1714 988 lta
1728 954 1859 990 testatur
1869 956 1934 997 ipse
1944 955 2159 1000 Berengarius

1277 999 1312 1037 in
1339 1000 1455 1034 litteris
1475 1001 1515 1034 ad
1543 988 1712 1037 Comitem
1741 1003 1971 1045 Richardurn.
1999 1005 2157 1048 Episcopi

1275 1050 1364 1083 enim
1384 1050 1432 1083 sui
1447 1051 1553 1085 Sancti
1568 1052 1736 1094 Fulberti‚
1762 1058 1818 1099 qui
1839 1054 1983 1091 moriens
1995 1055 2157 1099 Berenga-

1275 1099 1359 1132 rium
1371 1099 1531 1141 eJecerata
1543 1101 1596 1134 sua
1609 1102 1694 1136 facie
1705 1127 1716 1145 ‚
1738 1103 1863 1145 judicio
1874 1105 2082 1143 Carnutenfis
2094 1105 2156 1142 Ec-

1274 1148 1366 1182 clefia
1377 1149 1500 1192 semper
1519 1150 1674 1189 constans
1696 1149 1825 1190 adhaefit
1837 1177 1845 1186 .
1872 1154 1942 1188 Cur
1957 1154 2042 1190 duos
2053 1154 2156 1189 Cleri-

1272 1210 1328 1233 cos
1352 1199 1467 1244 legarit
1486 1200 1676 1242 Vercellas,
1704 1203 1812 1246 prodit
1833 1202 2015 1243 Durandus
2033 1202 2156 1241 'I'roat-

1274 1250 1419 1287 nenfium
1446 1249 1585 1293 Abba,
1610 1251 1701 1295 ajens
1726 1252 1952 1288 damnatum
1942 1264 1987 1286 m
1998 1251 2154 1291 Romam

1271 1299 1406 1347 Synodo
1429 1300 1663 1346 Berengarium
1697 1302 1789 1341 fuisse
1804 1304 1823 1338 ὲ
1845 1303 2031 1338 Guilielmo
2054 1302 2155 1342 Nort-

1272 1351 1409 1384 mandiae
1422 1350 1518 1389 Duce
1528 1362 1756 1396 contemptum
1773 1374 1784 1395 ⁵
1807 1367 1846 1390 ac
1859 1354 1900 1388 ab
1919 1353 2008 1391 illius
2020 1353 2151 1396 Episco-

1270 1401 1317 1442 pis
1337 1400 1454 1437 iterato
1464 1401 1682 1443 damnatum,
1708 1414 1748 1436 ac
1764 1415 1924 1449 pergens:
1951 1405 2153 1447 Berengaerius

1270 1459 1384 1487 autem
1389 1453 1514 1486 tandem
1535 1463 1595 1485 non
1597 1452 1661 1495 sne
1666 1454 1779 1494 pudore
1799 1455 1952 1495 evadens,
1981 1457 2153 1490 carnutum

1267 1505 1355 1542 petiit
1367 1525 1378 1542 ,
1402 1501 1454 1538 ubi
1467 1501 1579 1544 postus
1600 1505 1640 1540 de
1651 1505 1755 1537 eadem
1775 1501 2154 1548 quaestioneseconsuleml·

1267 1550 1344 1590 bus,
1370 1552 1475 1583 audica
1500 1558 1609 1598 quippe
1624 1556 1696 1594 jam
1705 1554 1791 1598 longe
1809 1557 1930 1598 lateque
1951 1554 2022 1589 ac‘Ja
2032 1552 2155 1595 ress-e·

1267 1608 1316 1633 rat
1328 1622 1338 1638 ‚
1365 1602 1487 1634 clericis
1508 1601 1639 1644 ejusdem
1659 1603 1743 1637 urbis
1769 1606 1851 1638 nulla
1873 1603 2031 1648 respondit
2048 1627 2061 1644 ,
2083 1615 2151 1640 em

1266 1653 1339 1683 vero
1355 1649 1411 1696 fibi
1422 1658 1625 1692 opportunitas
1648 1654 1794 1692 daretur,
1815 1653 1851 1697 se
1872 1651 2150 1698 responsurumpro-

1265 1698 1339 1740 misit
1351 1723 1358 1731 .
1386 1702 1470 1734 Unde
1493 1713 1550 1734 non
1573 1702 1668 1735 multo.
1683 1702 1746 1744 post
1766 1705 1884 1737 litteras
1898 1726 1909 1744 ,
1933 1714 2010 1746 quas
2034 1705 2070 1737 (9⁹
2086 1700 2149 1747 ipse

1263 1750 1342 1792 legi,
1367 1749 1499 1782 dic‘lavit
1513 1774 1523 1790 ‚
1548 1756 1581 1787 in
1604 1751 1707 1793 quibus
1728 1754 1827 1789 multa
1846 1748 1999 1795 absurda,
2020 1751 2149 1796 fideique

1267 1798 1429 1836 catholicae
1438 1799 1538 1832 aliena
1551 1799 1679 1837 anbelus
1690 1802 1871 1837 declamavit
1882 1827 1890 1835 .
1916 1806 1998 1838 Inter
2009 1813 2079 1844 quae
2090 1805 2149 1835 Ro-

1270 1860 1389 1881 manam
1409 1848 1583 1891 Ecclefiam,
1608 1859 1699 1893 caput
1716 1853 1855 1887 videlicet
1862 1857 1954 1886 totius
1975 1850 2149 1897 christun&

1268 1905 1339 1931 satis
1352 1925 1362 1940 ‚
1388 1900 1485 1932 multa
1495 1905 1664 1936 temeritate
1671 1900 1808 1935 haeretico
1818 1902 1957 1939 vocabulo
1967 1903 2125 1938 denotavit
2134 1925 2148 1946 ,

1265 1960 1330 1982 cum
1348 1960 1406 1991 qua
1428 1950 1578 1985 Rellorem
1602 1953 1670 1992 ejus
1683 1975 1693 1991 ‚
1720 1955 1880 1985 Dominum
1894 1951 2005 1994 scilicet
2026 1954 2148 1994 Papam

1266 2003 1391 2033 Leonem
1409 2022 1419 2038 ‚
1437 2002 1522 2041 cujus
1544 2000 1622 2042 fides
1644 2001 1816 2042 Catholica,
1837 2000 2009 2045 spedabilis
2025 1999 2146 2045 sapien·

1263 2056 1308 2084 tia
1325 2075 1336 2092 ,
1362 2050 1528 2084 laudabilis
1552 2050 1719 2086 habebatur
1741 2051 1907 2095 industria,
1932 2063 2021 2094 quem
2029 2061 2153 2088 nonex-

1262 2106 1359 2142 cepis,
1382 2105 1498 2140 pariter
1519 2100 1714 2142 infamavit,
1736 2100 1827 2146 seque
1847 2103 1892 2135 ad
1907 2109 2063 2144 utrumque
2079 2112 2147 2135 con-

1262 2152 1443 2183 vincendum
1457 2174 1467 2189 ‚
1491 2151 1563 2183 dum
1576 2149 1751 2193 respondere
1769 2151 1904 2192 differret
1931 2176 1942 2192 ‚
1968 2157 2149 2195 interrogan-

1261 2201 1340 2232 tibus
1350 2201 1506 2243 intendisse
1524 2202 1626 2235 retulit
1637 2224 1645 2234 .
1674 2205 1757 2235 Tunc
1767 2204 1876 2244 quippe*
1895 2201 2027 2242 instabat
2047 2200 2147 2240 conflie

1262 2260 1327 2283 tuta
1348 2251 1414 2283 dies
1429 2252 1556 2285 concilii
1574 2250 1757 2294 postmodum
1778 2251 2053 2288 Vercellis-hubin.
2071 2253 2145 2298 ,Eas

1262 2306 1362 2343 itaque
1372 2301 1489 2333 litteras
1501 2306 1648 2342 puritatis
1662 2326 1672 2342 ‚
1704 2310 1737 2334 ut
1740 2301 1796 2343 fibi
1810 2301 1970 2336 videbatur
1981 2325 1993 2342 ,
2013 2302 2144 2344 plenas,

1257 2351 1316 2393 fed
1328 2352 1435 2384 revera
1459 2351 1554 2384 multa
1565 2356 1703 2384 vanitate
1714 2352 1843 2393 refertas
1851 2367 1865 2393 ,·
1889 2349 2121 2396 Carnutenfibut
2129 2373 2143 2390 ,

1262 2407 1312 2444 qui
1319 2399 1376 2444 fibi
1386 2400 1572 2443 quaestionem
1583 2407 1816 2437 intentaverant
1829 2427 1840 2443 ,
1864 2402 2046 2444 destinavit·
2071 2400 2147 2434 Ht’

1262 2463 1340 2496 ergo
1355 2451 1501 2492 litteraS‚
1525 2451 1858 2498 &Berengariiapud
1882 2454 1914 2491 sc
1924 2452 2007 2490 Acta
2017 2451 2143 2486 Carnu-

1262 2501 1357 2537 tenfis
1380 2502 1520 2547 Legatio
1531 2501 1687 2537 Pontifici
1704 2503 1741 2536 ἀ
1753 2501 1890 2546 synodo
1908 2501 2041 2536 retulit.
2095 2515 2098 2518 ·

1312 2551 1426 2588 Aliam
1438 2552 1534 2596 hujus
1545 2551 1673 2596 Synodi
1685 2553 1848 2586 assionem
1870 2553 1965 2588 refert
1975 2549 2145 2586 Henricus

1262 2602 1564 2636 Huntindonienfis
1582 2613 1592 2636 :
1619 2605 1668 2634 Eo
1692 2610 1823 2643 tempore
1842 2604 1901 2635 Leo
1930 2604 2020 2643 Papa
2037 2604 2140 2634 tenuit

1262 2654 1403 2692 synodum
1425 2653 1514 2693 apud
1540 2652 1689 2685 Vercellas
1709 2674 1720 2693 ‚
1742 2651 1793 2684 ubi
1814 2649 1906 2692 Ulpbo
1943 2648 2142 2688 Dorcecestriae

1262 2701 1402 2744 interfuit
1414 2726 1424 2741 ‚
1449 2700 1692 2742 &pene'frac‘lus
1713 2700 1753 2741 est
1764 2700 1885 2733 baculus
1895 2701 1964 2739 ejus
1976 2697 2143 2742 Episcopum

1260 2755 1299 2787 lis
1322 2777 1333 2792 ‚
1359 2751 1416 2795 nist
1430 2753 1527 2791 majus
1548 2755 1682 2793 pretium
1704 2751 1824 2792 dedsfflet
1844 2775 1851 2782 .
1878 2748 2042 2793 Nesciebat.
2057 2752 2147 2790 enirn„

1262 2803 1381 2843 officium
1400 2798 1488 2843 suum
1508 2823 1519 2839 ‚
1539 2800 1610 2841 ficut
1631 2802 1709 2833 decet
1731 2799 1908 2843 Episcopum
1929 2824 1937 2835 ,
1965 2798 2057 2847 Qid
2083 2807 2137 2841 pet

1262 2851 1362 2894 majus
1386 2851 1523 2892 pretium
1547 2850 1712 2884 Henricus
1736 2849 1921 2895 intelligat,
1947 2849 2060 2892 &quae
2072 2849 2136 2880 fue÷

1261 2901 1325 2937 rint
1348 2899 1520 2942 Ulphonis
1539 2901 1700 2941 crimina,
1726 2900 1862 2945 ignoro.
1895 2899 2005 2935 Etiam
2029 2898 2063 2934 in
2087 2909 2137 2930 ac-

1260 2950 1454 2984 cessionibus
1471 2949 1513 2983 ad
1529 2949 1734 2993 sigebertum
1747 2949 2017 2988 Gemblacensem
2028 2947 2136 2984 scribit

1240 3000 1242 3002 ’
1260 3000 1422 3035 Robertus
1441 2998 1553 3035 Abbas
1573 3000 1775 3036 Montenfis:
1806 3003 1865 3033 Leo
1888 3001 1975 3040 Papa
1993 2998 2137 3040 synodum

1260 3056 1352 3084 tenuit
1371 3051 1457 3092 apud
1467 3051 1612 3086 Vercellas
1622 3074 1633 3091 ‚
1656 3050 1709 3086 ubi
1732 3049 1790 3091 Ulf
1794 3045 1955 3090 Episcopus
1971 3046 2132 3088 interfuit.

1260 3105 1307 3134 Et
1313 3099 1518 3143 peneifraci'us
1526 3100 1565 3140 est
1574 3102 1640 3141 ejus
1650 3100 1768 3137 baculus
1780 3096 1986 3140 Episcopalis,
2011 3096 2068 3138 mfi
2074 3108 2138 3129 ma-

1259 3163 1316 3184 nus
1341 3156 1548 3192 accipientium
1571 3159 1775 3195 ungerentur.
1801 3147 1959 3190 Nesciebat
1981 3153 2061 3181 enim
2080 3146 2136 3188 offl-

1257 3207 1356 3241 cium,
1376 3200 1449 3243 ficut
1476 3198 1654 3248 Episcopum
1677 3200 1809 3235 deceret.
1839 3198 1986 3240 Exponit
2006 3197 2085 3240 quid
2097 3196 2137 3229 fit

1262 3250 1363 3293 majus
1385 3250 1540 3294 pretium.
1570 3250 1618 3283 At
1638 3249 1788 3282 Sanctum
1811 3247 1979 3287 Leonem,
2016 3245 2136 3288 capita-

1262 3302 1328 3335 lem
1346 3301 1436 3334 istius
1455 3299 1607 3334 facinoris
1629 3296 1778 3339 hostem,
1805 3309 1904 3334 nemo
1925 3305 2070 3343 unquam
2083 3292 2145 3331 hic·

1262 3352 1312 3387 vel
1333 3351 1509 3396 suspectum
1532 3347 1665 3385 habuit.

1931 3496 1969 3535 ’5.
1991 3495 2095 3531 LEO·

2170 1417 2245 1457 cap.
2257 1427 2288 1457 9

2160 2916 2195 2947 A·
2209 2924 2293 2954 tows
