<?xml version="1.0" encoding="UTF-8"?>
<!DOCTYPE html PUBLIC "-//W3C//DTD XHTML 1.0 Transitional//EN"
    "http://www.w3.org/TR/xhtml1/DTD/xhtml1-transitional.dtd">
<html xmlns="http://www.w3.org/1999/xhtml" xml:lang="en" lang="en">
 <head>
  <title>
</title>
<meta http-equiv="Content-Type" content="text/html;charset=utf-8" />
  <meta name='ocr-system' content='tesseract 3.04.00' />
  <meta name='ocr-capabilities' content='ocr_page ocr_carea ocr_par ocr_line ocrx_word'/>
</head>
<body>
  <div class='ocr_page' id='page_1' title='image "./operaomniastudio04lupuuoft/operaomniastudio04lupuuoft_0279.png"; bbox 0 0 2352 3736; ppageno 0'>
   <div class='ocr_carea' id='block_1_1' title="bbox 88 2271 247 2512">
    <p class='ocr_par' dir='ltr' id='par_1_1' title="bbox 88 2271 247 2463">
     <span class='ocr_line' id='line_1_1' title="bbox 88 2271 242 2309; baseline 0 -7"><span class='ocrx_word' id='word_1_1' title='bbox 88 2271 133 2309; x_wconf 66' lang='lat' dir='ltr'>(a)</span> <span class='ocrx_word' id='word_1_2' title='bbox 143 2273 242 2307; x_wconf 77' lang='lat' dir='ltr'>Honor</span> 
     </span>
     <span class='ocr_line' id='line_1_2' title="bbox 88 2312 247 2347; baseline 0.006 -7"><span class='ocrx_word' id='word_1_3' title='bbox 88 2313 144 2341; x_wconf 85' lang='lat' dir='ltr'>rius</span> <span class='ocrx_word' id='word_1_4' title='bbox 169 2312 247 2347; x_wconf 70' lang='lat' dir='ltr'>Papa</span> 
     </span>
     <span class='ocr_line' id='line_1_3' title="bbox 88 2349 245 2393; baseline -0.019 -13"><span class='ocrx_word' id='word_1_5' title='bbox 88 2360 119 2380; x_wconf 80' lang='lat' dir='ltr'>ex</span> <span class='ocrx_word' id='word_1_6' title='bbox 131 2349 245 2393; x_wconf 68' lang='lat' dir='ltr'>inscrip.</span> 
     </span>
     <span class='ocr_line' id='line_1_4' title="bbox 89 2392 215 2424; baseline 0 -5"><span class='ocrx_word' id='word_1_7' title='bbox 89 2392 215 2424; x_wconf 69' lang='lat' dir='ltr'>(irritem,</span> 
     </span>
     <span class='ocr_line' id='line_1_5' title="bbox 88 2432 191 2463; baseline 0.019 -2"><span class='ocrx_word' id='word_1_8' title='bbox 88 2432 191 2463; x_wconf 78' lang='lat' dir='ltr'>Adnot-</span> 
     </span>
    </p>

    <p class='ocr_par' dir='ltr' id='par_1_2' title="bbox 89 2469 244 2512">
     <span class='ocr_line' id='line_1_6' title="bbox 89 2469 244 2512; baseline 0.006 -12"><span class='ocrx_word' id='word_1_9' title='bbox 89 2476 118 2500; x_wconf 73' lang='grc' dir='ltr'><strong>Ν</strong></span> <span class='ocrx_word' id='word_1_10' title='bbox 124 2469 244 2512; x_wconf 64' lang='lat' dir='ltr'>‹tristanu-</span> 
     </span>
    </p>
   </div>
   <div class='ocr_carea' id='block_1_2' title="bbox 100 3278 235 3310">
    <p class='ocr_par' dir='ltr' id='par_1_3' title="bbox 100 3278 235 3310">
     <span class='ocr_line' id='line_1_7' title="bbox 100 3278 235 3310; baseline -0.015 0"><span class='ocrx_word' id='word_1_11' title='bbox 100 3278 161 3310; x_wconf 75' lang='lat' dir='ltr'>Lib·</span> <span class='ocrx_word' id='word_1_12' title='bbox 191 3281 235 3310; x_wconf 81' lang='lat'>18.</span> 
     </span>
    </p>
   </div>
   <div class='ocr_carea' id='block_1_3' title="bbox 643 85 1700 155">
    <p class='ocr_par' dir='ltr' id='par_1_4' title="bbox 643 85 1700 155">
     <span class='ocr_line' id='line_1_8' title="bbox 643 85 1700 155; baseline -0.001 -21"><span class='ocrx_word' id='word_1_13' title='bbox 643 93 938 155; x_wconf 72' lang='lat' dir='ltr'>QARruM</span> <span class='ocrx_word' id='word_1_14' title='bbox 971 85 1284 136; x_wconf 62' lang='lat' dir='ltr'>Romanum</span> <span class='ocrx_word' id='word_1_15' title='bbox 1320 85 1700 136; x_wconf 62' lang='lat' dir='ltr'>Concursum.</span> 
     </span>
    </p>
   </div>
   <div class='ocr_carea' id='block_1_4' title="bbox 247 170 1153 1969">
    <p class='ocr_par' dir='ltr' id='par_1_5' title="bbox 247 170 1153 1969">
     <span class='ocr_line' id='line_1_9' title="bbox 247 170 1133 220; baseline -0.011 -7"><span class='ocrx_word' id='word_1_16' title='bbox 247 180 295 220; x_wconf 82' lang='lat' dir='ltr'>fis,</span> <span class='ocrx_word' id='word_1_17' title='bbox 308 190 345 214; x_wconf 87' lang='lat' dir='ltr'>ac</span> <span class='ocrx_word' id='word_1_18' title='bbox 357 174 575 219; x_wconf 80' lang='lat' dir='ltr'>Aquilejenfis</span> <span class='ocrx_word' id='word_1_19' title='bbox 586 200 596 217; x_wconf 90' lang='lat'>‚</span> <span class='ocrx_word' id='word_1_20' title='bbox 623 172 765 217; x_wconf 77' lang='lat' dir='ltr'>itemque</span> <span class='ocrx_word' id='word_1_21' title='bbox 776 172 951 207; x_wconf 87' lang='lat' dir='ltr'>Sardorum</span> <span class='ocrx_word' id='word_1_22' title='bbox 965 170 1133 212; x_wconf 85' lang='lat' dir='ltr'>Metropo-</span> 
     </span>
     <span class='ocr_line' id='line_1_10' title="bbox 249 221 1133 271; baseline -0.014 -8"><span class='ocrx_word' id='word_1_23' title='bbox 249 227 588 271; x_wconf 76' lang='lat' dir='ltr'>lessueruntsorores:</span> <span class='ocrx_word' id='word_1_24' title='bbox 626 224 789 268; x_wconf 86' lang='lat' dir='ltr'>Antiquis</span> <span class='ocrx_word' id='word_1_25' title='bbox 812 224 848 257; x_wconf 85' lang='lat' dir='ltr'>in</span> <span class='ocrx_word' id='word_1_26' title='bbox 873 221 1018 265; x_wconf 88' lang='lat' dir='ltr'>Synodis</span> <span class='ocrx_word' id='word_1_27' title='bbox 1045 230 1133 253; x_wconf 90' lang='lat' dir='ltr'>nunc</span> 
     </span>
     <span class='ocr_line' id='line_1_11' title="bbox 250 272 1134 325; baseline -0.011 -13"><span class='ocrx_word' id='word_1_28' title='bbox 250 277 367 324; x_wconf 80' lang='lat' dir='ltr'>hujus,</span> <span class='ocrx_word' id='word_1_29' title='bbox 392 277 583 315; x_wconf 84' lang='lat' dir='ltr'>nuncillius</span> <span class='ocrx_word' id='word_1_30' title='bbox 595 273 789 315; x_wconf 80' lang='lat' dir='ltr'>Antistitem</span> <span class='ocrx_word' id='word_1_31' title='bbox 801 285 862 316; x_wconf 87' lang='lat' dir='ltr'>pro</span> <span class='ocrx_word' id='word_1_32' title='bbox 886 272 975 306; x_wconf 89' lang='lat' dir='ltr'>varia</span> <span class='ocrx_word' id='word_1_33' title='bbox 998 279 1134 325; x_wconf 68' lang='lat' dir='ltr'>acceptae</span> 
     </span>
     <span class='ocr_line' id='line_1_12' title="bbox 249 320 1135 371; baseline -0.012 -9"><span class='ocrx_word' id='word_1_34' title='bbox 249 328 506 367; x_wconf 84' lang='lat' dir='ltr'>consecrationis</span> <span class='ocrx_word' id='word_1_35' title='bbox 518 337 611 364; x_wconf 79' lang='lat' dir='ltr'>aetate</span> <span class='ocrx_word' id='word_1_36' title='bbox 624 325 765 371; x_wconf 90' lang='lat' dir='ltr'>legimus</span> <span class='ocrx_word' id='word_1_37' title='bbox 786 323 886 367; x_wconf 79' lang='lat' dir='ltr'>priori</span> <span class='ocrx_word' id='word_1_38' title='bbox 907 322 984 362; x_wconf 84' lang='lat' dir='ltr'>loco</span> <span class='ocrx_word' id='word_1_39' title='bbox 1007 320 1135 355; x_wconf 75' lang='lat' dir='ltr'>sedisse.</span> 
     </span>
     <span class='ocr_line' id='line_1_13' title="bbox 250 370 1138 422; baseline -0.009 -11"><span class='ocrx_word' id='word_1_40' title='bbox 250 378 301 422; x_wconf 85' lang='lat' dir='ltr'>Jta</span> <span class='ocrx_word' id='word_1_41' title='bbox 322 378 384 411; x_wconf 82' lang='lat' dir='ltr'>fuit</span> <span class='ocrx_word' id='word_1_42' title='bbox 406 378 507 422; x_wconf 82' lang='lat' dir='ltr'>usque</span> <span class='ocrx_word' id='word_1_43' title='bbox 530 376 570 411; x_wconf 85' lang='lat' dir='ltr'>ad</span> <span class='ocrx_word' id='word_1_44' title='bbox 589 377 688 411; x_wconf 86' lang='lat' dir='ltr'>trium</span> <span class='ocrx_word' id='word_1_45' title='bbox 713 372 944 418; x_wconf 79' lang='lat' dir='ltr'>capitulorum</span> <span class='ocrx_word' id='word_1_46' title='bbox 979 371 999 406; x_wconf 76' lang='grc' dir='ltr'>ὲ</span> <span class='ocrx_word' id='word_1_47' title='bbox 1022 370 1138 415; x_wconf 89' lang='lat' dir='ltr'>quinta</span> 
     </span>
     <span class='ocr_line' id='line_1_14' title="bbox 249 421 1139 472; baseline -0.011 -9"><span class='ocrx_word' id='word_1_48' title='bbox 249 429 388 472; x_wconf 76' lang='lat' dir='ltr'>Synodo</span> <span class='ocrx_word' id='word_1_49' title='bbox 400 438 514 465; x_wconf 89' lang='lat' dir='ltr'>natum</span> <span class='ocrx_word' id='word_1_50' title='bbox 526 425 694 466; x_wconf 85' lang='lat' dir='ltr'>Schisma,</span> <span class='ocrx_word' id='word_1_51' title='bbox 715 435 773 468; x_wconf 86' lang='lat' dir='ltr'>pro</span> <span class='ocrx_word' id='word_1_52' title='bbox 794 422 886 465; x_wconf 81' lang='lat' dir='ltr'>cujus</span> <span class='ocrx_word' id='word_1_53' title='bbox 908 421 1070 466; x_wconf 80' lang='lat' dir='ltr'>pertinaci</span> <span class='ocrx_word' id='word_1_54' title='bbox 1092 430 1139 454; x_wconf 89' lang='lat' dir='ltr'>tu-</span> 
     </span>
     <span class='ocr_line' id='line_1_15' title="bbox 249 470 1139 518; baseline -0.009 -6"><span class='ocrx_word' id='word_1_55' title='bbox 249 480 315 513; x_wconf 85' lang='lat' dir='ltr'>tela</span> <span class='ocrx_word' id='word_1_56' title='bbox 326 475 742 518; x_wconf 43' lang='lat' dir='ltr'>Mediolanenssae—Ecclefia</span> <span class='ocrx_word' id='word_1_57' title='bbox 765 474 800 510; x_wconf 86' lang='lat'>&amp;</span> <span class='ocrx_word' id='word_1_58' title='bbox 823 472 982 513; x_wconf 80' lang='lat' dir='ltr'><strong>Paulinus</strong></span> <span class='ocrx_word' id='word_1_59' title='bbox 1006 470 1139 516; x_wconf 87' lang='lat' dir='ltr'>Aquile-</span> 
     </span>
     <span class='ocr_line' id='line_1_16' title="bbox 249 519 1141 572; baseline -0.011 -9"><span class='ocrx_word' id='word_1_60' title='bbox 249 529 342 572; x_wconf 77' lang='lat' dir='ltr'>jenfis</span> <span class='ocrx_word' id='word_1_61' title='bbox 352 528 628 572; x_wconf 85' lang='lat' dir='ltr'>Archiepiscopus</span> <span class='ocrx_word' id='word_1_62' title='bbox 637 524 852 568; x_wconf 85' lang='lat' dir='ltr'>conjurarunt</span> <span class='ocrx_word' id='word_1_63' title='bbox 862 549 873 564; x_wconf 93' lang='lat'>‚</span> <span class='ocrx_word' id='word_1_64' title='bbox 899 532 1000 570; x_wconf 89' lang='lat' dir='ltr'>atque</span> <span class='ocrx_word' id='word_1_65' title='bbox 1012 522 1059 557; x_wconf 87' lang='lat' dir='ltr'>ita</span> <span class='ocrx_word' id='word_1_66' title='bbox 1074 519 1141 560; x_wconf 88' lang='lat' dir='ltr'>hic,</span> 
     </span>
     <span class='ocr_line' id='line_1_17' title="bbox 252 570 1143 626; baseline -0.013 -12"><span class='ocrx_word' id='word_1_67' title='bbox 252 581 340 623; x_wconf 73' lang='lat' dir='ltr'>quasi</span> <span class='ocrx_word' id='word_1_68' title='bbox 363 591 419 623; x_wconf 87' lang='lat' dir='ltr'>per</span> <span class='ocrx_word' id='word_1_69' title='bbox 440 575 717 617; x_wconf 70' lang='lat' dir='ltr'>Chalcedonensis</span> <span class='ocrx_word' id='word_1_70' title='bbox 749 573 878 617; x_wconf 89' lang='lat' dir='ltr'>Synodi</span> <span class='ocrx_word' id='word_1_71' title='bbox 912 570 1143 626; x_wconf 78' lang='lat' dir='ltr'>praevaricatio-</span> 
     </span>
     <span class='ocr_line' id='line_1_18' title="bbox 252 620 1142 674; baseline -0.015 -8"><span class='ocrx_word' id='word_1_72' title='bbox 252 641 330 670; x_wconf 85' lang='lat' dir='ltr'>nem</span> <span class='ocrx_word' id='word_1_73' title='bbox 350 630 490 674; x_wconf 76' lang='lat' dir='ltr'>perimet</span> <span class='ocrx_word' id='word_1_74' title='bbox 511 627 666 665; x_wconf 80' lang='lat' dir='ltr'>Romana</span> <span class='ocrx_word' id='word_1_75' title='bbox 688 624 831 663; x_wconf 87' lang='lat' dir='ltr'>Ecclesia</span> <span class='ocrx_word' id='word_1_76' title='bbox 844 648 855 664; x_wconf 94' lang='lat'>‚</span> <span class='ocrx_word' id='word_1_77' title='bbox 880 623 899 657; x_wconf 78' lang='grc' dir='ltr'>ὲ</span> <span class='ocrx_word' id='word_1_78' title='bbox 922 620 1142 663; x_wconf 80' lang='lat' dir='ltr'>Schismaticis</span> 
     </span>
     <span class='ocr_line' id='line_1_19' title="bbox 253 669 1143 722; baseline -0.01 -8"><span class='ocrx_word' id='word_1_79' title='bbox 253 681 363 720; x_wconf 83' lang='lat' dir='ltr'>vocari</span> <span class='ocrx_word' id='word_1_80' title='bbox 373 679 472 722; x_wconf 86' lang='lat' dir='ltr'>coepit</span> <span class='ocrx_word' id='word_1_81' title='bbox 483 677 633 710; x_wconf 82' lang='lat' dir='ltr'>testantis</span> <span class='ocrx_word' id='word_1_82' title='bbox 643 675 678 709; x_wconf 91' lang='lat' dir='ltr'>in</span> <span class='ocrx_word' id='word_1_83' title='bbox 690 675 787 713; x_wconf 86' lang='lat' dir='ltr'>ltalia</span> <span class='ocrx_word' id='word_1_84' title='bbox 802 673 1062 714; x_wconf 79' lang='lat' dir='ltr'>Christianitatis</span> <span class='ocrx_word' id='word_1_85' title='bbox 1083 669 1143 705; x_wconf 85' lang='lat' dir='ltr'>Pa-</span> 
     </span>
     <span class='ocr_line' id='line_1_20' title="bbox 253 721 1143 768; baseline -0.011 -4"><span class='ocrx_word' id='word_1_86' title='bbox 253 728 414 768; x_wconf 78' lang='lat' dir='ltr'>triarcha.</span> <span class='ocrx_word' id='word_1_87' title='bbox 448 726 542 763; x_wconf 86' lang='lat' dir='ltr'>Hinc</span> <span class='ocrx_word' id='word_1_88' title='bbox 564 723 701 765; x_wconf 76' lang='lat' dir='ltr'>schisma</span> <span class='ocrx_word' id='word_1_89' title='bbox 733 725 815 759; x_wconf 88' lang='lat' dir='ltr'>illud</span> <span class='ocrx_word' id='word_1_90' title='bbox 842 748 853 764; x_wconf 91' lang='lat'>,</span> <span class='ocrx_word' id='word_1_91' title='bbox 891 722 982 767; x_wconf 76' lang='lat' dir='ltr'>quod</span> <span class='ocrx_word' id='word_1_92' title='bbox 1009 721 1143 757; x_wconf 75' lang='lat' dir='ltr'>Histriae</span> 
     </span>
     <span class='ocr_line' id='line_1_21' title="bbox 254 770 1144 822; baseline -0.011 -9"><span class='ocrx_word' id='word_1_93' title='bbox 254 777 470 822; x_wconf 73' lang='lat' dir='ltr'>Metropolim</span> <span class='ocrx_word' id='word_1_94' title='bbox 490 777 568 817; x_wconf 77' lang='lat' dir='ltr'>esset</span> <span class='ocrx_word' id='word_1_95' title='bbox 589 777 659 820; x_wconf 79' lang='lat' dir='ltr'>ejus</span> <span class='ocrx_word' id='word_1_96' title='bbox 676 785 794 819; x_wconf 87' lang='lat' dir='ltr'>caput,</span> <span class='ocrx_word' id='word_1_97' title='bbox 818 773 941 808; x_wconf 71' lang='lat' dir='ltr'>dictum</span> <span class='ocrx_word' id='word_1_98' title='bbox 965 772 1058 806; x_wconf 77' lang='lat' dir='ltr'>fuisse</span> <span class='ocrx_word' id='word_1_99' title='bbox 1081 770 1144 804; x_wconf 91' lang='lat' dir='ltr'>Hi-</span> 
     </span>
     <span class='ocr_line' id='line_1_22' title="bbox 254 821 1145 872; baseline -0.008 -10"><span class='ocrx_word' id='word_1_100' title='bbox 254 829 365 869; x_wconf 77' lang='lat' dir='ltr'>strium</span> <span class='ocrx_word' id='word_1_101' title='bbox 378 853 389 868; x_wconf 90' lang='lat'>,</span> <span class='ocrx_word' id='word_1_102' title='bbox 427 826 682 872; x_wconf 66' lang='lat' dir='ltr'>frequentissime</span> <span class='ocrx_word' id='word_1_103' title='bbox 694 824 793 860; x_wconf 85' lang='lat' dir='ltr'>habes</span> <span class='ocrx_word' id='word_1_104' title='bbox 804 824 839 864; x_wconf 85' lang='lat' dir='ltr'>in</span> <span class='ocrx_word' id='word_1_105' title='bbox 855 823 1008 868; x_wconf 84' lang='lat' dir='ltr'>Epistolis</span> <span class='ocrx_word' id='word_1_106' title='bbox 1019 821 1145 867; x_wconf 87' lang='lat' dir='ltr'>Grego-</span> 
     </span>
     <span class='ocr_line' id='line_1_23' title="bbox 254 873 1144 923; baseline -0.007 -11"><span class='ocrx_word' id='word_1_107' title='bbox 254 880 294 919; x_wconf 65' lang='lat' dir='ltr'>xii</span> <span class='ocrx_word' id='word_1_108' title='bbox 307 879 445 923; x_wconf 78' lang='lat' dir='ltr'>Magni,</span> <span class='ocrx_word' id='word_1_109' title='bbox 475 873 614 920; x_wconf 82' lang='lat' dir='ltr'>Abipso</span> <span class='ocrx_word' id='word_1_110' title='bbox 627 875 792 920; x_wconf 77' lang='lat' dir='ltr'>Apostolo</span> <span class='ocrx_word' id='word_1_111' title='bbox 803 874 901 910; x_wconf 90' lang='lat' dir='ltr'>Petro</span> <span class='ocrx_word' id='word_1_112' title='bbox 912 875 1051 908; x_wconf 61' lang='lat' dir='ltr'>erectam</span> <span class='ocrx_word' id='word_1_113' title='bbox 1066 896 1077 912; x_wconf 93' lang='lat'>,</span> <span class='ocrx_word' id='word_1_114' title='bbox 1106 884 1144 911; x_wconf 86' lang='lat' dir='ltr'>ac</span> 
     </span>
     <span class='ocr_line' id='line_1_24' title="bbox 253 922 1145 970; baseline -0.008 -7"><span class='ocrx_word' id='word_1_115' title='bbox 253 930 375 968; x_wconf 64' lang='grc' dir='ltr'>δαῐιέὲο4</span> <span class='ocrx_word' id='word_1_116' title='bbox 401 952 413 969; x_wconf 88' lang='grc'>,</span> <span class='ocrx_word' id='word_1_117' title='bbox 448 928 507 970; x_wconf 84' lang='lat' dir='ltr'>qui</span> <span class='ocrx_word' id='word_1_118' title='bbox 537 927 616 967; x_wconf 87' lang='lat' dir='ltr'>inde</span> <span class='ocrx_word' id='word_1_119' title='bbox 649 937 807 969; x_wconf 85' lang='lat' dir='ltr'>magnam</span> <span class='ocrx_word' id='word_1_120' title='bbox 827 924 976 970; x_wconf 86' lang='lat' dir='ltr'>AEgypti</span> <span class='ocrx_word' id='word_1_121' title='bbox 1000 922 1145 957; x_wconf 84' lang='lat' dir='ltr'>Alexan-</span> 
     </span>
     <span class='ocr_line' id='line_1_25' title="bbox 253 973 1144 1021; baseline -0.008 -7"><span class='ocrx_word' id='word_1_122' title='bbox 253 979 358 1018; x_wconf 79' lang='lat' dir='ltr'>driarn</span> <span class='ocrx_word' id='word_1_123' title='bbox 370 979 516 1019; x_wconf 76' lang='lat' dir='ltr'>transiit,</span> <span class='ocrx_word' id='word_1_124' title='bbox 556 977 675 1015; x_wconf 80' lang='lat' dir='ltr'>Marco</span> <span class='ocrx_word' id='word_1_125' title='bbox 695 976 913 1021; x_wconf 79' lang='lat' dir='ltr'>Evangelistae</span> <span class='ocrx_word' id='word_1_126' title='bbox 933 974 1025 1015; x_wconf 81' lang='lat' dir='ltr'>fuisse</span> <span class='ocrx_word' id='word_1_127' title='bbox 1047 973 1144 1007; x_wconf 85' lang='lat' dir='ltr'>tradi·</span> 
     </span>
     <span class='ocr_line' id='line_1_26' title="bbox 255 1024 1146 1072; baseline -0.007 -9"><span class='ocrx_word' id='word_1_128' title='bbox 255 1039 327 1064; x_wconf 79' lang='lat' dir='ltr'>tam</span> <span class='ocrx_word' id='word_1_129' title='bbox 347 1028 564 1072; x_wconf 83' lang='lat' dir='ltr'>Aquilejenfis</span> <span class='ocrx_word' id='word_1_130' title='bbox 589 1028 736 1061; x_wconf 81' lang='lat' dir='ltr'>Ecclefiae</span> <span class='ocrx_word' id='word_1_131' title='bbox 756 1025 956 1061; x_wconf 86' lang='lat' dir='ltr'>Cathedram</span> <span class='ocrx_word' id='word_1_132' title='bbox 969 1049 980 1065; x_wconf 92' lang='lat'>‚</span> <span class='ocrx_word' id='word_1_133' title='bbox 1007 1024 1146 1065; x_wconf 88' lang='lat' dir='ltr'>ideoque</span> 
     </span>
     <span class='ocr_line' id='line_1_27' title="bbox 254 1073 1146 1123; baseline -0.009 -8"><span class='ocrx_word' id='word_1_134' title='bbox 254 1079 318 1117; x_wconf 81' lang='lat' dir='ltr'>effe</span> <span class='ocrx_word' id='word_1_135' title='bbox 329 1091 367 1114; x_wconf 86' lang='lat' dir='ltr'>ac</span> <span class='ocrx_word' id='word_1_136' title='bbox 390 1081 515 1123; x_wconf 77' lang='lat' dir='ltr'>semper</span> <span class='ocrx_word' id='word_1_137' title='bbox 538 1079 631 1116; x_wconf 76' lang='lat' dir='ltr'>fuisse</span> <span class='ocrx_word' id='word_1_138' title='bbox 652 1075 905 1112; x_wconf 87' lang='lat' dir='ltr'>Patriarchalem</span> <span class='ocrx_word' id='word_1_139' title='bbox 925 1076 960 1110; x_wconf 75' lang='grc' dir='ltr'>δε</span> <span class='ocrx_word' id='word_1_140' title='bbox 980 1073 1146 1118; x_wconf 86' lang='lat' dir='ltr'>Apostoli-</span> 
     </span>
     <span class='ocr_line' id='line_1_28' title="bbox 253 1126 1145 1174; baseline -0.008 -9"><span class='ocrx_word' id='word_1_141' title='bbox 253 1141 327 1165; x_wconf 85' lang='lat' dir='ltr'>cam</span> <span class='ocrx_word' id='word_1_142' title='bbox 340 1155 351 1174; x_wconf 77' lang='lat'>‚</span> <span class='ocrx_word' id='word_1_143' title='bbox 375 1141 413 1164; x_wconf 84' lang='lat' dir='ltr'>ac</span> <span class='ocrx_word' id='word_1_144' title='bbox 424 1129 492 1171; x_wconf 78' lang='lat' dir='ltr'>ejus</span> <span class='ocrx_word' id='word_1_145' title='bbox 505 1128 702 1171; x_wconf 87' lang='lat' dir='ltr'>Episcopum</span> <span class='ocrx_word' id='word_1_146' title='bbox 717 1128 874 1162; x_wconf 88' lang='lat' dir='ltr'>Romano</span> <span class='ocrx_word' id='word_1_147' title='bbox 888 1126 1048 1160; x_wconf 88' lang='lat' dir='ltr'>Pontifici</span> <span class='ocrx_word' id='word_1_148' title='bbox 1074 1136 1145 1169; x_wconf 89' lang='lat' dir='ltr'>pro-</span> 
     </span>
     <span class='ocr_line' id='line_1_29' title="bbox 255 1175 1145 1218; baseline -0.008 -4"><span class='ocrx_word' id='word_1_149' title='bbox 255 1180 384 1214; x_wconf 81' lang='lat' dir='ltr'>ximum</span> <span class='ocrx_word' id='word_1_150' title='bbox 396 1179 543 1214; x_wconf 73' lang='lat' dir='ltr'>assedisse</span> <span class='ocrx_word' id='word_1_151' title='bbox 566 1180 600 1216; x_wconf 90' lang='lat' dir='ltr'>in</span> <span class='ocrx_word' id='word_1_152' title='bbox 622 1178 786 1212; x_wconf 83' lang='lat' dir='ltr'>Romanis</span> <span class='ocrx_word' id='word_1_153' title='bbox 807 1176 999 1215; x_wconf 88' lang='lat' dir='ltr'>Conciliis‚</span> <span class='ocrx_word' id='word_1_154' title='bbox 1027 1175 1145 1218; x_wconf 79' lang='lat' dir='ltr'>scripsit</span> 
     </span>
     <span class='ocr_line' id='line_1_30' title="bbox 255 1226 1144 1268; baseline -0.007 -4"><span class='ocrx_word' id='word_1_155' title='bbox 255 1228 295 1264; x_wconf 89' lang='lat' dir='ltr'>ad</span> <span class='ocrx_word' id='word_1_156' title='bbox 315 1229 449 1268; x_wconf 83' lang='lat' dir='ltr'>Petrum</span> <span class='ocrx_word' id='word_1_157' title='bbox 468 1227 661 1265; x_wconf 71' lang='lat' dir='ltr'>Antiochiae</span> <span class='ocrx_word' id='word_1_158' title='bbox 683 1226 904 1265; x_wconf 84' lang='lat' dir='ltr'>Patriarcham</span> <span class='ocrx_word' id='word_1_159' title='bbox 942 1226 1144 1263; x_wconf 85' lang='lat' dir='ltr'>Dominicus</span> 
     </span>
     <span class='ocr_line' id='line_1_31' title="bbox 255 1275 1145 1325; baseline -0.006 -12"><span class='ocrx_word' id='word_1_160' title='bbox 255 1280 448 1319; x_wconf 83' lang='lat' dir='ltr'>Gradenfis,</span> <span class='ocrx_word' id='word_1_161' title='bbox 475 1278 672 1325; x_wconf 88' lang='lat' dir='ltr'>dignitatem</span> <span class='ocrx_word' id='word_1_162' title='bbox 685 1279 774 1312; x_wconf 88' lang='lat' dir='ltr'>suam</span> <span class='ocrx_word' id='word_1_163' title='bbox 793 1288 900 1321; x_wconf 88' lang='lat' dir='ltr'>neque</span> <span class='ocrx_word' id='word_1_164' title='bbox 920 1277 1062 1320; x_wconf 84' lang='lat' dir='ltr'>spuriam</span> <span class='ocrx_word' id='word_1_165' title='bbox 1082 1275 1145 1314; x_wconf 79' lang='lat' dir='ltr'>effe</span> 
     </span>
     <span class='ocr_line' id='line_1_32' title="bbox 255 1325 1145 1374; baseline -0.009 -9"><span class='ocrx_word' id='word_1_166' title='bbox 255 1342 364 1374; x_wconf 84' lang='lat' dir='ltr'>neque</span> <span class='ocrx_word' id='word_1_167' title='bbox 374 1327 559 1364; x_wconf 80' lang='lat' dir='ltr'>hesternam</span> <span class='ocrx_word' id='word_1_168' title='bbox 581 1339 719 1367; x_wconf 86' lang='lat' dir='ltr'>conatus</span> <span class='ocrx_word' id='word_1_169' title='bbox 742 1327 927 1371; x_wconf 81' lang='lat' dir='ltr'>persuadere</span> <span class='ocrx_word' id='word_1_170' title='bbox 940 1349 960 1367; x_wconf 54' lang='lat' dir='ltr'><em>w</em></span> <span class='ocrx_word' id='word_1_171' title='bbox 974 1326 1019 1365; x_wconf 85' lang='lat' dir='ltr'>Et</span> <span class='ocrx_word' id='word_1_172' title='bbox 1042 1325 1145 1369; x_wconf 87' lang='lat' dir='ltr'>prima</span> 
     </span>
     <span class='ocr_line' id='line_1_33' title="bbox 257 1374 1146 1425; baseline -0.007 -11"><span class='ocrx_word' id='word_1_173' title='bbox 257 1390 328 1425; x_wconf 86' lang='lat' dir='ltr'>pars</span> <span class='ocrx_word' id='word_1_174' title='bbox 340 1380 386 1413; x_wconf 87' lang='lat' dir='ltr'>est</span> <span class='ocrx_word' id='word_1_175' title='bbox 399 1378 541 1415; x_wconf 75' lang='lat' dir='ltr'>omnino</span> <span class='ocrx_word' id='word_1_176' title='bbox 552 1389 624 1413; x_wconf 87' lang='lat' dir='ltr'>vera</span> <span class='ocrx_word' id='word_1_177' title='bbox 634 1404 642 1411; x_wconf 94' lang='lat'>.</span> <span class='ocrx_word' id='word_1_178' title='bbox 671 1377 798 1412; x_wconf 66' lang='lat' dir='ltr'>Verum</span> <span class='ocrx_word' id='word_1_179' title='bbox 809 1378 849 1411; x_wconf 86' lang='lat' dir='ltr'>ad</span> <span class='ocrx_word' id='word_1_180' title='bbox 863 1376 1073 1421; x_wconf 86' lang='lat' dir='ltr'>posteriorem</span> <span class='ocrx_word' id='word_1_181' title='bbox 1088 1374 1146 1408; x_wconf 87' lang='lat' dir='ltr'>Pe-</span> 
     </span>
     <span class='ocr_line' id='line_1_34' title="bbox 258 1425 1149 1473; baseline -0.004 -10"><span class='ocrx_word' id='word_1_182' title='bbox 258 1441 325 1469; x_wconf 78' lang='lat' dir='ltr'>trus</span> <span class='ocrx_word' id='word_1_183' title='bbox 337 1429 418 1464; x_wconf 59' lang='lat' dir='ltr'>reste</span> <span class='ocrx_word' id='word_1_184' title='bbox 428 1430 482 1468; x_wconf 88' lang='lat' dir='ltr'>res</span> <span class='ocrx_word' id='word_1_185' title='bbox 477 1429 585 1473; x_wconf 85' lang='lat' dir='ltr'>posuit</span> <span class='ocrx_word' id='word_1_186' title='bbox 597 1442 608 1466; x_wconf 74' lang='lat'>,-</span> <span class='ocrx_word' id='word_1_187' title='bbox 629 1429 705 1460; x_wconf 69' lang='lat' dir='ltr'>com</span> <span class='ocrx_word' id='word_1_188' title='bbox 722 1429 761 1461; x_wconf 84' lang='lat' dir='ltr'>ab</span> <span class='ocrx_word' id='word_1_189' title='bbox 773 1427 910 1469; x_wconf 78' lang='lat' dir='ltr'>infantia</span> <span class='ocrx_word' id='word_1_190' title='bbox 921 1428 966 1459; x_wconf 87' lang='lat' dir='ltr'>ad</span> <span class='ocrx_word' id='word_1_191' title='bbox 969 1425 1149 1468; x_wconf 68' lang='lat' dir='ltr'>senec‘lutemr</span> 
     </span>
     <span class='ocr_line' id='line_1_35' title="bbox 259 1475 1145 1523; baseline -0.01 -9"><span class='ocrx_word' id='word_1_192' title='bbox 259 1479 351 1523; x_wconf 71' lang='lat' dir='ltr'>usque</span> <span class='ocrx_word' id='word_1_193' title='bbox 357 1478 450 1523; x_wconf 82' lang='lat' dir='ltr'>sacris</span> <span class='ocrx_word' id='word_1_194' title='bbox 461 1480 573 1514; x_wconf 78' lang='lat' dir='ltr'>litteris</span> <span class='ocrx_word' id='word_1_195' title='bbox 597 1483 735 1517; x_wconf 74' lang='lat' dir='ltr'>initiatus</span> <span class='ocrx_word' id='word_1_196' title='bbox 753 1477 831 1521; x_wconf 70' lang='lat' dir='ltr'>stin,</span> <span class='ocrx_word' id='word_1_197' title='bbox 858 1486 1013 1518; x_wconf 84' lang='lat' dir='ltr'>earumque</span> <span class='ocrx_word' id='word_1_198' title='bbox 1032 1475 1145 1508; x_wconf 59' lang='lat' dir='ltr'>leffiiom·</span> 
     </span>
     <span class='ocr_line' id='line_1_36' title="bbox 256 1523 1146 1574; baseline -0.01 -10"><span class='ocrx_word' id='word_1_199' title='bbox 256 1530 378 1574; x_wconf 83' lang='lat' dir='ltr'>sedulus</span> <span class='ocrx_word' id='word_1_200' title='bbox 387 1530 590 1569; x_wconf 71' lang='lat' dir='ltr'>incubuerim,</span> <span class='ocrx_word' id='word_1_201' title='bbox 618 1540 782 1570; x_wconf 84' lang='lat' dir='ltr'>numquam</span> <span class='ocrx_word' id='word_1_202' title='bbox 792 1528 902 1559; x_wconf 79' lang='lat' dir='ltr'>abillis</span> <span class='ocrx_word' id='word_1_203' title='bbox 918 1527 1010 1558; x_wconf 84' lang='lat' dir='ltr'>didici</span> <span class='ocrx_word' id='word_1_204' title='bbox 1019 1526 1065 1556; x_wconf 86' lang='lat' dir='ltr'>ad</span> <span class='ocrx_word' id='word_1_205' title='bbox 1082 1523 1146 1556; x_wconf 82' lang='lat' dir='ltr'>baec</span> 
     </span>
     <span class='ocr_line' id='line_1_37' title="bbox 256 1572 1146 1622; baseline -0.008 -10"><span class='ocrx_word' id='word_1_206' title='bbox 256 1577 348 1622; x_wconf 63' lang='lat' dir='ltr'>&#39;usque</span> <span class='ocrx_word' id='word_1_207' title='bbox 358 1587 513 1621; x_wconf 80' lang='lat' dir='ltr'>tempora,</span> <span class='ocrx_word' id='word_1_208' title='bbox 550 1575 763 1620; x_wconf 79' lang='lat' dir='ltr'>Aquilejensem</span> <span class='ocrx_word' id='word_1_209' title='bbox 784 1585 839 1610; x_wconf 82' lang='lat' dir='ltr'>aut</span> <span class='ocrx_word' id='word_1_210' title='bbox 858 1578 1002 1612; x_wconf 70' lang='lat' dir='ltr'>Venetam</span> <span class='ocrx_word' id='word_1_211' title='bbox 1029 1572 1146 1613; x_wconf 78' lang='lat' dir='ltr'>Antisti-</span> 
     </span>
     <span class='ocr_line' id='line_1_38' title="bbox 258 1627 1146 1670; baseline -0.007 -7"><span class='ocrx_word' id='word_1_212' title='bbox 258 1639 320 1663; x_wconf 77' lang='lat' dir='ltr'>tem</span> <span class='ocrx_word' id='word_1_213' title='bbox 353 1627 565 1668; x_wconf 80' lang='lat' dir='ltr'>Patriarcbam</span> <span class='ocrx_word' id='word_1_214' title='bbox 594 1633 777 1669; x_wconf 76' lang='lat' dir='ltr'>nuncupari.</span> <span class='ocrx_word' id='word_1_215' title='bbox 826 1628 970 1670; x_wconf 70' lang='lat' dir='ltr'>,Quinque</span> <span class='ocrx_word' id='word_1_216' title='bbox 1001 1630 1079 1658; x_wconf 89' lang='lat' dir='ltr'>enim</span> <span class='ocrx_word' id='word_1_217' title='bbox 1114 1630 1146 1657; x_wconf 82' lang='lat' dir='ltr'>in</span> 
     </span>
     <span class='ocr_line' id='line_1_39' title="bbox 260 1672 1147 1722; baseline -0.008 -10"><span class='ocrx_word' id='word_1_218' title='bbox 260 1677 396 1722; x_wconf 76' lang='lat' dir='ltr'>universo</span> <span class='ocrx_word' id='word_1_219' title='bbox 405 1688 552 1714; x_wconf 82' lang='lat' dir='ltr'>terrarum</span> <span class='ocrx_word' id='word_1_220' title='bbox 562 1677 654 1715; x_wconf 63' lang='lat' dir='ltr'>orben</span> <span class='ocrx_word' id='word_1_221' title='bbox 666 1680 776 1711; x_wconf 85' lang='lat' dir='ltr'>divina</span> <span class='ocrx_word' id='word_1_222' title='bbox 797 1682 902 1721; x_wconf 89' lang='lat' dir='ltr'>gratia</span> <span class='ocrx_word' id='word_1_223' title='bbox 923 1676 1055 1708; x_wconf 83' lang='lat' dir='ltr'>ordinati</span> <span class='ocrx_word' id='word_1_224' title='bbox 1074 1672 1147 1716; x_wconf 89' lang='lat' dir='ltr'>sunt</span> 
     </span>
     <span class='ocr_line' id='line_1_40' title="bbox 262 1726 1149 1770; baseline -0.009 -8"><span class='ocrx_word' id='word_1_225' title='bbox 262 1728 472 1763; x_wconf 82' lang='lat' dir='ltr'>Patriarcbae:</span> <span class='ocrx_word' id='word_1_226' title='bbox 500 1733 675 1770; x_wconf 82' lang='lat' dir='ltr'>Romanus,</span> <span class='ocrx_word' id='word_1_227' title='bbox 705 1726 1049 1768; x_wconf 81' lang='lat' dir='ltr'>Constantinopolitanus</span> <span class='ocrx_word' id='word_1_228' title='bbox 1061 1748 1073 1764; x_wconf 92' lang='lat'>,</span> <span class='ocrx_word' id='word_1_229' title='bbox 1111 1726 1149 1754; x_wconf 78' lang='lat' dir='ltr'>A·</span> 
     </span>
     <span class='ocr_line' id='line_1_41' title="bbox 262 1773 1148 1820; baseline -0.009 -8"><span class='ocrx_word' id='word_1_230' title='bbox 262 1781 462 1813; x_wconf 83' lang='lat' dir='ltr'>lexandrinus</span> <span class='ocrx_word' id='word_1_231' title='bbox 483 1804 494 1820; x_wconf 91' lang='lat'>‚</span> <span class='ocrx_word' id='word_1_232' title='bbox 533 1777 733 1811; x_wconf 69' lang='lat' dir='ltr'>antiochenus</span> <span class='ocrx_word' id='word_1_233' title='bbox 758 1801 768 1817; x_wconf 86' lang='lat'>‚</span> <span class='ocrx_word' id='word_1_234' title='bbox 795 1778 829 1810; x_wconf 72' lang='lat'>(9⁶</span> <span class='ocrx_word' id='word_1_235' title='bbox 854 1773 1148 1818; x_wconf 80' lang='lat' dir='ltr'>Hierosolymitanus.</span> 
     </span>
     <span class='ocr_line' id='line_1_42' title="bbox 263 1822 1150 1873; baseline -0.008 -10"><span class='ocrx_word' id='word_1_236' title='bbox 263 1830 309 1862; x_wconf 91' lang='lat' dir='ltr'>Et</span> <span class='ocrx_word' id='word_1_237' title='bbox 322 1829 363 1863; x_wconf 85' lang='lat' dir='ltr'>de</span> <span class='ocrx_word' id='word_1_238' title='bbox 374 1829 587 1873; x_wconf 86' lang='lat' dir='ltr'>Lugdunensi</span> <span class='ocrx_word' id='word_1_239' title='bbox 600 1827 790 1863; x_wconf 74' lang='lat' dir='ltr'>innocentii</span> <span class='ocrx_word' id='word_1_240' title='bbox 806 1827 909 1870; x_wconf 90' lang='lat' dir='ltr'>quarti</span> <span class='ocrx_word' id='word_1_241' title='bbox 923 1824 1082 1859; x_wconf 84' lang='lat' dir='ltr'>Concilio</span> <span class='ocrx_word' id='word_1_242' title='bbox 1099 1822 1150 1859; x_wconf 86' lang='lat' dir='ltr'>ba-</span> 
     </span>
     <span class='ocr_line' id='line_1_43' title="bbox 263 1873 1152 1920; baseline -0.009 -7"><span class='ocrx_word' id='word_1_243' title='bbox 263 1879 341 1913; x_wconf 86' lang='lat' dir='ltr'>bent</span> <span class='ocrx_word' id='word_1_244' title='bbox 361 1879 443 1913; x_wconf 66' lang='lat' dir='ltr'>Aua</span> <span class='ocrx_word' id='word_1_245' title='bbox 465 1878 665 1920; x_wconf 85' lang='lat' dir='ltr'>Synodalia;</span> <span class='ocrx_word' id='word_1_246' title='bbox 691 1881 747 1915; x_wconf 79' lang='lat' dir='ltr'>Ex</span> <span class='ocrx_word' id='word_1_247' title='bbox 770 1880 891 1909; x_wconf 79' lang='lat' dir='ltr'><em>Domini</em></span> <span class='ocrx_word' id='word_1_248' title='bbox 914 1879 1009 1917; x_wconf 85' lang='lat' dir='ltr'>Papae</span> <span class='ocrx_word' id='word_1_249' title='bbox 1032 1873 1152 1916; x_wconf 85' lang='lat' dir='ltr'>oppofito</span> 
     </span>
     <span class='ocr_line' id='line_1_44' title="bbox 263 1925 1153 1969; baseline -0.007 -7"><span class='ocrx_word' id='word_1_250' title='bbox 263 1939 327 1962; x_wconf 85' lang='lat' dir='ltr'>tres</span> <span class='ocrx_word' id='word_1_251' title='bbox 351 1928 542 1967; x_wconf 72' lang='lat' dir='ltr'>Patriarcbae</span> <span class='ocrx_word' id='word_1_252' title='bbox 566 1929 698 1961; x_wconf 83' lang='lat' dir='ltr'>ordinati</span> <span class='ocrx_word' id='word_1_253' title='bbox 717 1927 845 1969; x_wconf 88' lang='lat' dir='ltr'>fuerunt</span> <span class='ocrx_word' id='word_1_254' title='bbox 866 1951 878 1967; x_wconf 88' lang='lat'><strong>,</strong></span> <span class='ocrx_word' id='word_1_255' title='bbox 914 1925 1054 1959; x_wconf 86' lang='lat' dir='ltr'>videlicet</span> <span class='ocrx_word' id='word_1_256' title='bbox 1076 1928 1153 1956; x_wconf 88' lang='lat' dir='ltr'>Con-</span> 
     </span>
    </p>
   </div>
   <div class='ocr_carea' id='block_1_5' title="bbox 257 1973 1155 2173">
    <p class='ocr_par' dir='ltr' id='par_1_6' title="bbox 257 1973 1155 2173">
     <span class='ocr_line' id='line_1_45' title="bbox 257 1973 1154 2021; baseline -0.004 -10"><span class='ocrx_word' id='word_1_257' title='bbox 257 1978 543 2021; x_wconf 76' lang='lat' dir='ltr'>stantinopolitanus</span> <span class='ocrx_word' id='word_1_258' title='bbox 556 2002 566 2018; x_wconf 88' lang='lat'><strong>,</strong></span> <span class='ocrx_word' id='word_1_259' title='bbox 595 1977 793 2012; x_wconf 64' lang='lat' dir='ltr'>antiochenus</span> <span class='ocrx_word' id='word_1_260' title='bbox 803 2002 814 2018; x_wconf 96' lang='lat'>‚</span> <span class='ocrx_word' id='word_1_261' title='bbox 854 1973 1047 2020; x_wconf 66' lang='lat' dir='ltr'>Aquileiensis</span> <span class='ocrx_word' id='word_1_262' title='bbox 1071 1998 1081 2014; x_wconf 89' lang='lat'>,</span> <span class='ocrx_word' id='word_1_263' title='bbox 1118 1974 1154 2007; x_wconf 84' lang='lat' dir='ltr'>de</span> 
     </span>
     <span class='ocr_line' id='line_1_46' title="bbox 264 2026 1154 2072; baseline -0.007 -10"><span class='ocrx_word' id='word_1_264' title='bbox 264 2041 320 2071; x_wconf 88' lang='lat' dir='ltr'>quo</span> <span class='ocrx_word' id='word_1_265' title='bbox 329 2034 417 2063; x_wconf 84' lang='lat' dir='ltr'>tertio</span> <span class='ocrx_word' id='word_1_266' title='bbox 428 2028 608 2072; x_wconf 81' lang='lat' dir='ltr'>scandalum</span> <span class='ocrx_word' id='word_1_267' title='bbox 620 2028 659 2069; x_wconf 85' lang='lat' dir='ltr'>est</span> <span class='ocrx_word' id='word_1_268' title='bbox 671 2035 806 2062; x_wconf 85' lang='lat' dir='ltr'>exortum</span> <span class='ocrx_word' id='word_1_269' title='bbox 819 2052 829 2067; x_wconf 93' lang='lat'>,</span> <span class='ocrx_word' id='word_1_270' title='bbox 856 2039 893 2060; x_wconf 83' lang='lat' dir='ltr'>ex</span> <span class='ocrx_word' id='word_1_271' title='bbox 904 2037 960 2069; x_wconf 87' lang='lat' dir='ltr'>quo</span> <span class='ocrx_word' id='word_1_272' title='bbox 971 2035 1005 2059; x_wconf 85' lang='lat' dir='ltr'>ut</span> <span class='ocrx_word' id='word_1_273' title='bbox 1015 2026 1069 2058; x_wconf 82' lang='lat' dir='ltr'>alii</span> <span class='ocrx_word' id='word_1_274' title='bbox 1093 2026 1154 2056; x_wconf 89' lang='lat' dir='ltr'>Pa-</span> 
     </span>
     <span class='ocr_line' id='line_1_47' title="bbox 264 2077 1155 2121; baseline -0.006 -11"><span class='ocrx_word' id='word_1_275' title='bbox 264 2079 406 2111; x_wconf 77' lang='lat' dir='ltr'>trlarcbae</span> <span class='ocrx_word' id='word_1_276' title='bbox 426 2079 581 2116; x_wconf 77' lang='lat' dir='ltr'>dicebant,</span> <span class='ocrx_word' id='word_1_277' title='bbox 605 2077 710 2121; x_wconf 86' lang='lat' dir='ltr'>sedere</span> <span class='ocrx_word' id='word_1_278' title='bbox 743 2089 801 2111; x_wconf 88' lang='lat' dir='ltr'>non</span> <span class='ocrx_word' id='word_1_279' title='bbox 823 2077 949 2111; x_wconf 83' lang='lat' dir='ltr'>debebat</span> <span class='ocrx_word' id='word_1_280' title='bbox 964 2078 1061 2118; x_wconf 79' lang='lat' dir='ltr'>juxta</span> <span class='ocrx_word' id='word_1_281' title='bbox 1084 2085 1130 2107; x_wconf 85' lang='lat' dir='ltr'>eos</span> <span class='ocrx_word' id='word_1_282' title='bbox 1145 2097 1155 2113; x_wconf 92' lang='lat'>‚</span> 
     </span>
     <span class='ocr_line' id='line_1_48' title="bbox 263 2123 1155 2173; baseline -0.007 -11"><span class='ocrx_word' id='word_1_283' title='bbox 263 2140 329 2167; x_wconf 75' lang='lat' dir='ltr'>cum</span> <span class='ocrx_word' id='word_1_284' title='bbox 339 2140 397 2162; x_wconf 86' lang='lat' dir='ltr'>non</span> <span class='ocrx_word' id='word_1_285' title='bbox 408 2130 472 2173; x_wconf 77' lang='lat' dir='ltr'>effi’t</span> <span class='ocrx_word' id='word_1_286' title='bbox 484 2130 521 2162; x_wconf 87' lang='lat' dir='ltr'>de</span> <span class='ocrx_word' id='word_1_287' title='bbox 532 2137 658 2171; x_wconf 82' lang='lat' dir='ltr'>quatuor</span> <span class='ocrx_word' id='word_1_288' title='bbox 672 2127 859 2162; x_wconf 85' lang='lat' dir='ltr'>Patriarcbis</span> <span class='ocrx_word' id='word_1_289' title='bbox 870 2153 880 2168; x_wconf 91' lang='lat'>,</span> <span class='ocrx_word' id='word_1_290' title='bbox 907 2128 942 2161; x_wconf 55' lang='grc' dir='ltr'>(ν</span> <span class='ocrx_word' id='word_1_291' title='bbox 954 2125 1100 2167; x_wconf 66' lang='grc' dir='ltr'>ᾰεβνιιέῖα</span> <span class='ocrx_word' id='word_1_292' title='bbox 1116 2123 1155 2164; x_wconf 86' lang='lat' dir='ltr'>est</span> 
     </span>
    </p>
   </div>
   <div class='ocr_carea' id='block_1_6' title="bbox 264 2175 1155 2872">
    <p class='ocr_par' dir='ltr' id='par_1_7' title="bbox 264 2175 1155 2872">
     <span class='ocr_line' id='line_1_49' title="bbox 264 2175 1153 2220; baseline -0.007 -8"><span class='ocrx_word' id='word_1_293' title='bbox 264 2183 331 2220; x_wconf 85' lang='lat' dir='ltr'>ejus</span> <span class='ocrx_word' id='word_1_294' title='bbox 353 2181 442 2213; x_wconf 77' lang='lat' dir='ltr'>Sedes</span> <span class='ocrx_word' id='word_1_295' title='bbox 455 2205 465 2220; x_wconf 91' lang='lat'>‚</span> <span class='ocrx_word' id='word_1_296' title='bbox 492 2183 526 2213; x_wconf 67' lang='grc'>(9·</span> <span class='ocrx_word' id='word_1_297' title='bbox 547 2180 671 2212; x_wconf 80' lang='lat' dir='ltr'>tandem</span> <span class='ocrx_word' id='word_1_298' title='bbox 687 2204 698 2220; x_wconf 91' lang='lat'>,</span> <span class='ocrx_word' id='word_1_299' title='bbox 726 2188 761 2212; x_wconf 83' lang='lat' dir='ltr'>ut</span> <span class='ocrx_word' id='word_1_300' title='bbox 784 2184 933 2211; x_wconf 78' lang='lat' dir='ltr'><em>vitaretur</em></span> <span class='ocrx_word' id='word_1_301' title='bbox 951 2175 1129 2219; x_wconf 74' lang='lat' dir='ltr'>fhandalum</span> <span class='ocrx_word' id='word_1_302' title='bbox 1143 2197 1153 2214; x_wconf 91' lang='lat'>‚</span> 
     </span>
     <span class='ocr_line' id='line_1_50' title="bbox 264 2223 1154 2271; baseline -0.004 -9"><span class='ocrx_word' id='word_1_303' title='bbox 264 2231 303 2262; x_wconf 84' lang='lat' dir='ltr'>de</span> <span class='ocrx_word' id='word_1_304' title='bbox 326 2231 479 2263; x_wconf 83' lang='lat' dir='ltr'>voluntate</span> <span class='ocrx_word' id='word_1_305' title='bbox 501 2235 621 2262; x_wconf 63' lang='lat' dir='ltr'>Domitii</span> <span class='ocrx_word' id='word_1_306' title='bbox 647 2232 741 2271; x_wconf 85' lang='lat' dir='ltr'>Papae</span> <span class='ocrx_word' id='word_1_307' title='bbox 756 2254 766 2270; x_wconf 93' lang='lat'>‚</span> <span class='ocrx_word' id='word_1_308' title='bbox 793 2237 828 2261; x_wconf 84' lang='lat' dir='ltr'>ut</span> <span class='ocrx_word' id='word_1_309' title='bbox 853 2228 1001 2266; x_wconf 81' lang='lat' dir='ltr'>creditur,</span> <span class='ocrx_word' id='word_1_310' title='bbox 1041 2223 1154 2266; x_wconf 72' lang='lat' dir='ltr'>refec‘la</span> 
     </span>
     <span class='ocr_line' id='line_1_51' title="bbox 264 2273 1152 2324; baseline -0.006 -13"><span class='ocrx_word' id='word_1_311' title='bbox 264 2280 322 2320; x_wconf 83' lang='lat' dir='ltr'>est.</span> <span class='ocrx_word' id='word_1_312' title='bbox 350 2280 484 2314; x_wconf 83' lang='lat' dir='ltr'>Etenim</span> <span class='ocrx_word' id='word_1_313' title='bbox 506 2280 635 2324; x_wconf 77' lang='lat' dir='ltr'>Sergius</span> <span class='ocrx_word' id='word_1_314' title='bbox 661 2283 722 2320; x_wconf 80' lang='lat' dir='ltr'>(a)</span> <span class='ocrx_word' id='word_1_315' title='bbox 745 2279 868 2321; x_wconf 84' lang='lat' dir='ltr'>primus</span> <span class='ocrx_word' id='word_1_316' title='bbox 892 2302 902 2319; x_wconf 92' lang='lat'><em>‚</em></span> <span class='ocrx_word' id='word_1_317' title='bbox 931 2276 1011 2310; x_wconf 88' lang='lat' dir='ltr'>dum</span> <span class='ocrx_word' id='word_1_318' title='bbox 1035 2273 1152 2308; x_wconf 86' lang='lat' dir='ltr'>Histrii</span> 
     </span>
     <span class='ocr_line' id='line_1_52' title="bbox 265 2324 1155 2373; baseline -0.007 -10"><span class='ocrx_word' id='word_1_319' title='bbox 265 2329 455 2364; x_wconf 85' lang='lat' dir='ltr'>Schismatis</span> <span class='ocrx_word' id='word_1_320' title='bbox 467 2328 787 2373; x_wconf 85' lang='lat' dir='ltr'>Episcoposreduxit</span> <span class='ocrx_word' id='word_1_321' title='bbox 812 2328 854 2362; x_wconf 88' lang='lat' dir='ltr'>ad</span> <span class='ocrx_word' id='word_1_322' title='bbox 877 2327 1026 2361; x_wconf 80' lang='lat' dir='ltr'>Ecclesiae</span> <span class='ocrx_word' id='word_1_323' title='bbox 1049 2324 1155 2358; x_wconf 81' lang='lat' dir='ltr'>unita-</span> 
     </span>
     <span class='ocr_line' id='line_1_53' title="bbox 265 2374 1154 2420; baseline -0.006 -7"><span class='ocrx_word' id='word_1_324' title='bbox 265 2389 332 2413; x_wconf 84' lang='lat' dir='ltr'>tem</span> <span class='ocrx_word' id='word_1_325' title='bbox 346 2403 356 2418; x_wconf 85' lang='lat'>‚</span> <span class='ocrx_word' id='word_1_326' title='bbox 382 2391 522 2413; x_wconf 90' lang='lat' dir='ltr'>vacuum</span> <span class='ocrx_word' id='word_1_327' title='bbox 533 2377 725 2412; x_wconf 80' lang='lat' dir='ltr'>Patriarchae</span> <span class='ocrx_word' id='word_1_328' title='bbox 743 2389 865 2413; x_wconf 88' lang='lat' dir='ltr'>nomen</span> <span class='ocrx_word' id='word_1_329' title='bbox 882 2376 1081 2420; x_wconf 84' lang='lat' dir='ltr'>Aquilejenfi</span> <span class='ocrx_word' id='word_1_330' title='bbox 1109 2374 1154 2408; x_wconf 91' lang='lat' dir='ltr'>ob</span> 
     </span>
     <span class='ocr_line' id='line_1_54' title="bbox 264 2425 1151 2473; baseline -0.006 -10"><span class='ocrx_word' id='word_1_331' title='bbox 264 2429 536 2472; x_wconf 87' lang='lat' dir='ltr'>dispensatorium</span> <span class='ocrx_word' id='word_1_332' title='bbox 548 2429 635 2472; x_wconf 85' lang='lat' dir='ltr'>pacis</span> <span class='ocrx_word' id='word_1_333' title='bbox 648 2440 794 2462; x_wconf 87' lang='lat' dir='ltr'>amorem</span> <span class='ocrx_word' id='word_1_334' title='bbox 806 2428 1021 2471; x_wconf 85' lang='lat' dir='ltr'>dereliquerat</span> <span class='ocrx_word' id='word_1_335' title='bbox 1037 2451 1043 2458; x_wconf 93' lang='lat'><strong><em>.</em></strong></span> <span class='ocrx_word' id='word_1_336' title='bbox 1057 2425 1151 2473; x_wconf 84' lang='lat' dir='ltr'>Qin</span> 
     </span>
     <span class='ocr_line' id='line_1_55' title="bbox 264 2477 1152 2522; baseline -0.008 -7"><span class='ocrx_word' id='word_1_337' title='bbox 264 2479 453 2521; x_wconf 81' lang='lat' dir='ltr'>&amp;abipfis,</span> <span class='ocrx_word' id='word_1_338' title='bbox 481 2479 615 2522; x_wconf 86' lang='lat' dir='ltr'>quiejus</span> <span class='ocrx_word' id='word_1_339' title='bbox 628 2479 734 2512; x_wconf 87' lang='lat' dir='ltr'>sedem</span> <span class='ocrx_word' id='word_1_340' title='bbox 761 2478 918 2522; x_wconf 88' lang='lat' dir='ltr'>Lugduni</span> <span class='ocrx_word' id='word_1_341' title='bbox 941 2477 1152 2519; x_wconf 85' lang='lat' dir='ltr'>dejecerunt,</span> 
     </span>
     <span class='ocr_line' id='line_1_56' title="bbox 264 2526 1152 2572; baseline -0.006 -9"><span class='ocrx_word' id='word_1_342' title='bbox 264 2529 387 2563; x_wconf 81' lang='lat' dir='ltr'>Graecis</span> <span class='ocrx_word' id='word_1_343' title='bbox 404 2529 554 2562; x_wconf 86' lang='lat' dir='ltr'>Ternobi</span> <span class='ocrx_word' id='word_1_344' title='bbox 579 2530 777 2572; x_wconf 76' lang='lat' dir='ltr'>Episcopum</span> <span class='ocrx_word' id='word_1_345' title='bbox 799 2554 810 2569; x_wconf 93' lang='lat'>‚</span> <span class='ocrx_word' id='word_1_346' title='bbox 836 2528 944 2571; x_wconf 82' lang='lat' dir='ltr'>primae</span> <span class='ocrx_word' id='word_1_347' title='bbox 966 2526 1152 2570; x_wconf 82' lang='lat' dir='ltr'>Justinianae</span> 
     </span>
     <span class='ocr_line' id='line_1_57' title="bbox 264 2575 1151 2622; baseline -0.006 -8"><span class='ocrx_word' id='word_1_348' title='bbox 264 2577 565 2622; x_wconf 85' lang='lat' dir='ltr'>Archiepiscopo&amp;</span> <span class='ocrx_word' id='word_1_349' title='bbox 589 2578 784 2612; x_wconf 76' lang='lat' dir='ltr'>PatrIarchae</span> <span class='ocrx_word' id='word_1_350' title='bbox 808 2575 1151 2619; x_wconf 78' lang='lat' dir='ltr'>Constantinopolita-</span> 
     </span>
     <span class='ocr_line' id='line_1_58' title="bbox 267 2626 1152 2672; baseline -0.003 -10"><span class='ocrx_word' id='word_1_351' title='bbox 267 2640 313 2662; x_wconf 92' lang='lat' dir='ltr'>no</span> <span class='ocrx_word' id='word_1_352' title='bbox 334 2629 531 2672; x_wconf 67' lang='lat' dir='ltr'>subjectum,</span> <span class='ocrx_word' id='word_1_353' title='bbox 553 2629 642 2672; x_wconf 79' lang='lat' dir='ltr'>quod</span> <span class='ocrx_word' id='word_1_354' title='bbox 674 2630 759 2665; x_wconf 89' lang='lat' dir='ltr'>inter</span> <span class='ocrx_word' id='word_1_355' title='bbox 783 2626 1004 2662; x_wconf 84' lang='lat' dir='ltr'>Theodorum</span> <span class='ocrx_word' id='word_1_356' title='bbox 1040 2626 1152 2662; x_wconf 85' lang='lat' dir='ltr'>Lasca-</span> 
     </span>
     <span class='ocr_line' id='line_1_59' title="bbox 268 2676 1154 2724; baseline -0.003 -12"><span class='ocrx_word' id='word_1_357' title='bbox 268 2679 331 2712; x_wconf 89' lang='lat' dir='ltr'>rim</span> <span class='ocrx_word' id='word_1_358' title='bbox 352 2678 515 2720; x_wconf 76' lang='lat' dir='ltr'>Iuniorem</span> <span class='ocrx_word' id='word_1_359' title='bbox 539 2679 725 2724; x_wconf 79' lang='lat' dir='ltr'>Augustum</span> <span class='ocrx_word' id='word_1_360' title='bbox 757 2679 790 2712; x_wconf 71' lang='grc' dir='ltr'>ἃς</span> <span class='ocrx_word' id='word_1_361' title='bbox 823 2680 911 2712; x_wconf 91' lang='lat' dir='ltr'>suam</span> <span class='ocrx_word' id='word_1_362' title='bbox 946 2676 1154 2719; x_wconf 82' lang='lat' dir='ltr'>Consangui·</span> 
     </span>
     <span class='ocr_line' id='line_1_60' title="bbox 268 2727 1151 2773; baseline -0.002 -12"><span class='ocrx_word' id='word_1_363' title='bbox 268 2739 364 2761; x_wconf 86' lang='lat' dir='ltr'>neam</span> <span class='ocrx_word' id='word_1_364' title='bbox 376 2728 560 2769; x_wconf 80' lang='lat' dir='ltr'>Helenam,</span> <span class='ocrx_word' id='word_1_365' title='bbox 587 2728 838 2772; x_wconf 83' lang='lat' dir='ltr'>JoannisAsani</span> <span class='ocrx_word' id='word_1_366' title='bbox 851 2729 1069 2773; x_wconf 83' lang='lat' dir='ltr'>Bulgarorum</span> <span class='ocrx_word' id='word_1_367' title='bbox 1087 2727 1151 2760; x_wconf 88' lang='lat' dir='ltr'>Re-</span> 
     </span>
     <span class='ocr_line' id='line_1_61' title="bbox 269 2778 1154 2823; baseline 0 -13"><span class='ocrx_word' id='word_1_368' title='bbox 269 2779 320 2822; x_wconf 87' lang='lat' dir='ltr'>gis</span> <span class='ocrx_word' id='word_1_369' title='bbox 330 2778 450 2816; x_wconf 83' lang='lat' dir='ltr'>filiam,</span> <span class='ocrx_word' id='word_1_370' title='bbox 476 2778 605 2821; x_wconf 84' lang='lat' dir='ltr'>nuptias</span> <span class='ocrx_word' id='word_1_371' title='bbox 617 2789 714 2823; x_wconf 87' lang='lat' dir='ltr'>atque</span> <span class='ocrx_word' id='word_1_372' title='bbox 729 2780 773 2814; x_wconf 83' lang='lat' dir='ltr'>ita</span> <span class='ocrx_word' id='word_1_373' title='bbox 796 2779 923 2814; x_wconf 88' lang='lat' dir='ltr'>firmam</span> <span class='ocrx_word' id='word_1_374' title='bbox 948 2778 1079 2821; x_wconf 87' lang='lat' dir='ltr'>Imperii</span> <span class='ocrx_word' id='word_1_375' title='bbox 1101 2788 1154 2820; x_wconf 81' lang='lat' dir='ltr'>pa·</span> 
     </span>
     <span class='ocr_line' id='line_1_62' title="bbox 269 2827 1150 2872; baseline -0.008 -5"><span class='ocrx_word' id='word_1_376' title='bbox 269 2839 341 2862; x_wconf 77' lang='lat' dir='ltr'>cem</span> <span class='ocrx_word' id='word_1_377' title='bbox 363 2828 564 2862; x_wconf 69' lang='lat' dir='ltr'>concillaffet</span> <span class='ocrx_word' id='word_1_378' title='bbox 584 2851 597 2867; x_wconf 73' lang='lat'><em>2</em></span> <span class='ocrx_word' id='word_1_379' title='bbox 632 2830 664 2861; x_wconf 75' lang='grc' dir='ltr'>ἀ</span> <span class='ocrx_word' id='word_1_380' title='bbox 686 2828 899 2872; x_wconf 84' lang='lat' dir='ltr'>Imperatorio</span> <span class='ocrx_word' id='word_1_381' title='bbox 921 2829 955 2863; x_wconf 75' lang='grc' dir='ltr'>δε</span> <span class='ocrx_word' id='word_1_382' title='bbox 978 2827 1150 2870; x_wconf 86' lang='lat' dir='ltr'>Synodico</span> 
     </span>
    </p>
   </div>
   <div class='ocr_carea' id='block_1_7' title="bbox 1144 183 1167 744">
    <p class='ocr_par' dir='ltr' id='par_1_8' title="bbox 1144 183 1167 744">
     <span class='ocr_line' id='line_1_63' title="bbox 1144 183 1167 744; baseline 0 2992"><span class='ocrx_word' id='word_1_383' title='bbox 1144 183 1167 744; x_wconf 95' lang='lat' dir='ltr'> </span> 
     </span>
    </p>
   </div>
   <div class='ocr_carea' id='block_1_8' title="bbox 1146 848 1182 1903">
    <p class='ocr_par' dir='ltr' id='par_1_9' title="bbox 1146 848 1182 1903">
     <span class='ocr_line' id='line_1_64' title="bbox 1146 848 1182 1903; baseline 0 0"><span class='ocrx_word' id='word_1_384' title='bbox 1146 848 1182 1903; x_wconf 95' lang='lat' dir='ltr'> </span> 
     </span>
    </p>
   </div>
   <div class='ocr_carea' id='block_1_9' title="bbox 1159 2535 1166 2693">
    <p class='ocr_par' dir='ltr' id='par_1_10' title="bbox 1159 2535 1166 2693">
     <span class='ocr_line' id='line_1_65' title="bbox 1159 2535 1166 2693; baseline 0 1043"><span class='ocrx_word' id='word_1_385' title='bbox 1159 2535 1166 2693; x_wconf 95' lang='lat' dir='ltr'> </span> 
     </span>
    </p>
   </div>
   <div class='ocr_carea' id='block_1_10' title="bbox 1195 2720 1198 2830">
    <p class='ocr_par' dir='ltr' id='par_1_11' title="bbox 1195 2720 1198 2830">
     <span class='ocr_line' id='line_1_66' title="bbox 1195 2720 1198 2830; baseline 0 906"><span class='ocrx_word' id='word_1_386' title='bbox 1195 2720 1198 2830; x_wconf 95' lang='lat' dir='ltr'> </span> 
     </span>
    </p>
   </div>
   <div class='ocr_carea' id='block_1_11' title="bbox 1192 102 2262 2427">
    <p class='ocr_par' dir='ltr' id='par_1_12' title="bbox 1910 102 2008 148">
     <span class='ocr_line' id='line_1_67' title="bbox 1910 102 2008 148; baseline -0.01 -11"><span class='ocrx_word' id='word_1_387' title='bbox 1910 102 2008 148; x_wconf 76' lang='lat'>269</span> 
     </span>
    </p>

    <p class='ocr_par' dir='ltr' id='par_1_13' title="bbox 1192 170 2262 2427">
     <span class='ocr_line' id='line_1_68' title="bbox 1192 170 2082 214; baseline 0.004 -10"><span class='ocrx_word' id='word_1_388' title='bbox 1192 180 1247 213; x_wconf 84' lang='lat' dir='ltr'>que</span> <span class='ocrx_word' id='word_1_389' title='bbox 1258 170 1460 211; x_wconf 82' lang='lat' dir='ltr'>ordinatusest</span> <span class='ocrx_word' id='word_1_390' title='bbox 1483 171 1504 203; x_wconf 75' lang='grc' dir='ltr'><em>ἂ</em></span> <span class='ocrx_word' id='word_1_391' title='bbox 1527 175 1674 205; x_wconf 85' lang='lat' dir='ltr'>Romanis</span> <span class='ocrx_word' id='word_1_392' title='bbox 1696 172 1911 205; x_wconf 77' lang='lat' dir='ltr'>candidianus</span> <span class='ocrx_word' id='word_1_393' title='bbox 1930 173 2057 214; x_wconf 76' lang='lat' dir='ltr'>Antistes</span> <span class='ocrx_word' id='word_1_394' title='bbox 2069 179 2082 208; x_wconf 84' lang='grc'>.’</span> 
     </span>
     <span class='ocr_line' id='line_1_69' title="bbox 1195 221 2080 264; baseline 0.003 -10"><span class='ocrx_word' id='word_1_395' title='bbox 1195 221 1388 254; x_wconf 82' lang='lat' dir='ltr'>Candidiano</span> <span class='ocrx_word' id='word_1_396' title='bbox 1400 223 1473 255; x_wconf 75' lang='lat' dir='ltr'>vero</span> <span class='ocrx_word' id='word_1_397' title='bbox 1486 221 1625 263; x_wconf 77' lang='lat' dir='ltr'>defhm‘lo</span> <span class='ocrx_word' id='word_1_398' title='bbox 1644 246 1656 263; x_wconf 90' lang='lat'>‚</span> <span class='ocrx_word' id='word_1_399' title='bbox 1680 223 1767 264; x_wconf 80' lang='lat' dir='ltr'>apud</span> <span class='ocrx_word' id='word_1_400' title='bbox 1776 223 1895 256; x_wconf 82' lang='lat' dir='ltr'>Grados</span> <span class='ocrx_word' id='word_1_401' title='bbox 1918 224 2080 257; x_wconf 82' lang='lat' dir='ltr'>ordinatur</span> 
     </span>
     <span class='ocr_line' id='line_1_70' title="bbox 1197 270 2082 316; baseline 0.005 -13"><span class='ocrx_word' id='word_1_402' title='bbox 1197 271 1376 304; x_wconf 84' lang='lat' dir='ltr'>Patriarcba</span> <span class='ocrx_word' id='word_1_403' title='bbox 1398 270 1595 314; x_wconf 80' lang='lat' dir='ltr'>Epiphanius</span> <span class='ocrx_word' id='word_1_404' title='bbox 1620 296 1632 313; x_wconf 93' lang='lat'><strong>,</strong></span> <span class='ocrx_word' id='word_1_405' title='bbox 1666 278 1718 316; x_wconf 83' lang='lat' dir='ltr'>qui</span> <span class='ocrx_word' id='word_1_406' title='bbox 1743 271 1855 315; x_wconf 86' lang='lat' dir='ltr'>fuerat</span> <span class='ocrx_word' id='word_1_407' title='bbox 1887 275 2082 308; x_wconf 70' lang='lat' dir='ltr'>primicerius</span> 
     </span>
     <span class='ocr_line' id='line_1_71' title="bbox 1197 321 2081 366; baseline 0.006 -14"><span class='ocrx_word' id='word_1_408' title='bbox 1197 325 1391 354; x_wconf 78' lang='lat' dir='ltr'>Notariorum</span> <span class='ocrx_word' id='word_1_409' title='bbox 1403 347 1413 363; x_wconf 93' lang='lat'><strong>,</strong></span> <span class='ocrx_word' id='word_1_410' title='bbox 1439 322 1479 356; x_wconf 87' lang='lat' dir='ltr'>ab</span> <span class='ocrx_word' id='word_1_411' title='bbox 1491 321 1648 366; x_wconf 73' lang='lat' dir='ltr'>Episcopi:</span> <span class='ocrx_word' id='word_1_412' title='bbox 1658 328 1710 366; x_wconf 84' lang='lat' dir='ltr'>qui</span> <span class='ocrx_word' id='word_1_413' title='bbox 1730 334 1819 361; x_wconf 80' lang='lat' dir='ltr'>erant</span> <span class='ocrx_word' id='word_1_414' title='bbox 1835 321 1893 366; x_wconf 84' lang='lat' dir='ltr'>sub</span> <span class='ocrx_word' id='word_1_415' title='bbox 1911 327 2055 360; x_wconf 85' lang='lat' dir='ltr'>Romanis</span> <span class='ocrx_word' id='word_1_416' title='bbox 2072 348 2081 357; x_wconf 90' lang='lat'>.</span> 
     </span>
     <span class='ocr_line' id='line_1_72' title="bbox 1198 372 2081 417; baseline 0.006 -14"><span class='ocrx_word' id='word_1_417' title='bbox 1198 374 1244 403; x_wconf 83' lang='lat' dir='ltr'>Et</span> <span class='ocrx_word' id='word_1_418' title='bbox 1256 382 1294 404; x_wconf 86' lang='lat' dir='ltr'>ex</span> <span class='ocrx_word' id='word_1_419' title='bbox 1305 372 1353 405; x_wconf 88' lang='lat' dir='ltr'>illo</span> <span class='ocrx_word' id='word_1_420' title='bbox 1363 381 1491 414; x_wconf 83' lang='lat' dir='ltr'>tempore</span> <span class='ocrx_word' id='word_1_421' title='bbox 1503 381 1649 415; x_wconf 83' lang='lat' dir='ltr'>coeperunt</span> <span class='ocrx_word' id='word_1_422' title='bbox 1660 374 1710 417; x_wconf 85' lang='lat' dir='ltr'>effe</span> <span class='ocrx_word' id='word_1_423' title='bbox 1721 374 1778 410; x_wconf 89' lang='lat' dir='ltr'>duo</span> <span class='ocrx_word' id='word_1_424' title='bbox 1790 373 1979 408; x_wconf 80' lang='lat' dir='ltr'>Patriarcbae</span> <span class='ocrx_word' id='word_1_425' title='bbox 1991 399 1999 407; x_wconf 90' lang='lat'><strong>.</strong></span> <span class='ocrx_word' id='word_1_426' title='bbox 2027 374 2081 410; x_wconf 60' lang='lat' dir='ltr'>So</span> 
     </span>
     <span class='ocr_line' id='line_1_73' title="bbox 1201 421 2083 465; baseline 0.005 -10"><span class='ocrx_word' id='word_1_427' title='bbox 1201 432 1311 455; x_wconf 89' lang='lat' dir='ltr'>verum</span> <span class='ocrx_word' id='word_1_428' title='bbox 1332 423 1374 457; x_wconf 91' lang='lat' dir='ltr'>ad</span> <span class='ocrx_word' id='word_1_429' title='bbox 1397 421 1586 465; x_wconf 86' lang='lat' dir='ltr'>ejerandum</span> <span class='ocrx_word' id='word_1_430' title='bbox 1608 421 1752 459; x_wconf 77' lang='lat' dir='ltr'>Schisma</span> <span class='ocrx_word' id='word_1_431' title='bbox 1772 423 1969 464; x_wconf 84' lang='lat' dir='ltr'>induxerat,</span> <span class='ocrx_word' id='word_1_432' title='bbox 2005 423 2083 462; x_wconf 78' lang='lat' dir='ltr'>rela-</span> 
     </span>
     <span class='ocr_line' id='line_1_74' title="bbox 1201 471 2085 517; baseline 0.006 -12"><span class='ocrx_word' id='word_1_433' title='bbox 1201 471 1357 516; x_wconf 87' lang='lat' dir='ltr'>psumque</span> <span class='ocrx_word' id='word_1_434' title='bbox 1388 471 1500 509; x_wconf 77' lang='lat' dir='ltr'>denuo</span> <span class='ocrx_word' id='word_1_435' title='bbox 1530 485 1674 517; x_wconf 83' lang='lat' dir='ltr'>reparare</span> <span class='ocrx_word' id='word_1_436' title='bbox 1705 474 1818 512; x_wconf 89' lang='lat' dir='ltr'>multis</span> <span class='ocrx_word' id='word_1_437' title='bbox 1848 474 1912 508; x_wconf 89' lang='lat' dir='ltr'>viis</span> <span class='ocrx_word' id='word_1_438' title='bbox 1939 482 2085 510; x_wconf 88' lang='lat' dir='ltr'>tentave-</span> 
     </span>
     <span class='ocr_line' id='line_1_75' title="bbox 1199 522 2099 569; baseline 0.003 -13"><span class='ocrx_word' id='word_1_439' title='bbox 1199 532 1248 556; x_wconf 91' lang='lat' dir='ltr'>rat</span> <span class='ocrx_word' id='word_1_440' title='bbox 1270 522 1453 568; x_wconf 86' lang='lat' dir='ltr'>Gregorius</span> <span class='ocrx_word' id='word_1_441' title='bbox 1476 523 1640 568; x_wconf 82' lang='lat' dir='ltr'>Magnus;</span> <span class='ocrx_word' id='word_1_442' title='bbox 1675 525 1803 564; x_wconf 83' lang='lat' dir='ltr'>Frustra</span> <span class='ocrx_word' id='word_1_443' title='bbox 1826 524 1962 569; x_wconf 85' lang='lat' dir='ltr'>quidem</span> <span class='ocrx_word' id='word_1_444' title='bbox 1976 549 1988 565; x_wconf 87' lang='lat'>,</span> <span class='ocrx_word' id='word_1_445' title='bbox 2016 525 2099 563; x_wconf 34' lang='lat' dir='ltr'>lau-1</span> 
     </span>
     <span class='ocr_line' id='line_1_76' title="bbox 1203 572 2084 616; baseline 0.006 -10"><span class='ocrx_word' id='word_1_446' title='bbox 1203 572 1313 607; x_wconf 85' lang='lat' dir='ltr'>datam</span> <span class='ocrx_word' id='word_1_447' title='bbox 1332 584 1443 607; x_wconf 86' lang='lat' dir='ltr'>tamen</span> <span class='ocrx_word' id='word_1_448' title='bbox 1465 572 1674 616; x_wconf 79' lang='lat' dir='ltr'>ejerationem</span> <span class='ocrx_word' id='word_1_449' title='bbox 1695 575 1882 614; x_wconf 82' lang='lat' dir='ltr'>constanter</span> <span class='ocrx_word' id='word_1_450' title='bbox 1913 574 2084 611; x_wconf 87' lang='lat' dir='ltr'>servabant</span> 
     </span>
     <span class='ocr_line' id='line_1_77' title="bbox 1202 623 2085 669; baseline 0.006 -14"><span class='ocrx_word' id='word_1_451' title='bbox 1202 623 1302 666; x_wconf 88' lang='lat' dir='ltr'>aliqui</span> <span class='ocrx_word' id='word_1_452' title='bbox 1329 624 1635 667; x_wconf 86' lang='lat' dir='ltr'>Comprovinciales</span> <span class='ocrx_word' id='word_1_453' title='bbox 1656 624 1830 669; x_wconf 85' lang='lat' dir='ltr'>Episcopi,</span> <span class='ocrx_word' id='word_1_454' title='bbox 1858 635 1958 669; x_wconf 90' lang='lat' dir='ltr'>atque</span> <span class='ocrx_word' id='word_1_455' title='bbox 1980 626 2024 665; x_wconf 85' lang='lat' dir='ltr'>ita</span> <span class='ocrx_word' id='word_1_456' title='bbox 2045 627 2085 661; x_wconf 84' lang='lat' dir='ltr'>in</span> 
     </span>
     <span class='ocr_line' id='line_1_78' title="bbox 1201 671 2085 714; baseline 0.005 -7"><span class='ocrx_word' id='word_1_457' title='bbox 1201 671 1419 709; x_wconf 84' lang='lat' dir='ltr'>Orthodoxos</span> <span class='ocrx_word' id='word_1_458' title='bbox 1431 675 1485 708; x_wconf 89' lang='lat' dir='ltr'>seu</span> <span class='ocrx_word' id='word_1_459' title='bbox 1507 673 1701 714; x_wconf 84' lang='lat' dir='ltr'>Romanos,</span> <span class='ocrx_word' id='word_1_460' title='bbox 1729 687 1767 709; x_wconf 88' lang='lat' dir='ltr'>ac</span> <span class='ocrx_word' id='word_1_461' title='bbox 1792 677 1827 709; x_wconf 89' lang='lat' dir='ltr'>in</span> <span class='ocrx_word' id='word_1_462' title='bbox 1851 676 2085 712; x_wconf 84' lang='lat' dir='ltr'>Schismaticos</span> 
     </span>
     <span class='ocr_line' id='line_1_79' title="bbox 1203 723 2087 767; baseline 0.005 -11"><span class='ocrx_word' id='word_1_463' title='bbox 1203 723 1436 767; x_wconf 85' lang='lat' dir='ltr'>Capitulorum</span> <span class='ocrx_word' id='word_1_464' title='bbox 1456 723 1643 757; x_wconf 89' lang='lat' dir='ltr'>defensores</span> <span class='ocrx_word' id='word_1_465' title='bbox 1666 723 1844 759; x_wconf 83' lang='lat' dir='ltr'>Provincia</span> <span class='ocrx_word' id='word_1_466' title='bbox 1867 726 1983 761; x_wconf 83' lang='lat' dir='ltr'>mansit</span> <span class='ocrx_word' id='word_1_467' title='bbox 2004 725 2087 760; x_wconf 87' lang='lat' dir='ltr'>divi·</span> 
     </span>
     <span class='ocr_line' id='line_1_80' title="bbox 1203 772 2088 818; baseline 0.007 -13"><span class='ocrx_word' id='word_1_468' title='bbox 1203 775 1252 810; x_wconf 81' lang='lat' dir='ltr'>sa.</span> <span class='ocrx_word' id='word_1_469' title='bbox 1281 774 1376 807; x_wconf 87' lang='lat' dir='ltr'>Hinc</span> <span class='ocrx_word' id='word_1_470' title='bbox 1388 772 1488 816; x_wconf 84' lang='lat' dir='ltr'>ipsam</span> <span class='ocrx_word' id='word_1_471' title='bbox 1501 774 1535 807; x_wconf 91' lang='lat' dir='ltr'>in</span> <span class='ocrx_word' id='word_1_472' title='bbox 1553 773 1634 807; x_wconf 86' lang='lat' dir='ltr'>duas</span> <span class='ocrx_word' id='word_1_473' title='bbox 1657 773 1730 818; x_wconf 90' lang='lat' dir='ltr'>post</span> <span class='ocrx_word' id='word_1_474' title='bbox 1752 775 1861 809; x_wconf 89' lang='lat' dir='ltr'>Severi</span> <span class='ocrx_word' id='word_1_475' title='bbox 1883 786 2024 811; x_wconf 86' lang='lat' dir='ltr'>mortem</span> <span class='ocrx_word' id='word_1_476' title='bbox 2044 777 2088 811; x_wconf 92' lang='lat' dir='ltr'>se·</span> 
     </span>
     <span class='ocr_line' id='line_1_81' title="bbox 1202 823 2086 868; baseline 0.002 -10"><span class='ocrx_word' id='word_1_477' title='bbox 1202 823 1292 862; x_wconf 89' lang='lat' dir='ltr'>cuit,</span> <span class='ocrx_word' id='word_1_478' title='bbox 1316 834 1508 867; x_wconf 84' lang='lat' dir='ltr'>novumque</span> <span class='ocrx_word' id='word_1_479' title='bbox 1529 824 1784 868; x_wconf 88' lang='lat' dir='ltr'>Metropolitam</span> <span class='ocrx_word' id='word_1_480' title='bbox 1808 824 1967 859; x_wconf 84' lang='lat' dir='ltr'>Gradensi</span> <span class='ocrx_word' id='word_1_481' title='bbox 1984 824 2021 858; x_wconf 89' lang='lat' dir='ltr'>in</span> <span class='ocrx_word' id='word_1_482' title='bbox 2040 826 2086 860; x_wconf 88' lang='lat' dir='ltr'>ci-</span> 
     </span>
     <span class='ocr_line' id='line_1_82' title="bbox 1202 874 2085 920; baseline 0.001 -10"><span class='ocrx_word' id='word_1_483' title='bbox 1202 874 1303 911; x_wconf 84' lang='lat' dir='ltr'>vitate</span> <span class='ocrx_word' id='word_1_484' title='bbox 1315 874 1423 918; x_wconf 88' lang='lat' dir='ltr'>posuit</span> <span class='ocrx_word' id='word_1_485' title='bbox 1436 874 1616 920; x_wconf 87' lang='lat' dir='ltr'>Gregorius</span> <span class='ocrx_word' id='word_1_486' title='bbox 1627 900 1638 916; x_wconf 90' lang='lat'><strong>,</strong></span> <span class='ocrx_word' id='word_1_487' title='bbox 1664 875 1815 909; x_wconf 85' lang='lat' dir='ltr'>laudatus</span> <span class='ocrx_word' id='word_1_488' title='bbox 1826 875 1844 908; x_wconf 70' lang='lat' dir='ltr'>a</span> <span class='ocrx_word' id='word_1_489' title='bbox 1856 875 1985 919; x_wconf 88' lang='lat' dir='ltr'>Joanne</span> <span class='ocrx_word' id='word_1_490' title='bbox 2004 875 2085 911; x_wconf 85' lang='lat' dir='ltr'>Dia·</span> 
     </span>
     <span class='ocr_line' id='line_1_83' title="bbox 1202 926 2262 978; baseline 0.004 -20"><span class='ocrx_word' id='word_1_491' title='bbox 1202 936 1291 960; x_wconf 90' lang='lat' dir='ltr'>cono</span> <span class='ocrx_word' id='word_1_492' title='bbox 1302 938 1313 957; x_wconf 90' lang='lat'><em>:</em></span> <span class='ocrx_word' id='word_1_493' title='bbox 1338 927 1487 967; x_wconf 82' lang='lat' dir='ltr'>Severus,</span> <span class='ocrx_word' id='word_1_494' title='bbox 1516 931 1588 973; x_wconf 81' lang='lat' dir='ltr'>quia</span> <span class='ocrx_word' id='word_1_495' title='bbox 1600 926 1646 958; x_wconf 89' lang='lat' dir='ltr'>ad</span> <span class='ocrx_word' id='word_1_496' title='bbox 1655 930 1802 963; x_wconf 82' lang='lat' dir='ltr'>unitatem</span> <span class='ocrx_word' id='word_1_497' title='bbox 1821 926 1941 959; x_wconf 59' lang='lat' dir='ltr'>sanffae</span> <span class='ocrx_word' id='word_1_498' title='bbox 1963 931 2087 964; x_wconf 78' lang='lat' dir='ltr'>univer·</span> <span class='ocrx_word' id='word_1_499' title='bbox 2101 943 2130 973; x_wconf 72' lang='lat' dir='ltr'>L,</span> <span class='ocrx_word' id='word_1_500' title='bbox 2140 941 2262 978; x_wconf 49' lang='lat'>4933,</span> 
     </span>
     <span class='ocr_line' id='line_1_84' title="bbox 1198 973 2106 1020; baseline 0.001 -12"><span class='ocrx_word' id='word_1_501' title='bbox 1198 974 1275 1020; x_wconf 79' lang='lat' dir='ltr'>salis</span> <span class='ocrx_word' id='word_1_502' title='bbox 1290 978 1319 1007; x_wconf 85' lang='lat' dir='ltr'>E</span> <span class='ocrx_word' id='word_1_503' title='bbox 1321 973 1425 1016; x_wconf 64' lang='lat' dir='ltr'>cclelt‘ae</span> <span class='ocrx_word' id='word_1_504' title='bbox 1436 978 1532 1010; x_wconf 87' lang='lat' dir='ltr'>redire</span> <span class='ocrx_word' id='word_1_505' title='bbox 1542 988 1600 1009; x_wconf 89' lang='lat' dir='ltr'>non</span> <span class='ocrx_word' id='word_1_506' title='bbox 1610 982 1717 1010; x_wconf 80' lang='lat' dir='ltr'>meruit</span> <span class='ocrx_word' id='word_1_507' title='bbox 1727 999 1738 1016; x_wconf 91' lang='lat'>‚</span> <span class='ocrx_word' id='word_1_508' title='bbox 1751 978 1797 1010; x_wconf 85' lang='lat' dir='ltr'>ad</span> <span class='ocrx_word' id='word_1_509' title='bbox 1804 975 2006 1020; x_wconf 82' lang='lat' dir='ltr'>scindendam</span> <span class='ocrx_word' id='word_1_510' title='bbox 2017 989 2086 1019; x_wconf 86' lang='lat' dir='ltr'>quo-</span> <span class='ocrx_word' id='word_1_511' title='bbox 2103 976 2106 977; x_wconf 45' lang='lat'><em>⁷</em></span> 
     </span>
     <span class='ocr_line' id='line_1_85' title="bbox 1203 1025 2088 1070; baseline 0.001 -11"><span class='ocrx_word' id='word_1_512' title='bbox 1203 1037 1258 1069; x_wconf 83' lang='lat' dir='ltr'>que</span> <span class='ocrx_word' id='word_1_513' title='bbox 1264 1025 1331 1070; x_wconf 83' lang='lat' dir='ltr'>suae</span> <span class='ocrx_word' id='word_1_514' title='bbox 1343 1025 1428 1068; x_wconf 83' lang='lat' dir='ltr'>ipsius</span> <span class='ocrx_word' id='word_1_515' title='bbox 1439 1026 1586 1067; x_wconf 86' lang='lat' dir='ltr'>Dioecefios</span> <span class='ocrx_word' id='word_1_516' title='bbox 1599 1032 1748 1064; x_wconf 77' lang='lat' dir='ltr'>unitatem</span> <span class='ocrx_word' id='word_1_517' title='bbox 1770 1031 1939 1060; x_wconf 88' lang='lat' dir='ltr'>Romanum</span> <span class='ocrx_word' id='word_1_518' title='bbox 1961 1027 2088 1069; x_wconf 81' lang='lat' dir='ltr'>Pontifi-</span> 
     </span>
     <span class='ocr_line' id='line_1_86' title="bbox 1203 1074 2087 1120; baseline 0 -10"><span class='ocrx_word' id='word_1_519' title='bbox 1203 1088 1265 1111; x_wconf 88' lang='lat' dir='ltr'>cem</span> <span class='ocrx_word' id='word_1_520' title='bbox 1281 1074 1340 1120; x_wconf 85' lang='lat' dir='ltr'>sua</span> <span class='ocrx_word' id='word_1_521' title='bbox 1360 1078 1498 1116; x_wconf 73' lang='lat' dir='ltr'>vecordia</span> <span class='ocrx_word' id='word_1_522' title='bbox 1520 1075 1682 1120; x_wconf 79' lang='lat' dir='ltr'>suscitavit</span> <span class='ocrx_word' id='word_1_523' title='bbox 1695 1102 1702 1110; x_wconf 95' lang='lat'>.</span> <span class='ocrx_word' id='word_1_524' title='bbox 1728 1078 1806 1114; x_wconf 72' lang='lat' dir='ltr'>,Adeo</span> <span class='ocrx_word' id='word_1_525' title='bbox 1830 1086 1864 1111; x_wconf 86' lang='lat' dir='ltr'>ut</span> <span class='ocrx_word' id='word_1_526' title='bbox 1875 1077 1913 1110; x_wconf 84' lang='lat' dir='ltr'>ab</span> <span class='ocrx_word' id='word_1_527' title='bbox 1925 1075 1987 1120; x_wconf 81' lang='lat' dir='ltr'>ipso</span> <span class='ocrx_word' id='word_1_528' title='bbox 2005 1078 2087 1111; x_wconf 76' lang='lat' dir='ltr'>illius</span> 
     </span>
     <span class='ocr_line' id='line_1_87' title="bbox 1204 1126 2088 1170; baseline 0.001 -10"><span class='ocrx_word' id='word_1_529' title='bbox 1204 1128 1300 1161; x_wconf 84' lang='lat' dir='ltr'>obitus</span> <span class='ocrx_word' id='word_1_530' title='bbox 1313 1136 1441 1169; x_wconf 73' lang='lat' dir='ltr'>tempore</span> <span class='ocrx_word' id='word_1_531' title='bbox 1455 1126 1645 1169; x_wconf 61' lang='lat' dir='ltr'>Aquileiensis</span> <span class='ocrx_word' id='word_1_532' title='bbox 1660 1126 1793 1168; x_wconf 74' lang='lat' dir='ltr'>Dloecefis</span> <span class='ocrx_word' id='word_1_533' title='bbox 1804 1133 1837 1161; x_wconf 80' lang='lat' dir='ltr'>in</span> <span class='ocrx_word' id='word_1_534' title='bbox 1845 1128 1916 1160; x_wconf 87' lang='lat' dir='ltr'>duos</span> <span class='ocrx_word' id='word_1_535' title='bbox 1942 1131 2088 1170; x_wconf 76' lang='lat' dir='ltr'>Metropo-</span> 
     </span>
     <span class='ocr_line' id='line_1_88' title="bbox 1205 1175 2092 1220; baseline -0.002 -10"><span class='ocrx_word' id='word_1_536' title='bbox 1205 1180 1313 1211; x_wconf 81' lang='lat' dir='ltr'>litanos</span> <span class='ocrx_word' id='word_1_537' title='bbox 1326 1200 1337 1216; x_wconf 93' lang='lat'>,</span> <span class='ocrx_word' id='word_1_538' title='bbox 1363 1176 1578 1214; x_wconf 77' lang='lat' dir='ltr'>Catholicorum</span> <span class='ocrx_word' id='word_1_539' title='bbox 1590 1179 1728 1214; x_wconf 81' lang='lat' dir='ltr'>videlicet</span> <span class='ocrx_word' id='word_1_540' title='bbox 1747 1178 1781 1217; x_wconf 65' lang='grc' dir='ltr'>Φ·</span> <span class='ocrx_word' id='word_1_541' title='bbox 1815 1180 1835 1211; x_wconf 87' lang='lat'><em>5</em></span> <span class='ocrx_word' id='word_1_542' title='bbox 1837 1175 2069 1220; x_wconf 72' lang='lat' dir='ltr'>chismaticorum</span> <span class='ocrx_word' id='word_1_543' title='bbox 2079 1202 2092 1218; x_wconf 88' lang='lat'><em>‚</em></span> 
     </span>
     <span class='ocr_line' id='line_1_89' title="bbox 1206 1227 2095 1272; baseline -0.001 -11"><span class='ocrx_word' id='word_1_544' title='bbox 1206 1227 1307 1271; x_wconf 82' lang='lat' dir='ltr'>divisa</span> <span class='ocrx_word' id='word_1_545' title='bbox 1311 1227 1371 1269; x_wconf 76' lang='lat' dir='ltr'>sit,</span> <span class='ocrx_word' id='word_1_546' title='bbox 1398 1238 1488 1270; x_wconf 85' lang='lat' dir='ltr'>neque</span> <span class='ocrx_word' id='word_1_547' title='bbox 1506 1227 1690 1270; x_wconf 84' lang='lat' dir='ltr'>postmodum</span> <span class='ocrx_word' id='word_1_548' title='bbox 1703 1253 1713 1269; x_wconf 93' lang='lat'><strong>,</strong></span> <span class='ocrx_word' id='word_1_549' title='bbox 1739 1229 1806 1266; x_wconf 82' lang='lat' dir='ltr'>licet</span> <span class='ocrx_word' id='word_1_550' title='bbox 1827 1239 1927 1265; x_wconf 81' lang='lat' dir='ltr'>omnes</span> <span class='ocrx_word' id='word_1_551' title='bbox 1942 1228 2095 1272; x_wconf 82' lang='lat' dir='ltr'>generali·</span> 
     </span>
     <span class='ocr_line' id='line_1_90' title="bbox 1204 1276 2096 1322; baseline -0.001 -11"><span class='ocrx_word' id='word_1_552' title='bbox 1204 1289 1249 1311; x_wconf 86' lang='lat' dir='ltr'>ter</span> <span class='ocrx_word' id='word_1_553' title='bbox 1269 1280 1313 1311; x_wconf 88' lang='lat' dir='ltr'>ad</span> <span class='ocrx_word' id='word_1_554' title='bbox 1322 1283 1467 1315; x_wconf 83' lang='lat' dir='ltr'>unitatem</span> <span class='ocrx_word' id='word_1_555' title='bbox 1481 1279 1518 1315; x_wconf 87' lang='lat' dir='ltr'>de</span> <span class='ocrx_word' id='word_1_556' title='bbox 1529 1276 1692 1322; x_wconf 77' lang='lat' dir='ltr'>schismate</span> <span class='ocrx_word' id='word_1_557' title='bbox 1702 1280 1918 1320; x_wconf 79' lang='lat' dir='ltr'>repedaverint</span> <span class='ocrx_word' id='word_1_558' title='bbox 1929 1302 1941 1319; x_wconf 90' lang='lat'>,</span> <span class='ocrx_word' id='word_1_559' title='bbox 1966 1278 2011 1311; x_wconf 77' lang='lat' dir='ltr'>ad</span> <span class='ocrx_word' id='word_1_560' title='bbox 2026 1281 2096 1321; x_wconf 83' lang='lat' dir='ltr'>prl-</span> 
     </span>
     <span class='ocr_line' id='line_1_91' title="bbox 1199 1327 2096 1372; baseline -0.001 -10"><span class='ocrx_word' id='word_1_561' title='bbox 1199 1328 1289 1368; x_wconf 74' lang='lat' dir='ltr'>stinae</span> <span class='ocrx_word' id='word_1_562' title='bbox 1302 1328 1512 1370; x_wconf 64' lang='lat' dir='ltr'>conjunaeionis</span> <span class='ocrx_word' id='word_1_563' title='bbox 1524 1334 1662 1363; x_wconf 85' lang='lat' dir='ltr'>unionem</span> <span class='ocrx_word' id='word_1_564' title='bbox 1672 1327 1760 1372; x_wconf 84' lang='lat' dir='ltr'>usque</span> <span class='ocrx_word' id='word_1_565' title='bbox 1783 1328 1931 1362; x_wconf 68' lang='lat' dir='ltr'>bac‘ienus</span> <span class='ocrx_word' id='word_1_566' title='bbox 1951 1327 2096 1370; x_wconf 73' lang='lat' dir='ltr'>reforma-</span> 
     </span>
     <span class='ocr_line' id='line_1_92' title="bbox 1204 1377 2251 1433; baseline 0.005 -22"><span class='ocrx_word' id='word_1_567' title='bbox 1204 1384 1232 1411; x_wconf 75' lang='lat' dir='ltr'>ri</span> <span class='ocrx_word' id='word_1_568' title='bbox 1248 1403 1255 1411; x_wconf 93' lang='lat'><strong>.</strong></span> <span class='ocrx_word' id='word_1_569' title='bbox 1283 1379 1369 1412; x_wconf 85' lang='lat' dir='ltr'>Rern</span> <span class='ocrx_word' id='word_1_570' title='bbox 1382 1377 1550 1422; x_wconf 84' lang='lat' dir='ltr'>insigniter</span> <span class='ocrx_word' id='word_1_571' title='bbox 1560 1378 1703 1413; x_wconf 81' lang='lat' dir='ltr'>elucidat</span> <span class='ocrx_word' id='word_1_572' title='bbox 1715 1378 1749 1411; x_wconf 85' lang='lat' dir='ltr'>in</span> <span class='ocrx_word' id='word_1_573' title='bbox 1763 1378 1854 1413; x_wconf 85' lang='lat' dir='ltr'>libris</span> <span class='ocrx_word' id='word_1_574' title='bbox 1863 1378 1904 1415; x_wconf 83' lang='lat' dir='ltr'>de</span> <span class='ocrx_word' id='word_1_575' title='bbox 1916 1378 2020 1414; x_wconf 78' lang='lat' dir='ltr'>Italiae</span> <span class='ocrx_word' id='word_1_576' title='bbox 2031 1379 2098 1416; x_wconf 63' lang='lat' dir='ltr'>Re*</span> <span class='ocrx_word' id='word_1_577' title='bbox 2113 1401 2136 1431; x_wconf 48' lang='grc' dir='ltr'><strong>ἱ</strong></span> <span class='ocrx_word' id='word_1_578' title='bbox 2150 1410 2163 1433; x_wconf 71' lang='lat'><em>2</em></span> <span class='ocrx_word' id='word_1_579' title='bbox 2176 1401 2251 1433; x_wconf 74' lang='lat' dir='ltr'>c.65.</span> 
     </span>
     <span class='ocr_line' id='line_1_93' title="bbox 1205 1420 2175 1473; baseline 0.002 -12"><span class='ocrx_word' id='word_1_580' title='bbox 1205 1440 1274 1473; x_wconf 86' lang='lat' dir='ltr'>gno</span> <span class='ocrx_word' id='word_1_581' title='bbox 1305 1428 1447 1461; x_wconf 78' lang='lat' dir='ltr'>Carolus</span> <span class='ocrx_word' id='word_1_582' title='bbox 1459 1427 1637 1471; x_wconf 82' lang='lat' dir='ltr'>Sigonius.-</span> <span class='ocrx_word' id='word_1_583' title='bbox 1664 1431 1801 1461; x_wconf 79' lang='lat' dir='ltr'>Mortuus</span> <span class='ocrx_word' id='word_1_584' title='bbox 1828 1427 1871 1467; x_wconf 77' lang='lat' dir='ltr'>est.</span> <span class='ocrx_word' id='word_1_585' title='bbox 1883 1431 2012 1463; x_wconf 74' lang='lat' dir='ltr'>severus</span> <span class='ocrx_word' id='word_1_586' title='bbox 2036 1431 2100 1463; x_wconf 81' lang='lat' dir='ltr'>Pa·</span> <span class='ocrx_word' id='word_1_587' title='bbox 2114 1434 2123 1436; x_wconf 58' lang='lat'><strong><em>‘</em></strong></span> <span class='ocrx_word' id='word_1_588' title='bbox 2139 1421 2146 1430; x_wconf 74' lang='grc'><em>’</em></span> <span class='ocrx_word' id='word_1_589' title='bbox 2168 1420 2175 1432; x_wconf 77' lang='grc'><strong>’</strong></span> 
     </span>
     <span class='ocr_line' id='line_1_94' title="bbox 1205 1475 2100 1520; baseline -0.001 -10"><span class='ocrx_word' id='word_1_590' title='bbox 1205 1477 1339 1510; x_wconf 85' lang='lat' dir='ltr'>triarcha</span> <span class='ocrx_word' id='word_1_591' title='bbox 1362 1475 1571 1518; x_wconf 73' lang='lat' dir='ltr'>Aquilejensi‘s.</span> <span class='ocrx_word' id='word_1_592' title='bbox 1609 1477 1675 1516; x_wconf 79' lang='lat' dir='ltr'>Post</span> <span class='ocrx_word' id='word_1_593' title='bbox 1699 1477 1961 1520; x_wconf 76' lang='lat' dir='ltr'>Langobardorum</span> <span class='ocrx_word' id='word_1_594' title='bbox 1982 1482 2015 1509; x_wconf 81' lang='lat' dir='ltr'>in</span> <span class='ocrx_word' id='word_1_595' title='bbox 2037 1482 2100 1514; x_wconf 64' lang='lat' dir='ltr'>Ita-</span> 
     </span>
     <span class='ocr_line' id='line_1_95' title="bbox 1204 1525 2100 1570; baseline 0 -10"><span class='ocrx_word' id='word_1_596' title='bbox 1204 1529 1277 1560; x_wconf 78' lang='lat' dir='ltr'>liam</span> <span class='ocrx_word' id='word_1_597' title='bbox 1288 1528 1457 1563; x_wconf 78' lang='lat' dir='ltr'>adventum</span> <span class='ocrx_word' id='word_1_598' title='bbox 1469 1525 1657 1568; x_wconf 76' lang='lat' dir='ltr'>Aquilejenfir</span> <span class='ocrx_word' id='word_1_599' title='bbox 1669 1527 1796 1567; x_wconf 63' lang='lat' dir='ltr'>&gt;Antisti-s</span> <span class='ocrx_word' id='word_1_600' title='bbox 1806 1552 1816 1567; x_wconf 92' lang='lat'><em>,</em></span> <span class='ocrx_word' id='word_1_601' title='bbox 1827 1527 1932 1560; x_wconf 65' lang='lat' dir='ltr'>reliaa</span> <span class='ocrx_word' id='word_1_602' title='bbox 1944 1528 2100 1570; x_wconf 76' lang='lat' dir='ltr'>Aquileja,</span> 
     </span>
     <span class='ocr_line' id='line_1_96' title="bbox 1207 1574 2101 1621; baseline 0.001 -12"><span class='ocrx_word' id='word_1_603' title='bbox 1207 1577 1507 1616; x_wconf 84' lang='lat' dir='ltr'>Gradumtenuerat‚</span> <span class='ocrx_word' id='word_1_604' title='bbox 1534 1583 1625 1619; x_wconf 78' lang='lat' dir='ltr'>atque</span> <span class='ocrx_word' id='word_1_605' title='bbox 1637 1587 1716 1610; x_wconf 88' lang='lat' dir='ltr'>unus</span> <span class='ocrx_word' id='word_1_606' title='bbox 1741 1574 1803 1619; x_wconf 76' lang='lat' dir='ltr'>ipse</span> <span class='ocrx_word' id='word_1_607' title='bbox 1822 1576 1959 1610; x_wconf 76' lang='lat' dir='ltr'>omnibus</span> <span class='ocrx_word' id='word_1_608' title='bbox 1981 1575 2101 1621; x_wconf 69' lang='lat' dir='ltr'>Episto—</span> 
     </span>
     <span class='ocr_line' id='line_1_97' title="bbox 1204 1624 2101 1670; baseline 0.004 -12"><span class='ocrx_word' id='word_1_609' title='bbox 1204 1632 1253 1668; x_wconf 84' lang='lat' dir='ltr'>pis</span> <span class='ocrx_word' id='word_1_610' title='bbox 1265 1631 1395 1663; x_wconf 79' lang='lat' dir='ltr'>Venetiae</span> <span class='ocrx_word' id='word_1_611' title='bbox 1407 1624 1583 1668; x_wconf 68' lang='lat' dir='ltr'>Histria-que</span> <span class='ocrx_word' id='word_1_612' title='bbox 1600 1625 1791 1668; x_wconf 49' lang='lat' dir='ltr'>praefuerat.</span> <span class='ocrx_word' id='word_1_613' title='bbox 1819 1627 1865 1660; x_wconf 79' lang='lat' dir='ltr'>Ab</span> <span class='ocrx_word' id='word_1_614' title='bbox 1891 1626 1943 1662; x_wconf 80' lang='lat' dir='ltr'>boc</span> <span class='ocrx_word' id='word_1_615' title='bbox 1969 1636 2101 1670; x_wconf 81' lang='lat' dir='ltr'>tempore</span> 
     </span>
     <span class='ocr_line' id='line_1_98' title="bbox 1207 1674 2104 1720; baseline 0.002 -11"><span class='ocrx_word' id='word_1_616' title='bbox 1207 1678 1264 1709; x_wconf 83' lang='lat' dir='ltr'>duo</span> <span class='ocrx_word' id='word_1_617' title='bbox 1276 1675 1468 1714; x_wconf 76' lang='lat' dir='ltr'>Patriarcbae</span> <span class='ocrx_word' id='word_1_618' title='bbox 1505 1674 1652 1717; x_wconf 81' lang='lat' dir='ltr'>fuerunt:</span> <span class='ocrx_word' id='word_1_619' title='bbox 1680 1681 1762 1712; x_wconf 85' lang='lat' dir='ltr'>Unus</span> <span class='ocrx_word' id='word_1_620' title='bbox 1773 1682 1825 1719; x_wconf 86' lang='lat' dir='ltr'>qui</span> <span class='ocrx_word' id='word_1_621' title='bbox 1844 1679 2032 1720; x_wconf 68' lang='lat' dir='ltr'>Aquileiam,</span> <span class='ocrx_word' id='word_1_622' title='bbox 2058 1678 2104 1711; x_wconf 82' lang='lat' dir='ltr'>al-</span> 
     </span>
     <span class='ocr_line' id='line_1_99' title="bbox 1208 1723 2106 1771; baseline 0.003 -12"><span class='ocrx_word' id='word_1_623' title='bbox 1208 1735 1252 1760; x_wconf 85' lang='lat' dir='ltr'>ter</span> <span class='ocrx_word' id='word_1_624' title='bbox 1264 1731 1315 1768; x_wconf 83' lang='lat' dir='ltr'>qui</span> <span class='ocrx_word' id='word_1_625' title='bbox 1331 1726 1468 1759; x_wconf 84' lang='lat' dir='ltr'>Gradum</span> <span class='ocrx_word' id='word_1_626' title='bbox 1478 1723 1601 1768; x_wconf 80' lang='lat' dir='ltr'>insedit.</span> <span class='ocrx_word' id='word_1_627' title='bbox 1631 1730 1707 1760; x_wconf 79' lang='lat' dir='ltr'>Huic</span> <span class='ocrx_word' id='word_1_628' title='bbox 1720 1725 1854 1767; x_wconf 78' lang='lat' dir='ltr'>instituto</span> <span class='ocrx_word' id='word_1_629' title='bbox 1886 1725 2008 1771; x_wconf 82' lang='lat' dir='ltr'>causam</span> <span class='ocrx_word' id='word_1_630' title='bbox 2020 1736 2106 1762; x_wconf 76' lang='lat' dir='ltr'>attu-</span> 
     </span>
     <span class='ocr_line' id='line_1_100' title="bbox 1207 1773 2103 1822; baseline 0 -12"><span class='ocrx_word' id='word_1_631' title='bbox 1207 1777 1265 1813; x_wconf 85' lang='lat' dir='ltr'>lere</span> <span class='ocrx_word' id='word_1_632' title='bbox 1276 1774 1464 1820; x_wconf 75' lang='lat' dir='ltr'>Langobardi</span> <span class='ocrx_word' id='word_1_633' title='bbox 1474 1800 1481 1807; x_wconf 92' lang='lat'><strong>.</strong></span> <span class='ocrx_word' id='word_1_634' title='bbox 1520 1773 1658 1819; x_wconf 77' lang='lat' dir='ltr'>,Gisulsus</span> <span class='ocrx_word' id='word_1_635' title='bbox 1667 1781 1747 1810; x_wconf 76' lang='lat' dir='ltr'>enim</span> <span class='ocrx_word' id='word_1_636' title='bbox 1763 1780 1835 1814; x_wconf 76' lang='lat' dir='ltr'>Dux</span> <span class='ocrx_word' id='word_1_637' title='bbox 1847 1777 2079 1822; x_wconf 64' lang='lat' dir='ltr'>ForoeJulienfis</span> <span class='ocrx_word' id='word_1_638' title='bbox 2089 1802 2103 1818; x_wconf 83' lang='lat'>‚</span> 
     </span>
     <span class='ocr_line' id='line_1_101' title="bbox 1208 1823 2106 1872; baseline 0.003 -14"><span class='ocrx_word' id='word_1_639' title='bbox 1208 1825 1380 1866; x_wconf 79' lang='lat' dir='ltr'>Christiana</span> <span class='ocrx_word' id='word_1_640' title='bbox 1392 1827 1540 1870; x_wconf 82' lang='lat' dir='ltr'>Religione</span> <span class='ocrx_word' id='word_1_641' title='bbox 1555 1823 1708 1870; x_wconf 48' lang='lat' dir='ltr'>sufteptcn</span> <span class='ocrx_word' id='word_1_642' title='bbox 1734 1834 1820 1867; x_wconf 74' lang='lat' dir='ltr'>vetus</span> <span class='ocrx_word' id='word_1_643' title='bbox 1842 1828 1951 1861; x_wconf 78' lang='lat' dir='ltr'>ditioni</span> <span class='ocrx_word' id='word_1_644' title='bbox 1975 1827 2039 1872; x_wconf 78' lang='lat' dir='ltr'>suae</span> <span class='ocrx_word' id='word_1_645' title='bbox 2060 1829 2106 1861; x_wconf 63' lang='lat' dir='ltr'>dia</span> 
     </span>
     <span class='ocr_line' id='line_1_102' title="bbox 1205 1876 2106 1922; baseline 0.002 -13"><span class='ocrx_word' id='word_1_646' title='bbox 1205 1882 1337 1920; x_wconf 83' lang='lat' dir='ltr'>gnitatis</span> <span class='ocrx_word' id='word_1_647' title='bbox 1361 1876 1449 1917; x_wconf 78' lang='lat' dir='ltr'>hujus</span> <span class='ocrx_word' id='word_1_648' title='bbox 1472 1876 1629 1920; x_wconf 75' lang='lat' dir='ltr'>fastigium</span> <span class='ocrx_word' id='word_1_649' title='bbox 1659 1888 1798 1921; x_wconf 85' lang='lat' dir='ltr'>quaerens</span> <span class='ocrx_word' id='word_1_650' title='bbox 1811 1903 1823 1920; x_wconf 88' lang='lat'>‚</span> <span class='ocrx_word' id='word_1_651' title='bbox 1844 1876 1947 1922; x_wconf 79' lang='lat' dir='ltr'>sacros</span> <span class='ocrx_word' id='word_1_652' title='bbox 1981 1877 2106 1912; x_wconf 67' lang='lat' dir='ltr'>bonores=</span> 
     </span>
     <span class='ocr_line' id='line_1_103' title="bbox 1214 1926 2107 1972; baseline 0.001 -12"><span class='ocrx_word' id='word_1_653' title='bbox 1214 1938 1288 1960; x_wconf 85' lang='lat' dir='ltr'>novo</span> <span class='ocrx_word' id='word_1_654' title='bbox 1301 1927 1437 1968; x_wconf 84' lang='lat' dir='ltr'>exemplo</span> <span class='ocrx_word' id='word_1_655' title='bbox 1447 1927 1620 1967; x_wconf 72' lang='lat' dir='ltr'>distribuere</span> <span class='ocrx_word' id='word_1_656' title='bbox 1631 1926 1722 1970; x_wconf 75' lang='lat' dir='ltr'>ausu:</span> <span class='ocrx_word' id='word_1_657' title='bbox 1731 1951 1742 1967; x_wconf 93' lang='lat'>,</span> <span class='ocrx_word' id='word_1_658' title='bbox 1774 1932 1808 1972; x_wconf 85' lang='lat' dir='ltr'><strong><em>J</em></strong></span> <span class='ocrx_word' id='word_1_659' title='bbox 1810 1939 1937 1967; x_wconf 80' lang='lat' dir='ltr'>oannem</span> <span class='ocrx_word' id='word_1_660' title='bbox 1958 1928 2107 1966; x_wconf 75' lang='lat' dir='ltr'>Abbatem</span> 
     </span>
     <span class='ocr_line' id='line_1_104' title="bbox 1206 1975 2107 2022; baseline 0.001 -11"><span class='ocrx_word' id='word_1_661' title='bbox 1206 1985 1262 2020; x_wconf 82' lang='lat' dir='ltr'>per</span> <span class='ocrx_word' id='word_1_662' title='bbox 1276 1980 1394 2012; x_wconf 82' lang='lat' dir='ltr'>clerum</span> <span class='ocrx_word' id='word_1_663' title='bbox 1408 1976 1598 2020; x_wconf 73' lang='lat' dir='ltr'>Aquilejenfis</span> <span class='ocrx_word' id='word_1_664' title='bbox 1608 1975 1742 2019; x_wconf 82' lang='lat' dir='ltr'>Ecclefiae</span> <span class='ocrx_word' id='word_1_665' title='bbox 1769 1976 1982 2022; x_wconf 80' lang='lat' dir='ltr'>designandum</span> <span class='ocrx_word' id='word_1_666' title='bbox 2004 1981 2107 2012; x_wconf 74' lang='lat' dir='ltr'>Patri-</span> 
     </span>
     <span class='ocr_line' id='line_1_105' title="bbox 1212 2026 2107 2069; baseline 0.003 -10"><span class='ocrx_word' id='word_1_667' title='bbox 1212 2026 1334 2064; x_wconf 58' lang='lat' dir='ltr'>,arcbam</span> <span class='ocrx_word' id='word_1_668' title='bbox 1346 2033 1464 2061; x_wconf 84' lang='lat' dir='ltr'>curavit</span> <span class='ocrx_word' id='word_1_669' title='bbox 1478 2051 1485 2059; x_wconf 92' lang='lat'>.</span> <span class='ocrx_word' id='word_1_670' title='bbox 1515 2030 1632 2060; x_wconf 80' lang='lat' dir='ltr'>Contra</span> <span class='ocrx_word' id='word_1_671' title='bbox 1644 2030 1716 2061; x_wconf 73' lang='lat' dir='ltr'>vero</span> <span class='ocrx_word' id='word_1_672' title='bbox 1729 2027 1892 2069; x_wconf 82' lang='lat' dir='ltr'>Gradenfis</span> <span class='ocrx_word' id='word_1_673' title='bbox 1901 2029 2009 2062; x_wconf 83' lang='lat' dir='ltr'>clerus</span> <span class='ocrx_word' id='word_1_674' title='bbox 2023 2031 2107 2062; x_wconf 85' lang='lat' dir='ltr'>Can·</span> 
     </span>
     <span class='ocr_line' id='line_1_106' title="bbox 1213 2077 2107 2121; baseline 0.006 -11"><span class='ocrx_word' id='word_1_675' title='bbox 1213 2079 1374 2110; x_wconf 73' lang='lat' dir='ltr'>didianum</span> <span class='ocrx_word' id='word_1_676' title='bbox 1386 2077 1472 2120; x_wconf 77' lang='lat' dir='ltr'>elegit</span> <span class='ocrx_word' id='word_1_677' title='bbox 1488 2102 1495 2108; x_wconf 92' lang='lat'>.</span> <span class='ocrx_word' id='word_1_678' title='bbox 1522 2078 1642 2118; x_wconf 77' lang='lat' dir='ltr'>Diffidio</span> <span class='ocrx_word' id='word_1_679' title='bbox 1648 2077 1805 2120; x_wconf 76' lang='lat' dir='ltr'>perniciofi</span> <span class='ocrx_word' id='word_1_680' title='bbox 1816 2085 1848 2113; x_wconf 87' lang='lat' dir='ltr'>in</span> <span class='ocrx_word' id='word_1_681' title='bbox 1854 2077 1997 2121; x_wconf 84' lang='lat' dir='ltr'>futurum</span> <span class='ocrx_word' id='word_1_682' title='bbox 2007 2089 2107 2114; x_wconf 61' lang='lat' dir='ltr'>exemi·</span> 
     </span>
     <span class='ocr_line' id='line_1_107' title="bbox 1210 2128 2106 2174; baseline 0.002 -14"><span class='ocrx_word' id='word_1_683' title='bbox 1210 2129 1256 2169; x_wconf 76' lang='lat' dir='ltr'>pli</span> <span class='ocrx_word' id='word_1_684' title='bbox 1268 2128 1366 2160; x_wconf 87' lang='lat' dir='ltr'>oborto</span> <span class='ocrx_word' id='word_1_685' title='bbox 1378 2151 1389 2168; x_wconf 92' lang='lat'>,</span> <span class='ocrx_word' id='word_1_686' title='bbox 1415 2139 1462 2160; x_wconf 87' lang='lat' dir='ltr'>res</span> <span class='ocrx_word' id='word_1_687' title='bbox 1479 2131 1605 2163; x_wconf 84' lang='lat' dir='ltr'>Romam</span> <span class='ocrx_word' id='word_1_688' title='bbox 1617 2128 1718 2161; x_wconf 83' lang='lat' dir='ltr'>delata</span> <span class='ocrx_word' id='word_1_689' title='bbox 1727 2128 1783 2168; x_wconf 82' lang='lat' dir='ltr'>est:</span> <span class='ocrx_word' id='word_1_690' title='bbox 1813 2128 1958 2173; x_wconf 80' lang='lat' dir='ltr'>Pontifex</span> <span class='ocrx_word' id='word_1_691' title='bbox 1978 2132 2106 2174; x_wconf 67' lang='lat' dir='ltr'>Joanne</span> 
     </span>
     <span class='ocr_line' id='line_1_108' title="bbox 1214 2177 2107 2222; baseline 0.003 -13"><span class='ocrx_word' id='word_1_692' title='bbox 1214 2177 1339 2219; x_wconf 65' lang='lat' dir='ltr'>rejebio,</span> <span class='ocrx_word' id='word_1_693' title='bbox 1376 2177 1603 2211; x_wconf 80' lang='lat' dir='ltr'>candidianum</span> <span class='ocrx_word' id='word_1_694' title='bbox 1632 2177 1778 2220; x_wconf 79' lang='lat' dir='ltr'>probavit</span> <span class='ocrx_word' id='word_1_695' title='bbox 1801 2202 1813 2218; x_wconf 92' lang='lat'>‚</span> <span class='ocrx_word' id='word_1_696' title='bbox 1848 2190 1969 2222; x_wconf 85' lang='lat' dir='ltr'>eumque</span> <span class='ocrx_word' id='word_1_697' title='bbox 2007 2178 2107 2216; x_wconf 72' lang='lat' dir='ltr'>Pallio</span> 
     </span>
     <span class='ocr_line' id='line_1_109' title="bbox 1217 2226 2108 2273; baseline 0.001 -12"><span class='ocrx_word' id='word_1_698' title='bbox 1217 2233 1382 2261; x_wconf 79' lang='lat' dir='ltr'>exornavit</span> <span class='ocrx_word' id='word_1_699' title='bbox 1395 2251 1403 2258; x_wconf 92' lang='lat'><strong>.</strong></span> <span class='ocrx_word' id='word_1_700' title='bbox 1430 2232 1540 2270; x_wconf 83' lang='lat' dir='ltr'>Neque</span> <span class='ocrx_word' id='word_1_701' title='bbox 1551 2226 1683 2271; x_wconf 76' lang='lat' dir='ltr'>eofi‘cius</span> <span class='ocrx_word' id='word_1_702' title='bbox 1705 2227 1841 2272; x_wconf 66' lang='lat' dir='ltr'>Gifidfus</span> <span class='ocrx_word' id='word_1_703' title='bbox 1859 2227 1947 2273; x_wconf 86' lang='lat' dir='ltr'>suum</span> <span class='ocrx_word' id='word_1_704' title='bbox 1968 2232 2108 2263; x_wconf 83' lang='lat' dir='ltr'>Patriar-</span> 
     </span>
     <span class='ocr_line' id='line_1_110' title="bbox 1215 2277 2106 2322; baseline 0.004 -11"><span class='ocrx_word' id='word_1_705' title='bbox 1215 2277 1301 2311; x_wconf 85' lang='lat' dir='ltr'>cham</span> <span class='ocrx_word' id='word_1_706' title='bbox 1314 2282 1452 2311; x_wconf 78' lang='lat' dir='ltr'>retinuit.</span> <span class='ocrx_word' id='word_1_707' title='bbox 1478 2277 1572 2312; x_wconf 91' lang='lat' dir='ltr'>Hinc</span> <span class='ocrx_word' id='word_1_708' title='bbox 1599 2279 1741 2322; x_wconf 85' lang='lat' dir='ltr'>ipsarum</span> <span class='ocrx_word' id='word_1_709' title='bbox 1755 2279 1972 2315; x_wconf 82' lang='lat' dir='ltr'>Ecclefiarum</span> <span class='ocrx_word' id='word_1_710' title='bbox 1992 2281 2106 2315; x_wconf 85' lang='lat' dir='ltr'>conse·-</span> 
     </span>
     <span class='ocr_line' id='line_1_111' title="bbox 1211 2327 2107 2374; baseline 0.001 -11"><span class='ocrx_word' id='word_1_711' title='bbox 1211 2338 1286 2363; x_wconf 86' lang='lat' dir='ltr'>cuta</span> <span class='ocrx_word' id='word_1_712' title='bbox 1298 2327 1344 2362; x_wconf 87' lang='lat' dir='ltr'>est</span> <span class='ocrx_word' id='word_1_713' title='bbox 1357 2328 1474 2363; x_wconf 87' lang='lat' dir='ltr'>divisio</span> <span class='ocrx_word' id='word_1_714' title='bbox 1488 2355 1496 2364; x_wconf 85' lang='grc'><strong>.</strong></span> <span class='ocrx_word' id='word_1_715' title='bbox 1524 2328 1726 2373; x_wconf 63' lang='lat' dir='ltr'>Aquileiensi</span> <span class='ocrx_word' id='word_1_716' title='bbox 1747 2340 1923 2374; x_wconf 87' lang='lat' dir='ltr'>paruerunt</span> <span class='ocrx_word' id='word_1_717' title='bbox 1936 2341 2052 2365; x_wconf 85' lang='lat' dir='ltr'>omnes</span> <span class='ocrx_word' id='word_1_718' title='bbox 2064 2329 2107 2368; x_wconf 75' lang='lat' dir='ltr'>E-</span> 
     </span>
     <span class='ocr_line' id='line_1_112' title="bbox 1212 2378 2109 2427; baseline 0.002 -15"><span class='ocrx_word' id='word_1_719' title='bbox 1212 2379 1337 2422; x_wconf 88' lang='lat' dir='ltr'>piscopi</span> <span class='ocrx_word' id='word_1_720' title='bbox 1360 2403 1371 2419; x_wconf 90' lang='lat'>,</span> <span class='ocrx_word' id='word_1_721' title='bbox 1407 2379 1464 2427; x_wconf 59' lang='lat' dir='ltr'>qpi</span> <span class='ocrx_word' id='word_1_722' title='bbox 1484 2390 1577 2414; x_wconf 83' lang='lat' dir='ltr'>erant</span> <span class='ocrx_word' id='word_1_723' title='bbox 1603 2381 1638 2412; x_wconf 88' lang='lat' dir='ltr'>in</span> <span class='ocrx_word' id='word_1_724' title='bbox 1670 2380 1858 2415; x_wconf 86' lang='lat' dir='ltr'>continenti</span> <span class='ocrx_word' id='word_1_725' title='bbox 1882 2380 2023 2415; x_wconf 87' lang='lat' dir='ltr'>Venetia</span> <span class='ocrx_word' id='word_1_726' title='bbox 2046 2378 2109 2420; x_wconf 76' lang='lat' dir='ltr'>sub</span> 
     </span>
    </p>
   </div>
   <div class='ocr_carea' id='block_1_12' title="bbox 1194 2413 2107 2524">
    <p class='ocr_par' dir='ltr' id='par_1_14' title="bbox 1194 2413 2107 2524">
     <span class='ocr_line' id='line_1_113' title="bbox 1195 2413 2107 2483; baseline 0.003 -21"><span class='ocrx_word' id='word_1_727' title='bbox 1195 2413 1469 2483; x_wconf 57' lang='lat' dir='ltr'>lLongobardis:</span> <span class='ocrx_word' id='word_1_728' title='bbox 1508 2430 1566 2473; x_wconf 91' lang='lat' dir='ltr'>qui</span> <span class='ocrx_word' id='word_1_729' title='bbox 1591 2429 1761 2468; x_wconf 85' lang='lat' dir='ltr'>AEstuaria</span> <span class='ocrx_word' id='word_1_730' title='bbox 1790 2432 1825 2466; x_wconf 73' lang='grc' dir='ltr'>ὅ(</span> <span class='ocrx_word' id='word_1_731' title='bbox 1851 2431 2014 2467; x_wconf 87' lang='lat' dir='ltr'>Histriam</span> <span class='ocrx_word' id='word_1_732' title='bbox 2045 2429 2107 2465; x_wconf 84' lang='lat' dir='ltr'>sub</span> 
     </span>
     <span class='ocr_line' id='line_1_114' title="bbox 1194 2478 2103 2524; baseline 0.001 -10"><span class='ocrx_word' id='word_1_733' title='bbox 1194 2479 1368 2514; x_wconf 75' lang='lat' dir='ltr'>iRomano</span> <span class='ocrx_word' id='word_1_734' title='bbox 1392 2480 1534 2523; x_wconf 86' lang='lat' dir='ltr'>irnperio</span> <span class='ocrx_word' id='word_1_735' title='bbox 1557 2478 1745 2515; x_wconf 80' lang='lat' dir='ltr'>incolebant</span> <span class='ocrx_word' id='word_1_736' title='bbox 1768 2503 1781 2521; x_wconf 87' lang='lat'><strong>,</strong></span> <span class='ocrx_word' id='word_1_737' title='bbox 1818 2483 2026 2524; x_wconf 85' lang='lat' dir='ltr'>respexerunt</span> <span class='ocrx_word' id='word_1_738' title='bbox 2059 2479 2103 2515; x_wconf 83' lang='lat' dir='ltr'>ad</span> 
     </span>
    </p>
   </div>
   <div class='ocr_carea' id='block_1_13' title="bbox 1211 2529 2105 2673">
    <p class='ocr_par' dir='ltr' id='par_1_15' title="bbox 1211 2529 2105 2673">
     <span class='ocr_line' id='line_1_115' title="bbox 1211 2529 2105 2577; baseline 0.001 -14"><span class='ocrx_word' id='word_1_739' title='bbox 1211 2529 1412 2563; x_wconf 88' lang='lat' dir='ltr'>Gradensem</span> <span class='ocrx_word' id='word_1_740' title='bbox 1426 2553 1433 2560; x_wconf 91' lang='lat'><strong>.</strong></span> <span class='ocrx_word' id='word_1_741' title='bbox 1460 2529 1543 2564; x_wconf 75' lang='lat' dir='ltr'>Sane</span> <span class='ocrx_word' id='word_1_742' title='bbox 1555 2529 1645 2571; x_wconf 91' lang='lat' dir='ltr'>quod</span> <span class='ocrx_word' id='word_1_743' title='bbox 1669 2529 1840 2575; x_wconf 87' lang='lat' dir='ltr'>Agilulfus</span> <span class='ocrx_word' id='word_1_744' title='bbox 1863 2529 2105 2577; x_wconf 83' lang='lat' dir='ltr'>Longobardo-</span> 
     </span>
     <span class='ocr_line' id='line_1_116' title="bbox 1211 2577 2104 2625; baseline 0.002 -12"><span class='ocrx_word' id='word_1_745' title='bbox 1211 2591 1285 2613; x_wconf 85' lang='lat' dir='ltr'>rum</span> <span class='ocrx_word' id='word_1_746' title='bbox 1298 2579 1373 2613; x_wconf 86' lang='lat' dir='ltr'>Rex</span> <span class='ocrx_word' id='word_1_747' title='bbox 1385 2577 1485 2613; x_wconf 87' lang='lat' dir='ltr'>etiam</span> <span class='ocrx_word' id='word_1_748' title='bbox 1497 2577 1807 2615; x_wconf 80' lang='lat' dir='ltr'>Mediolanensibus</span> <span class='ocrx_word' id='word_1_749' title='bbox 1819 2581 2020 2625; x_wconf 89' lang='lat' dir='ltr'>Episcopum</span> <span class='ocrx_word' id='word_1_750' title='bbox 2043 2591 2104 2615; x_wconf 79' lang='lat' dir='ltr'>no-</span> 
     </span>
     <span class='ocr_line' id='line_1_117' title="bbox 1212 2630 2104 2673; baseline 0.001 -10"><span class='ocrx_word' id='word_1_751' title='bbox 1212 2631 1340 2664; x_wconf 88' lang='lat' dir='ltr'>minare</span> <span class='ocrx_word' id='word_1_752' title='bbox 1351 2639 1450 2673; x_wconf 90' lang='lat' dir='ltr'>atque</span> <span class='ocrx_word' id='word_1_753' title='bbox 1461 2630 1625 2666; x_wconf 85' lang='lat' dir='ltr'>intrudere</span> <span class='ocrx_word' id='word_1_754' title='bbox 1639 2632 1830 2671; x_wconf 85' lang='lat' dir='ltr'>tentaverit,</span> <span class='ocrx_word' id='word_1_755' title='bbox 1861 2632 1948 2666; x_wconf 89' lang='lat' dir='ltr'>lucet</span> <span class='ocrx_word' id='word_1_756' title='bbox 1960 2642 2001 2665; x_wconf 85' lang='lat' dir='ltr'>ex</span> <span class='ocrx_word' id='word_1_757' title='bbox 2023 2631 2104 2665; x_wconf 82' lang='lat' dir='ltr'>San-</span> 
     </span>
    </p>
   </div>
   <div class='ocr_carea' id='block_1_14' title="bbox 1195 2679 2101 2724">
    <p class='ocr_par' dir='ltr' id='par_1_16' title="bbox 1195 2679 2101 2724">
     <span class='ocr_line' id='line_1_118' title="bbox 1195 2679 2101 2724; baseline 0.002 -9"><span class='ocrx_word' id='word_1_758' title='bbox 1195 2680 1251 2716; x_wconf 78' lang='grc' dir='ltr'>,ἃί</span> <span class='ocrx_word' id='word_1_759' title='bbox 1277 2679 1432 2724; x_wconf 85' lang='lat' dir='ltr'>Gregorii</span> <span class='ocrx_word' id='word_1_760' title='bbox 1452 2679 1569 2713; x_wconf 87' lang='lat' dir='ltr'>litteris</span> <span class='ocrx_word' id='word_1_761' title='bbox 1587 2680 1628 2714; x_wconf 92' lang='lat' dir='ltr'>ad</span> <span class='ocrx_word' id='word_1_762' title='bbox 1651 2681 1743 2714; x_wconf 82' lang='lat' dir='ltr'>istius</span> <span class='ocrx_word' id='word_1_763' title='bbox 1769 2681 1920 2715; x_wconf 83' lang='lat' dir='ltr'>Ecclefiae</span> <span class='ocrx_word' id='word_1_764' title='bbox 1946 2679 2101 2717; x_wconf 67' lang='lat' dir='ltr'>(Herum.-</span> 
     </span>
    </p>
   </div>
   <div class='ocr_carea' id='block_1_15' title="bbox 1214 2729 2284 2826">
    <p class='ocr_par' dir='ltr' id='par_1_17' title="bbox 1214 2729 2284 2826">
     <span class='ocr_line' id='line_1_119' title="bbox 1214 2729 2230 2775; baseline 0.004 -13"><span class='ocrx_word' id='word_1_765' title='bbox 1214 2729 1318 2765; x_wconf 76' lang='lat' dir='ltr'>Porrd</span> <span class='ocrx_word' id='word_1_766' title='bbox 1332 2729 1475 2773; x_wconf 81' lang='lat' dir='ltr'>Ioannes</span> <span class='ocrx_word' id='word_1_767' title='bbox 1488 2729 1609 2763; x_wconf 87' lang='lat' dir='ltr'>Gisulfi</span> <span class='ocrx_word' id='word_1_768' title='bbox 1621 2730 1751 2765; x_wconf 59' lang='lat' dir='ltr'>Electus</span> <span class='ocrx_word' id='word_1_769' title='bbox 1761 2756 1772 2771; x_wconf 90' lang='lat'>,</span> <span class='ocrx_word' id='word_1_770' title='bbox 1798 2730 1887 2775; x_wconf 90' lang='lat' dir='ltr'>quod</span> <span class='ocrx_word' id='word_1_771' title='bbox 1899 2730 2004 2765; x_wconf 81' lang='lat' dir='ltr'>Gradi</span> <span class='ocrx_word' id='word_1_772' title='bbox 2017 2729 2103 2764; x_wconf 88' lang='lat' dir='ltr'>sede·</span> <span class='ocrx_word' id='word_1_773' title='bbox 2121 2736 2181 2772; x_wconf 64' lang='lat' dir='ltr'>Lib,</span> <span class='ocrx_word' id='word_1_774' title='bbox 2205 2741 2230 2771; x_wconf 76' lang='lat' dir='ltr'>s.</span> 
     </span>
     <span class='ocr_line' id='line_1_120' title="bbox 1214 2779 2284 2826; baseline -0.001 -12"><span class='ocrx_word' id='word_1_775' title='bbox 1214 2791 1246 2814; x_wconf 87' lang='lat' dir='ltr'>re</span> <span class='ocrx_word' id='word_1_776' title='bbox 1258 2792 1328 2814; x_wconf 87' lang='lat' dir='ltr'>non</span> <span class='ocrx_word' id='word_1_777' title='bbox 1351 2780 1480 2823; x_wconf 89' lang='lat' dir='ltr'>posset,</span> <span class='ocrx_word' id='word_1_778' title='bbox 1506 2779 1549 2813; x_wconf 88' lang='lat' dir='ltr'>ad</span> <span class='ocrx_word' id='word_1_779' title='bbox 1571 2780 1649 2823; x_wconf 87' lang='lat' dir='ltr'>Julii</span> <span class='ocrx_word' id='word_1_780' title='bbox 1671 2781 1780 2815; x_wconf 88' lang='lat' dir='ltr'>forum</span> <span class='ocrx_word' id='word_1_781' title='bbox 1801 2780 2102 2826; x_wconf 87' lang='lat' dir='ltr'>Longobardorum</span> <span class='ocrx_word' id='word_1_782' title='bbox 2123 2779 2208 2818; x_wconf 83' lang='lat' dir='ltr'>Epist·</span> <span class='ocrx_word' id='word_1_783' title='bbox 2236 2783 2284 2816; x_wconf 71' lang='lat'>65.·</span> 
     </span>
    </p>
   </div>
   <div class='ocr_carea' id='block_1_16' title="bbox 1195 2829 2102 2876">
    <p class='ocr_par' dir='ltr' id='par_1_18' title="bbox 1195 2829 2102 2876">
     <span class='ocr_line' id='line_1_121' title="bbox 1195 2829 2102 2876; baseline 0.001 -12"><span class='ocrx_word' id='word_1_784' title='bbox 1195 2863 1197 2876; x_wconf 28' lang='lat' dir='ltr'><em>A</em></span> <span class='ocrx_word' id='word_1_785' title='bbox 1214 2831 1285 2864; x_wconf 85' lang='lat' dir='ltr'>istic</span> <span class='ocrx_word' id='word_1_786' title='bbox 1298 2829 1520 2871; x_wconf 81' lang='lat' dir='ltr'>Metropolim</span> <span class='ocrx_word' id='word_1_787' title='bbox 1536 2854 1547 2870; x_wconf 94' lang='lat'>‚</span> <span class='ocrx_word' id='word_1_788' title='bbox 1574 2831 1640 2867; x_wconf 82' lang='lat' dir='ltr'>sese</span> <span class='ocrx_word' id='word_1_789' title='bbox 1654 2841 1730 2865; x_wconf 86' lang='lat' dir='ltr'>cum</span> <span class='ocrx_word' id='word_1_790' title='bbox 1748 2831 1820 2870; x_wconf 80' lang='lat' dir='ltr'>sede</span> <span class='ocrx_word' id='word_1_791' title='bbox 1844 2832 1898 2867; x_wconf 86' lang='lat' dir='ltr'>sua</span> <span class='ocrx_word' id='word_1_792' title='bbox 1920 2830 2102 2871; x_wconf 86' lang='lat' dir='ltr'>transtulit,</span> 
     </span>
    </p>
   </div>
   <div class='ocr_carea' id='block_1_17' title="bbox 270 2876 2102 2925">
    <p class='ocr_par' dir='ltr' id='par_1_19' title="bbox 270 2876 2102 2925">
     <span class='ocr_line' id='line_1_122' title="bbox 270 2876 2102 2925; baseline 0.002 -13"><span class='ocrx_word' id='word_1_793' title='bbox 270 2879 414 2913; x_wconf 87' lang='lat' dir='ltr'>Decreto</span> <span class='ocrx_word' id='word_1_794' title='bbox 426 2879 522 2911; x_wconf 89' lang='lat' dir='ltr'>fuisse</span> <span class='ocrx_word' id='word_1_795' title='bbox 534 2876 725 2911; x_wconf 77' lang='lat' dir='ltr'>Patriarchae</span> <span class='ocrx_word' id='word_1_796' title='bbox 737 2880 872 2913; x_wconf 90' lang='lat' dir='ltr'>nomine</span> <span class='ocrx_word' id='word_1_797' title='bbox 881 2880 915 2913; x_wconf 88' lang='lat'>&amp;</span> <span class='ocrx_word' id='word_1_798' title='bbox 944 2878 1072 2912; x_wconf 90' lang='lat' dir='ltr'>honore</span> <span class='ocrx_word' id='word_1_799' title='bbox 1095 2878 1149 2911; x_wconf 92' lang='lat' dir='ltr'>do·</span> <span class='ocrx_word' id='word_1_800' title='bbox 1195 2878 1197 2903; x_wconf 85' lang='lat'><strong>¹</strong></span> <span class='ocrx_word' id='word_1_801' title='bbox 1213 2879 1279 2914; x_wconf 81' lang='lat' dir='ltr'>dici</span> <span class='ocrx_word' id='word_1_802' title='bbox 1291 2880 1388 2924; x_wconf 86' lang='lat' dir='ltr'>coepit</span> <span class='ocrx_word' id='word_1_803' title='bbox 1400 2879 1648 2924; x_wconf 74' lang='lat' dir='ltr'>Foro-Iuliensis</span> <span class='ocrx_word' id='word_1_804' title='bbox 1661 2881 1848 2917; x_wconf 84' lang='lat' dir='ltr'>Patriarcha</span> <span class='ocrx_word' id='word_1_805' title='bbox 1859 2907 1870 2922; x_wconf 92' lang='lat'><em>‚</em></span> <span class='ocrx_word' id='word_1_806' title='bbox 1883 2882 1917 2916; x_wconf 75' lang='grc' dir='ltr'>δε</span> <span class='ocrx_word' id='word_1_807' title='bbox 1927 2882 2102 2925; x_wconf 80' lang='lat' dir='ltr'>antiquum</span> 
     </span>
    </p>
   </div>
   <div class='ocr_carea' id='block_1_18' title="bbox 270 2926 1152 3424">
    <p class='ocr_par' dir='ltr' id='par_1_20' title="bbox 270 2926 1152 3120">
     <span class='ocr_line' id='line_1_123' title="bbox 270 2926 1151 2973; baseline -0.001 -11"><span class='ocrx_word' id='word_1_808' title='bbox 270 2939 384 2962; x_wconf 85' lang='lat' dir='ltr'>natum</span> <span class='ocrx_word' id='word_1_809' title='bbox 396 2927 539 2961; x_wconf 88' lang='lat' dir='ltr'>scribunt</span> <span class='ocrx_word' id='word_1_810' title='bbox 554 2926 759 2969; x_wconf 86' lang='lat' dir='ltr'>Nicephorus</span> <span class='ocrx_word' id='word_1_811' title='bbox 768 2929 929 2973; x_wconf 88' lang='lat' dir='ltr'>Gregoras</span> <span class='ocrx_word' id='word_1_812' title='bbox 939 2951 949 2967; x_wconf 93' lang='lat'><strong><em>,</em></strong></span> <span class='ocrx_word' id='word_1_813' title='bbox 986 2928 1151 2972; x_wconf 88' lang='lat' dir='ltr'>Georgius</span> 
     </span>
     <span class='ocr_line' id='line_1_124' title="bbox 270 2976 1152 3021; baseline 0.001 -10"><span class='ocrx_word' id='word_1_814' title='bbox 270 2978 488 3021; x_wconf 86' lang='lat' dir='ltr'>Acropolita,</span> <span class='ocrx_word' id='word_1_815' title='bbox 524 2978 558 3010; x_wconf 72' lang='lat' dir='ltr'>r&amp;</span> <span class='ocrx_word' id='word_1_816' title='bbox 589 2976 784 3020; x_wconf 88' lang='lat' dir='ltr'>Ephremius</span> <span class='ocrx_word' id='word_1_817' title='bbox 813 2978 1152 3020; x_wconf 84' lang='lat' dir='ltr'>Constantinopolita-</span> 
     </span>
     <span class='ocr_line' id='line_1_125' title="bbox 270 3026 1151 3072; baseline 0 -11"><span class='ocrx_word' id='word_1_818' title='bbox 270 3039 347 3065; x_wconf 87' lang='lat' dir='ltr'>nus.</span> <span class='ocrx_word' id='word_1_819' title='bbox 374 3027 473 3062; x_wconf 84' lang='lat' dir='ltr'>Hanc</span> <span class='ocrx_word' id='word_1_820' title='bbox 498 3026 643 3072; x_wconf 89' lang='lat' dir='ltr'>regulam</span> <span class='ocrx_word' id='word_1_821' title='bbox 664 3027 763 3061; x_wconf 87' lang='lat' dir='ltr'>etiam</span> <span class='ocrx_word' id='word_1_822' title='bbox 783 3028 818 3061; x_wconf 92' lang='lat' dir='ltr'>in</span> <span class='ocrx_word' id='word_1_823' title='bbox 838 3027 1040 3072; x_wconf 66' lang='lat' dir='ltr'>‚Aquilejenfi</span> <span class='ocrx_word' id='word_1_824' title='bbox 1072 3027 1151 3062; x_wconf 84' lang='lat' dir='ltr'>tole-</span> 
     </span>
     <span class='ocr_line' id='line_1_126' title="bbox 270 3074 924 3120; baseline -0.005 -8"><span class='ocrx_word' id='word_1_825' title='bbox 270 3077 404 3113; x_wconf 85' lang='lat' dir='ltr'>randam</span> <span class='ocrx_word' id='word_1_826' title='bbox 416 3078 540 3114; x_wconf 86' lang='lat' dir='ltr'>censuit</span> <span class='ocrx_word' id='word_1_827' title='bbox 552 3078 763 3111; x_wconf 89' lang='lat' dir='ltr'>Innocentius</span> <span class='ocrx_word' id='word_1_828' title='bbox 773 3074 904 3120; x_wconf 81' lang='lat' dir='ltr'>quartus</span> <span class='ocrx_word' id='word_1_829' title='bbox 917 3102 924 3109; x_wconf 94' lang='lat'>.</span> 
     </span>
    </p>

    <p class='ocr_par' dir='ltr' id='par_1_21' title="bbox 270 3126 1151 3424">
     <span class='ocr_line' id='line_1_127' title="bbox 322 3126 1148 3171; baseline 0.001 -10"><span class='ocrx_word' id='word_1_830' title='bbox 322 3126 467 3162; x_wconf 87' lang='lat' dir='ltr'>Paulino</span> <span class='ocrx_word' id='word_1_831' title='bbox 500 3126 698 3171; x_wconf 69' lang='lat' dir='ltr'>Aquileiensi</span> <span class='ocrx_word' id='word_1_832' title='bbox 739 3127 903 3170; x_wconf 89' lang='lat' dir='ltr'>Episcopo</span> <span class='ocrx_word' id='word_1_833' title='bbox 935 3128 1148 3162; x_wconf 79' lang='lat' dir='ltr'>successerunt</span> 
     </span>
     <span class='ocr_line' id='line_1_128' title="bbox 271 3177 1149 3221; baseline 0.001 -11"><span class='ocrx_word' id='word_1_834' title='bbox 271 3177 362 3212; x_wconf 87' lang='lat' dir='ltr'>Elias</span> <span class='ocrx_word' id='word_1_835' title='bbox 374 3178 572 3217; x_wconf 84' lang='lat' dir='ltr'>acSeverus,</span> <span class='ocrx_word' id='word_1_836' title='bbox 599 3177 640 3211; x_wconf 89' lang='lat' dir='ltr'>de</span> <span class='ocrx_word' id='word_1_837' title='bbox 651 3189 717 3221; x_wconf 90' lang='lat' dir='ltr'>quo</span> <span class='ocrx_word' id='word_1_838' title='bbox 741 3177 774 3210; x_wconf 90' lang='lat' dir='ltr'>in</span> <span class='ocrx_word' id='word_1_839' title='bbox 796 3177 949 3219; x_wconf 87' lang='lat' dir='ltr'>Eutropii</span> <span class='ocrx_word' id='word_1_840' title='bbox 971 3178 1149 3220; x_wconf 82' lang='lat' dir='ltr'>appendice</span> 
     </span>
     <span class='ocr_line' id='line_1_129' title="bbox 270 3226 1149 3269; baseline -0.001 -8"><span class='ocrx_word' id='word_1_841' title='bbox 270 3227 392 3265; x_wconf 87' lang='lat' dir='ltr'>Paulus</span> <span class='ocrx_word' id='word_1_842' title='bbox 403 3228 592 3265; x_wconf 79' lang='lat' dir='ltr'>Diaconus:</span> <span class='ocrx_word' id='word_1_843' title='bbox 619 3231 675 3261; x_wconf 85' lang='lat' dir='ltr'>His</span> <span class='ocrx_word' id='word_1_844' title='bbox 689 3226 790 3260; x_wconf 82' lang='lat' dir='ltr'>dicbus</span> <span class='ocrx_word' id='word_1_845' title='bbox 802 3227 941 3269; x_wconf 70' lang='lat' dir='ltr'>defunt&#39;lo</span> <span class='ocrx_word' id='word_1_846' title='bbox 964 3228 1069 3269; x_wconf 74' lang='lat' dir='ltr'>Severo</span> <span class='ocrx_word' id='word_1_847' title='bbox 1094 3231 1149 3261; x_wconf 87' lang='lat' dir='ltr'>Pa-</span> 
     </span>
     <span class='ocr_line' id='line_1_130' title="bbox 270 3277 1149 3323; baseline 0 -11"><span class='ocrx_word' id='word_1_848' title='bbox 270 3277 425 3318; x_wconf 60' lang='lat' dir='ltr'>trumba,</span> <span class='ocrx_word' id='word_1_849' title='bbox 460 3279 613 3311; x_wconf 77' lang='lat' dir='ltr'>ordinatur</span> <span class='ocrx_word' id='word_1_850' title='bbox 634 3284 667 3311; x_wconf 82' lang='lat' dir='ltr'>in</span> <span class='ocrx_word' id='word_1_851' title='bbox 690 3281 754 3320; x_wconf 83' lang='lat' dir='ltr'>ejus</span> <span class='ocrx_word' id='word_1_852' title='bbox 776 3280 866 3312; x_wconf 84' lang='lat' dir='ltr'>locum</span> <span class='ocrx_word' id='word_1_853' title='bbox 882 3282 912 3323; x_wconf 85' lang='lat' dir='ltr'><strong><em>J</em></strong></span> <span class='ocrx_word' id='word_1_854' title='bbox 916 3289 1024 3311; x_wconf 80' lang='lat' dir='ltr'>oannes</span> <span class='ocrx_word' id='word_1_855' title='bbox 1051 3277 1149 3312; x_wconf 80' lang='lat' dir='ltr'>Abbas</span> 
     </span>
     <span class='ocr_line' id='line_1_131' title="bbox 272 3326 1151 3374; baseline -0.001 -12"><span class='ocrx_word' id='word_1_856' title='bbox 272 3328 495 3362; x_wconf 71' lang='lat' dir='ltr'>patriarcham</span> <span class='ocrx_word' id='word_1_857' title='bbox 508 3329 644 3369; x_wconf 80' lang='lat' dir='ltr'>Aquileja</span> <span class='ocrx_word' id='word_1_858' title='bbox 657 3338 776 3374; x_wconf 79' lang='lat' dir='ltr'>vetere,</span> <span class='ocrx_word' id='word_1_859' title='bbox 802 3340 868 3362; x_wconf 89' lang='lat' dir='ltr'>cum</span> <span class='ocrx_word' id='word_1_860' title='bbox 877 3326 1009 3371; x_wconf 84' lang='lat' dir='ltr'>consensu</span> <span class='ocrx_word' id='word_1_861' title='bbox 1030 3328 1151 3372; x_wconf 79' lang='lat' dir='ltr'>Agllulfi</span> 
     </span>
     <span class='ocr_line' id='line_1_132' title="bbox 271 3377 1149 3424; baseline 0 -12"><span class='ocrx_word' id='word_1_862' title='bbox 271 3377 524 3424; x_wconf 75' lang='lat' dir='ltr'>Regis&amp;Gisalfi</span> <span class='ocrx_word' id='word_1_863' title='bbox 531 3381 618 3412; x_wconf 80' lang='lat' dir='ltr'>Ducis</span> <span class='ocrx_word' id='word_1_864' title='bbox 633 3378 834 3420; x_wconf 68' lang='lat' dir='ltr'>Forojulienfis</span> <span class='ocrx_word' id='word_1_865' title='bbox 856 3405 866 3417; x_wconf 87' lang='lat'><em>.</em></span> <span class='ocrx_word' id='word_1_866' title='bbox 893 3383 930 3414; x_wconf 82' lang='lat' dir='ltr'>In</span> <span class='ocrx_word' id='word_1_867' title='bbox 944 3380 1061 3413; x_wconf 77' lang='lat' dir='ltr'>Grados</span> <span class='ocrx_word' id='word_1_868' title='bbox 1082 3391 1149 3422; x_wconf 82' lang='lat' dir='ltr'>quo.-</span> 
     </span>
    </p>
   </div>
   <div class='ocr_carea' id='block_1_19' title="bbox 1212 2930 2104 3480">
    <p class='ocr_par' dir='ltr' id='par_1_22' title="bbox 1212 2930 2104 3480">
     <span class='ocr_line' id='line_1_133' title="bbox 1214 2930 2100 2967; baseline -0.001 -2"><span class='ocrx_word' id='word_1_869' title='bbox 1214 2931 1360 2965; x_wconf 87' lang='lat' dir='ltr'>Schisma</span> <span class='ocrx_word' id='word_1_870' title='bbox 1383 2931 1497 2964; x_wconf 91' lang='lat' dir='ltr'>fovere</span> <span class='ocrx_word' id='word_1_871' title='bbox 1517 2930 1666 2965; x_wconf 85' lang='lat' dir='ltr'>adversus</span> <span class='ocrx_word' id='word_1_872' title='bbox 1686 2932 1866 2967; x_wconf 82' lang='lat' dir='ltr'>Ecclesiam</span> <span class='ocrx_word' id='word_1_873' title='bbox 1888 2932 2100 2966; x_wconf 77' lang='lat' dir='ltr'>Romanam.</span> 
     </span>
     <span class='ocr_line' id='line_1_134' title="bbox 1212 2978 2104 3026; baseline 0.002 -11"><span class='ocrx_word' id='word_1_874' title='bbox 1212 2980 1281 3015; x_wconf 90' lang='lat' dir='ltr'>Sub</span> <span class='ocrx_word' id='word_1_875' title='bbox 1294 2980 1396 3024; x_wconf 80' lang='lat' dir='ltr'>prima</span> <span class='ocrx_word' id='word_1_876' title='bbox 1410 2978 1517 3014; x_wconf 90' lang='lat' dir='ltr'>adhuc</span> <span class='ocrx_word' id='word_1_877' title='bbox 1537 2980 1723 3015; x_wconf 88' lang='lat' dir='ltr'>Gentilium</span> <span class='ocrx_word' id='word_1_878' title='bbox 1743 2993 1781 3015; x_wconf 85' lang='lat' dir='ltr'>ac</span> <span class='ocrx_word' id='word_1_879' title='bbox 1802 2979 1931 3026; x_wconf 77' lang='lat' dir='ltr'>penitus</span> <span class='ocrx_word' id='word_1_880' title='bbox 1954 2979 2104 3017; x_wconf 88' lang='lat' dir='ltr'>barbaro-</span> 
     </span>
     <span class='ocr_line' id='line_1_135' title="bbox 1213 3030 2103 3076; baseline 0.003 -12"><span class='ocrx_word' id='word_1_881' title='bbox 1213 3042 1285 3064; x_wconf 90' lang='lat' dir='ltr'>rum</span> <span class='ocrx_word' id='word_1_882' title='bbox 1308 3030 1611 3075; x_wconf 86' lang='lat' dir='ltr'>Longobardorum</span> <span class='ocrx_word' id='word_1_883' title='bbox 1644 3030 1825 3074; x_wconf 87' lang='lat' dir='ltr'>irruptione</span> <span class='ocrx_word' id='word_1_884' title='bbox 1845 3030 2004 3069; x_wconf 84' lang='lat' dir='ltr'>Paulinus</span> <span class='ocrx_word' id='word_1_885' title='bbox 2023 3031 2103 3076; x_wconf 83' lang='lat' dir='ltr'>Epi-</span> 
     </span>
     <span class='ocr_line' id='line_1_136' title="bbox 1215 3079 2103 3127; baseline 0.006 -15"><span class='ocrx_word' id='word_1_886' title='bbox 1215 3082 1330 3123; x_wconf 86' lang='lat' dir='ltr'>scopus</span> <span class='ocrx_word' id='word_1_887' title='bbox 1352 3079 1507 3121; x_wconf 83' lang='lat' dir='ltr'>Aquileja</span> <span class='ocrx_word' id='word_1_888' title='bbox 1519 3079 1559 3113; x_wconf 88' lang='lat' dir='ltr'>ad</span> <span class='ocrx_word' id='word_1_889' title='bbox 1573 3079 1676 3114; x_wconf 85' lang='lat' dir='ltr'>Gradi</span> <span class='ocrx_word' id='word_1_890' title='bbox 1687 3081 1832 3116; x_wconf 81' lang='lat' dir='ltr'>Insulam</span> <span class='ocrx_word' id='word_1_891' title='bbox 1844 3082 2014 3127; x_wconf 86' lang='lat' dir='ltr'>aufugerat</span> <span class='ocrx_word' id='word_1_892' title='bbox 2024 3093 2103 3117; x_wconf 87' lang='lat' dir='ltr'>cum</span> 
     </span>
     <span class='ocr_line' id='line_1_137' title="bbox 1213 3127 2104 3175; baseline 0 -9"><span class='ocrx_word' id='word_1_893' title='bbox 1213 3130 1307 3166; x_wconf 89' lang='lat' dir='ltr'>omni</span> <span class='ocrx_word' id='word_1_894' title='bbox 1320 3129 1468 3164; x_wconf 82' lang='lat' dir='ltr'>Ecclefiae</span> <span class='ocrx_word' id='word_1_895' title='bbox 1479 3127 1716 3174; x_wconf 85' lang='lat' dir='ltr'>Thesauro,eju</span> <span class='ocrx_word' id='word_1_896' title='bbox 1722 3131 1797 3175; x_wconf 86' lang='lat' dir='ltr'>sque</span> <span class='ocrx_word' id='word_1_897' title='bbox 1810 3132 1974 3167; x_wconf 81' lang='lat' dir='ltr'>Successor</span> <span class='ocrx_word' id='word_1_898' title='bbox 1984 3131 2073 3167; x_wconf 86' lang='lat' dir='ltr'>Elias</span> <span class='ocrx_word' id='word_1_899' title='bbox 2083 3132 2104 3166; x_wconf 70' lang='grc' dir='ltr'>ὲ</span> 
     </span>
     <span class='ocr_line' id='line_1_138' title="bbox 1213 3179 2101 3225; baseline 0.002 -11"><span class='ocrx_word' id='word_1_900' title='bbox 1213 3180 1350 3225; x_wconf 87' lang='lat' dir='ltr'>Pelagio</span> <span class='ocrx_word' id='word_1_901' title='bbox 1373 3179 1413 3213; x_wconf 82' lang='lat'>11.</span> <span class='ocrx_word' id='word_1_902' title='bbox 1438 3179 1602 3214; x_wconf 89' lang='lat' dir='ltr'>Pontifice</span> <span class='ocrx_word' id='word_1_903' title='bbox 1624 3179 1852 3225; x_wconf 88' lang='lat' dir='ltr'>Episcopalem</span> <span class='ocrx_word' id='word_1_904' title='bbox 1880 3181 2101 3223; x_wconf 79' lang='lat' dir='ltr'>cathedram,</span> 
     </span>
     <span class='ocr_line' id='line_1_139' title="bbox 1215 3230 2102 3276; baseline -0.002 -9"><span class='ocrx_word' id='word_1_905' title='bbox 1215 3230 1393 3266; x_wconf 86' lang='lat' dir='ltr'>securitatis</span> <span class='ocrx_word' id='word_1_906' title='bbox 1402 3230 1506 3273; x_wconf 79' lang='lat' dir='ltr'>gratia</span> <span class='ocrx_word' id='word_1_907' title='bbox 1521 3255 1532 3270; x_wconf 88' lang='lat'>‚</span> <span class='ocrx_word' id='word_1_908' title='bbox 1559 3230 1629 3265; x_wconf 87' lang='lat' dir='ltr'>illic</span> <span class='ocrx_word' id='word_1_909' title='bbox 1642 3231 1763 3266; x_wconf 88' lang='lat' dir='ltr'>firmari</span> <span class='ocrx_word' id='word_1_910' title='bbox 1774 3232 1976 3276; x_wconf 81' lang='lat' dir='ltr'>impetravit.</span> <span class='ocrx_word' id='word_1_911' title='bbox 2000 3233 2102 3267; x_wconf 86' lang='lat' dir='ltr'>Exin-</span> 
     </span>
     <span class='ocr_line' id='line_1_140' title="bbox 1213 3279 2102 3325; baseline -0.003 -9"><span class='ocrx_word' id='word_1_912' title='bbox 1213 3283 1252 3316; x_wconf 91' lang='lat' dir='ltr'>de</span> <span class='ocrx_word' id='word_1_913' title='bbox 1267 3279 1413 3314; x_wconf 83' lang='lat' dir='ltr'>Gradum</span> <span class='ocrx_word' id='word_1_914' title='bbox 1428 3280 1493 3314; x_wconf 91' lang='lat' dir='ltr'>dici</span> <span class='ocrx_word' id='word_1_915' title='bbox 1512 3281 1610 3324; x_wconf 86' lang='lat' dir='ltr'>coepit</span> <span class='ocrx_word' id='word_1_916' title='bbox 1624 3293 1710 3317; x_wconf 75' lang='lat' dir='ltr'>nova</span> <span class='ocrx_word' id='word_1_917' title='bbox 1723 3281 1877 3325; x_wconf 81' lang='lat' dir='ltr'>Aquileia</span> <span class='ocrx_word' id='word_1_918' title='bbox 1891 3308 1898 3316; x_wconf 95' lang='lat'>.</span> <span class='ocrx_word' id='word_1_919' title='bbox 1928 3283 1972 3317; x_wconf 87' lang='lat' dir='ltr'>Et</span> <span class='ocrx_word' id='word_1_920' title='bbox 1991 3283 2034 3316; x_wconf 83' lang='lat' dir='ltr'>ita</span> <span class='ocrx_word' id='word_1_921' title='bbox 2052 3279 2102 3314; x_wconf 79' lang='lat' dir='ltr'>di·</span> 
     </span>
     <span class='ocr_line' id='line_1_141' title="bbox 1214 3330 2100 3378; baseline -0.001 -12"><span class='ocrx_word' id='word_1_922' title='bbox 1214 3333 1298 3366; x_wconf 90' lang='lat' dir='ltr'>citur</span> <span class='ocrx_word' id='word_1_923' title='bbox 1310 3330 1370 3365; x_wconf 89' lang='lat' dir='ltr'>hac</span> <span class='ocrx_word' id='word_1_924' title='bbox 1379 3331 1479 3365; x_wconf 86' lang='lat' dir='ltr'>etiam</span> <span class='ocrx_word' id='word_1_925' title='bbox 1494 3331 1528 3364; x_wconf 90' lang='lat' dir='ltr'>in</span> <span class='ocrx_word' id='word_1_926' title='bbox 1541 3330 1677 3375; x_wconf 83' lang='lat' dir='ltr'>synodo</span> <span class='ocrx_word' id='word_1_927' title='bbox 1689 3333 1708 3365; x_wconf 71' lang='lat' dir='ltr'>a</span> <span class='ocrx_word' id='word_1_928' title='bbox 1719 3334 1838 3367; x_wconf 71' lang='lat' dir='ltr'>Sanno</span> <span class='ocrx_word' id='word_1_929' title='bbox 1850 3332 1938 3378; x_wconf 85' lang='lat' dir='ltr'>Papa</span> <span class='ocrx_word' id='word_1_930' title='bbox 1965 3332 2079 3365; x_wconf 86' lang='lat' dir='ltr'>Leone</span> <span class='ocrx_word' id='word_1_931' title='bbox 2090 3354 2100 3361; x_wconf 87' lang='lat'><strong>·</strong></span> 
     </span>
     <span class='ocr_line' id='line_1_142' title="bbox 1215 3381 2100 3462; baseline 0 -44"><span class='ocrx_word' id='word_1_932' title='bbox 1215 3382 1296 3420; x_wconf 81' lang='lat' dir='ltr'>Haec</span> <span class='ocrx_word' id='word_1_933' title='bbox 1307 3382 1422 3418; x_wconf 86' lang='lat' dir='ltr'>omnia</span> <span class='ocrx_word' id='word_1_934' title='bbox 1435 3392 1560 3418; x_wconf 83' lang='lat' dir='ltr'>mutare</span> <span class='ocrx_word' id='word_1_935' title='bbox 1571 3405 1583 3425; x_wconf 87' lang='lat'>,</span> <span class='ocrx_word' id='word_1_936' title='bbox 1610 3383 1644 3422; x_wconf 67' lang='grc' dir='ltr'>ὅ(</span> <span class='ocrx_word' id='word_1_937' title='bbox 1657 3382 1858 3421; x_wconf 83' lang='lat' dir='ltr'>Cathedram</span> <span class='ocrx_word' id='word_1_938' title='bbox 1869 3385 1906 3418; x_wconf 86' lang='lat' dir='ltr'>in</span> <span class='ocrx_word' id='word_1_939' title='bbox 1928 3381 2100 3462; x_wconf 50' lang='lat' dir='ltr'>agtiqunm</span> 
     </span>
     <span class='ocr_line' id='line_1_143' title="bbox 1982 3439 2052 3480; baseline 0.029 -19"><span class='ocrx_word' id='word_1_940' title='bbox 1982 3439 2052 3480; x_wconf 70' lang='lat' dir='ltr'>qui·</span> 
     </span>
    </p>
   </div>
  </div>
 </body>
</html>
