<?xml version="1.0" encoding="UTF-8"?>
<!DOCTYPE html PUBLIC "-//W3C//DTD XHTML 1.0 Transitional//EN"
    "http://www.w3.org/TR/xhtml1/DTD/xhtml1-transitional.dtd">
<html xmlns="http://www.w3.org/1999/xhtml" xml:lang="en" lang="en">
 <head>
  <title>
</title>
<meta http-equiv="Content-Type" content="text/html;charset=utf-8" />
  <meta name='ocr-system' content='tesseract 3.04.00' />
  <meta name='ocr-capabilities' content='ocr_page ocr_carea ocr_par ocr_line ocrx_word'/>
</head>
<body>
  <div class='ocr_page' id='page_1' title='image "./operaomniastudio04lupuuoft/operaomniastudio04lupuuoft_0293.png"; bbox 0 0 2352 3736; ppageno 0'>
   <div class='ocr_carea' id='block_1_1' title="bbox 0 3156 10 3736">
    <p class='ocr_par' dir='ltr' id='par_1_1' title="bbox 0 3156 10 3736">
     <span class='ocr_line' id='line_1_1' title="bbox 0 3156 10 3736; baseline 0 0"><span class='ocrx_word' id='word_1_1' title='bbox 0 3156 10 3736; x_wconf 95' lang='lat' dir='ltr'> </span> 
     </span>
    </p>
   </div>
   <div class='ocr_carea' id='block_1_2' title="bbox 640 132 1135 176">
    <p class='ocr_par' dir='ltr' id='par_1_2' title="bbox 640 132 1135 176">
     <span class='ocr_line' id='line_1_2' title="bbox 640 132 1135 176; baseline -0.004 -1"><span class='ocrx_word' id='word_1_2' title='bbox 640 132 1135 176; x_wconf 69' lang='lat' dir='ltr'>DECRETUM</span> 
     </span>
    </p>
   </div>
   <div class='ocr_carea' id='block_1_3' title="bbox 20 214 1150 968">
    <p class='ocr_par' dir='ltr' id='par_1_3' title="bbox 20 214 1150 968">
     <span class='ocr_line' id='line_1_3' title="bbox 253 214 1146 261; baseline -0.009 -10"><span class='ocrx_word' id='word_1_3' title='bbox 253 219 486 261; x_wconf 61' lang='lat' dir='ltr'>infirmationem</span> <span class='ocrx_word' id='word_1_4' title='bbox 511 214 741 250; x_wconf 74' lang='lat' dir='ltr'><em>inexorabiliter</em></span> <span class='ocrx_word' id='word_1_5' title='bbox 762 220 890 255; x_wconf 79' lang='lat' dir='ltr'>punire.</span> <span class='ocrx_word' id='word_1_6' title='bbox 931 214 1047 246; x_wconf 84' lang='lat' dir='ltr'>Multas</span> <span class='ocrx_word' id='word_1_7' title='bbox 1067 217 1146 245; x_wconf 89' lang='lat' dir='ltr'>enim</span> 
     </span>
     <span class='ocr_line' id='line_1_4' title="bbox 244 264 1147 310; baseline -0.008 -10"><span class='ocrx_word' id='word_1_8' title='bbox 244 276 386 310; x_wconf 72' lang='lat' dir='ltr'>parentes</span> <span class='ocrx_word' id='word_1_9' title='bbox 398 268 431 300; x_wconf 70' lang='grc'>(9*</span> <span class='ocrx_word' id='word_1_10' title='bbox 433 268 551 309; x_wconf 79' lang='lat' dir='ltr'>fratres</span> <span class='ocrx_word' id='word_1_11' title='bbox 579 265 704 305; x_wconf 82' lang='lat' dir='ltr'>offerunt</span> <span class='ocrx_word' id='word_1_12' title='bbox 722 288 733 304; x_wconf 89' lang='lat'>‚</span> <span class='ocrx_word' id='word_1_13' title='bbox 759 266 792 297; x_wconf 63' lang='grc' dir='ltr'>ὦ·</span> <span class='ocrx_word' id='word_1_14' title='bbox 823 264 948 306; x_wconf 85' lang='lat' dir='ltr'>quidam</span> <span class='ocrx_word' id='word_1_15' title='bbox 974 274 1072 296; x_wconf 73' lang='lat' dir='ltr'>eorum</span> <span class='ocrx_word' id='word_1_16' title='bbox 1097 267 1147 303; x_wconf 85' lang='lat' dir='ltr'>qui</span> 
     </span>
     <span class='ocr_line' id='line_1_5' title="bbox 247 309 1145 361; baseline -0.008 -10"><span class='ocrx_word' id='word_1_17' title='bbox 247 329 301 351; x_wconf 75' lang='lat' dir='ltr'>eas</span> <span class='ocrx_word' id='word_1_18' title='bbox 315 325 484 361; x_wconf 75' lang='lat' dir='ltr'><em>cognatione</em></span> <span class='ocrx_word' id='word_1_19' title='bbox 497 324 658 360; x_wconf 86' lang='lat' dir='ltr'>attingunt</span> <span class='ocrx_word' id='word_1_20' title='bbox 673 340 684 357; x_wconf 84' lang='lat'><strong>,</strong></span> <span class='ocrx_word' id='word_1_21' title='bbox 708 325 782 347; x_wconf 89' lang='lat' dir='ltr'>ante</span> <span class='ocrx_word' id='word_1_22' title='bbox 796 324 918 346; x_wconf 81' lang='lat' dir='ltr'>aetatem</span> <span class='ocrx_word' id='word_1_23' title='bbox 930 324 987 345; x_wconf 85' lang='lat' dir='ltr'>non</span> <span class='ocrx_word' id='word_1_24' title='bbox 1000 324 1038 345; x_wconf 84' lang='lat' dir='ltr'>ex</span> <span class='ocrx_word' id='word_1_25' title='bbox 1046 309 1145 355; x_wconf 81' lang='lat' dir='ltr'>seipfis</span> 
     </span>
     <span class='ocr_line' id='line_1_6' title="bbox 248 362 1148 408; baseline -0.006 -9"><span class='ocrx_word' id='word_1_26' title='bbox 248 363 293 399; x_wconf 72' lang='lat' dir='ltr'>ad</span> <span class='ocrx_word' id='word_1_27' title='bbox 302 368 482 400; x_wconf 69' lang='lat' dir='ltr'>Ccelibatum</span> <span class='ocrx_word' id='word_1_28' title='bbox 497 373 642 400; x_wconf 83' lang='lat' dir='ltr'>incitatas</span> <span class='ocrx_word' id='word_1_29' title='bbox 658 391 668 405; x_wconf 92' lang='lat'>,</span> <span class='ocrx_word' id='word_1_30' title='bbox 691 364 751 408; x_wconf 83' lang='lat' dir='ltr'>sed</span> <span class='ocrx_word' id='word_1_31' title='bbox 759 365 879 405; x_wconf 85' lang='lat' dir='ltr'>aliquid</span> <span class='ocrx_word' id='word_1_32' title='bbox 888 365 970 405; x_wconf 87' lang='lat' dir='ltr'>quod</span> <span class='ocrx_word' id='word_1_33' title='bbox 981 364 1026 395; x_wconf 89' lang='lat' dir='ltr'>ad</span> <span class='ocrx_word' id='word_1_34' title='bbox 1036 362 1148 395; x_wconf 54' lang='lat' dir='ltr'>villum</span> 
     </span>
     <span class='ocr_line' id='line_1_7' title="bbox 244 413 1150 460; baseline -0.004 -11"><span class='ocrx_word' id='word_1_35' title='bbox 244 416 333 460; x_wconf 80' lang='lat' dir='ltr'>suum</span> <span class='ocrx_word' id='word_1_36' title='bbox 340 425 477 459; x_wconf 76' lang='lat' dir='ltr'><em>pertinet</em></span> <span class='ocrx_word' id='word_1_37' title='bbox 487 417 687 460; x_wconf 76' lang='lat' dir='ltr'><em>procurantes</em></span> <span class='ocrx_word' id='word_1_38' title='bbox 702 438 713 453; x_wconf 91' lang='lat'>,</span> <span class='ocrx_word' id='word_1_39' title='bbox 738 425 815 456; x_wconf 83' lang='lat' dir='ltr'>quas</span> <span class='ocrx_word' id='word_1_40' title='bbox 828 425 885 445; x_wconf 88' lang='lat' dir='ltr'>non</span> <span class='ocrx_word' id='word_1_41' title='bbox 891 413 988 454; x_wconf 73' lang='lat' dir='ltr'>facile</span> <span class='ocrx_word' id='word_1_42' title='bbox 1012 413 1150 445; x_wconf 82' lang='lat' dir='ltr'>admitte-</span> 
     </span>
     <span class='ocr_line' id='line_1_8' title="bbox 249 461 1148 509; baseline -0.007 -9"><span class='ocrx_word' id='word_1_43' title='bbox 249 479 281 500; x_wconf 88' lang='lat' dir='ltr'>re</span> <span class='ocrx_word' id='word_1_44' title='bbox 294 477 428 509; x_wconf 81' lang='lat' dir='ltr'>oportet,</span> <span class='ocrx_word' id='word_1_45' title='bbox 453 470 541 501; x_wconf 82' lang='lat' dir='ltr'>donec</span> <span class='ocrx_word' id='word_1_46' title='bbox 568 468 672 509; x_wconf 74' lang='lat' dir='ltr'>aperte</span> <span class='ocrx_word' id='word_1_47' title='bbox 690 470 846 506; x_wconf 81' lang='lat' dir='ltr'><em>propriam</em></span> <span class='ocrx_word' id='word_1_48' title='bbox 864 461 953 504; x_wconf 86' lang='lat' dir='ltr'>suam</span> <span class='ocrx_word' id='word_1_49' title='bbox 967 461 1148 505; x_wconf 79' lang='lat' dir='ltr'><em>sententiam</em></span> 
     </span>
     <span class='ocr_line' id='line_1_9' title="bbox 20 511 1147 570; baseline -0.008 -18"><span class='ocrx_word' id='word_1_50' title='bbox 20 547 23 549; x_wconf 97' lang='lat'>.</span> <span class='ocrx_word' id='word_1_51' title='bbox 72 534 150 570; x_wconf 50' lang='lat' dir='ltr'>cgp,</span> <span class='ocrx_word' id='word_1_52' title='bbox 166 537 212 564; x_wconf 73' lang='lat'>38.</span> <span class='ocrx_word' id='word_1_53' title='bbox 247 518 429 561; x_wconf 77' lang='lat' dir='ltr'>perscrutati</span> <span class='ocrx_word' id='word_1_54' title='bbox 434 518 590 559; x_wconf 77' lang='lat' dir='ltr'>fuerimus</span> <span class='ocrx_word' id='word_1_55' title='bbox 604 541 611 548; x_wconf 94' lang='lat'>.</span> <span class='ocrx_word' id='word_1_56' title='bbox 641 513 697 548; x_wconf 85' lang='lat' dir='ltr'>Ad</span> <span class='ocrx_word' id='word_1_57' title='bbox 709 525 781 557; x_wconf 84' lang='lat' dir='ltr'>quae</span> <span class='ocrx_word' id='word_1_58' title='bbox 795 512 891 546; x_wconf 83' lang='lat' dir='ltr'>verba</span> <span class='ocrx_word' id='word_1_59' title='bbox 900 515 1019 556; x_wconf 84' lang='lat' dir='ltr'>partim</span> <span class='ocrx_word' id='word_1_60' title='bbox 1041 511 1125 546; x_wconf 78' lang='lat' dir='ltr'>bene</span> <span class='ocrx_word' id='word_1_61' title='bbox 1137 536 1147 552; x_wconf 85' lang='lat'>,</span> 
     </span>
     <span class='ocr_line' id='line_1_10' title="bbox 50 561 1147 611; baseline -0.008 -9"><span class='ocrx_word' id='word_1_62' title='bbox 50 570 53 575; x_wconf 62' lang='lat'><strong>⁴</strong></span> <span class='ocrx_word' id='word_1_63' title='bbox 251 570 367 611; x_wconf 78' lang='lat' dir='ltr'>partim</span> <span class='ocrx_word' id='word_1_64' title='bbox 382 569 466 602; x_wconf 75' lang='lat' dir='ltr'>male</span> <span class='ocrx_word' id='word_1_65' title='bbox 477 573 718 602; x_wconf 81' lang='lat' dir='ltr'>commentatur</span> <span class='ocrx_word' id='word_1_66' title='bbox 730 561 932 597; x_wconf 87' lang='lat' dir='ltr'>Theodorus</span> <span class='ocrx_word' id='word_1_67' title='bbox 948 563 1124 596; x_wconf 77' lang='lat' dir='ltr'>Balsamon</span> <span class='ocrx_word' id='word_1_68' title='bbox 1137 575 1147 593; x_wconf 94' lang='lat'><em>:</em></span> 
     </span>
     <span class='ocr_line' id='line_1_11' title="bbox 252 610 1150 659; baseline -0.01 -8"><span class='ocrx_word' id='word_1_69' title='bbox 252 623 305 651; x_wconf 81' lang='lat' dir='ltr'>Ne</span> <span class='ocrx_word' id='word_1_70' title='bbox 325 621 443 651; x_wconf 81' lang='lat' dir='ltr'><em>dixeris</em></span> <span class='ocrx_word' id='word_1_71' title='bbox 465 618 591 659; x_wconf 72' lang='lat' dir='ltr'>intelligi</span> <span class='ocrx_word' id='word_1_72' title='bbox 619 616 656 647; x_wconf 85' lang='lat' dir='ltr'>de</span> <span class='ocrx_word' id='word_1_73' title='bbox 679 612 837 645; x_wconf 83' lang='lat' dir='ltr'>Monaebis</span> <span class='ocrx_word' id='word_1_74' title='bbox 859 638 869 652; x_wconf 91' lang='lat'>,</span> <span class='ocrx_word' id='word_1_75' title='bbox 908 614 962 646; x_wconf 82' lang='lat' dir='ltr'>vel</span> <span class='ocrx_word' id='word_1_76' title='bbox 983 610 1120 654; x_wconf 80' lang='lat' dir='ltr'>Ascetriis</span> <span class='ocrx_word' id='word_1_77' title='bbox 1144 637 1150 642; x_wconf 95' lang='lat'>.</span> 
     </span>
     <span class='ocr_line' id='line_1_12' title="bbox 253 659 1148 710; baseline -0.008 -11"><span class='ocrx_word' id='word_1_78' title='bbox 253 668 323 710; x_wconf 75' lang='lat' dir='ltr'>Etfi</span> <span class='ocrx_word' id='word_1_79' title='bbox 330 674 407 702; x_wconf 84' lang='lat' dir='ltr'>enim</span> <span class='ocrx_word' id='word_1_80' title='bbox 415 674 447 700; x_wconf 83' lang='lat' dir='ltr'>in</span> <span class='ocrx_word' id='word_1_81' title='bbox 460 672 569 698; x_wconf 76' lang='lat' dir='ltr'>minore</span> <span class='ocrx_word' id='word_1_82' title='bbox 580 672 672 697; x_wconf 79' lang='lat' dir='ltr'>aetate</span> <span class='ocrx_word' id='word_1_83' title='bbox 684 669 797 696; x_wconf 83' lang='lat' dir='ltr'>crinem</span> <span class='ocrx_word' id='word_1_84' title='bbox 808 661 987 705; x_wconf 78' lang='lat' dir='ltr'>saecularem</span> <span class='ocrx_word' id='word_1_85' title='bbox 1011 659 1148 702; x_wconf 84' lang='lat' dir='ltr'>deposue-</span> 
     </span>
     <span class='ocr_line' id='line_1_13' title="bbox 252 712 1150 759; baseline -0.01 -8"><span class='ocrx_word' id='word_1_86' title='bbox 252 725 337 757; x_wconf 76' lang='lat' dir='ltr'>rint,</span> <span class='ocrx_word' id='word_1_87' title='bbox 358 723 460 759; x_wconf 82' lang='lat' dir='ltr'>prima</span> <span class='ocrx_word' id='word_1_88' title='bbox 484 721 542 749; x_wconf 77' lang='lat' dir='ltr'>erit</span> <span class='ocrx_word' id='word_1_89' title='bbox 565 740 576 756; x_wconf 88' lang='lat'>,</span> <span class='ocrx_word' id='word_1_90' title='bbox 602 722 634 747; x_wconf 90' lang='lat' dir='ltr'>ut</span> <span class='ocrx_word' id='word_1_91' title='bbox 656 712 730 745; x_wconf 83' lang='lat' dir='ltr'>mihi</span> <span class='ocrx_word' id='word_1_92' title='bbox 757 715 878 746; x_wconf 74' lang='lat' dir='ltr'>videtur</span> <span class='ocrx_word' id='word_1_93' title='bbox 900 737 911 752; x_wconf 90' lang='lat'>,</span> <span class='ocrx_word' id='word_1_94' title='bbox 949 712 993 744; x_wconf 89' lang='lat' dir='ltr'>ad</span> <span class='ocrx_word' id='word_1_95' title='bbox 1015 712 1051 743; x_wconf 84' lang='lat' dir='ltr'>id</span> <span class='ocrx_word' id='word_1_96' title='bbox 1071 713 1150 752; x_wconf 83' lang='lat' dir='ltr'>quod</span> 
     </span>
     <span class='ocr_line' id='line_1_14' title="bbox 253 760 1149 808; baseline -0.009 -8"><span class='ocrx_word' id='word_1_97' title='bbox 253 769 388 807; x_wconf 80' lang='lat' dir='ltr'><em>deinceps</em></span> <span class='ocrx_word' id='word_1_98' title='bbox 397 765 534 808; x_wconf 82' lang='lat' dir='ltr'>sequitur</span> <span class='ocrx_word' id='word_1_99' title='bbox 546 790 557 806; x_wconf 86' lang='lat'><em>‚</em></span> <span class='ocrx_word' id='word_1_100' title='bbox 584 763 715 807; x_wconf 82' lang='lat' dir='ltr'>ipsorum</span> <span class='ocrx_word' id='word_1_101' title='bbox 734 762 900 805; x_wconf 81' lang='lat' dir='ltr'><em>professio.</em></span> <span class='ocrx_word' id='word_1_102' title='bbox 928 760 1031 795; x_wconf 68' lang='lat' dir='ltr'>Reste</span> <span class='ocrx_word' id='word_1_103' title='bbox 1057 761 1149 793; x_wconf 84' lang='lat' dir='ltr'>adfir-</span> 
     </span>
     <span class='ocr_line' id='line_1_15' title="bbox 252 810 1148 857; baseline -0.007 -6"><span class='ocrx_word' id='word_1_104' title='bbox 252 827 319 851; x_wconf 86' lang='lat' dir='ltr'>mat</span> <span class='ocrx_word' id='word_1_105' title='bbox 330 815 503 849; x_wconf 81' lang='lat' dir='ltr'>Canonem</span> <span class='ocrx_word' id='word_1_106' title='bbox 517 826 584 848; x_wconf 75' lang='lat' dir='ltr'>non</span> <span class='ocrx_word' id='word_1_107' title='bbox 597 814 691 857; x_wconf 88' lang='lat' dir='ltr'>loqui</span> <span class='ocrx_word' id='word_1_108' title='bbox 711 813 751 846; x_wconf 86' lang='lat' dir='ltr'>de</span> <span class='ocrx_word' id='word_1_109' title='bbox 762 812 908 855; x_wconf 71' lang='lat' dir='ltr'>profeffis</span> <span class='ocrx_word' id='word_1_110' title='bbox 922 812 1007 845; x_wconf 86' lang='lat' dir='ltr'>intra</span> <span class='ocrx_word' id='word_1_111' title='bbox 1021 810 1148 845; x_wconf 87' lang='lat' dir='ltr'>Mona-</span> 
     </span>
     <span class='ocr_line' id='line_1_16' title="bbox 252 860 1147 909; baseline -0.007 -10"><span class='ocrx_word' id='word_1_112' title='bbox 252 866 383 899; x_wconf 81' lang='lat' dir='ltr'>sterium</span> <span class='ocrx_word' id='word_1_113' title='bbox 395 865 590 909; x_wconf 82' lang='lat' dir='ltr'>Virginibus</span> <span class='ocrx_word' id='word_1_114' title='bbox 603 888 611 895; x_wconf 89' lang='lat'>.</span> <span class='ocrx_word' id='word_1_115' title='bbox 640 864 746 896; x_wconf 82' lang='lat' dir='ltr'>Lucet</span> <span class='ocrx_word' id='word_1_116' title='bbox 759 874 801 895; x_wconf 82' lang='lat' dir='ltr'>ex</span> <span class='ocrx_word' id='word_1_117' title='bbox 827 861 976 903; x_wconf 74' lang='lat' dir='ltr'>proxime</span> <span class='ocrx_word' id='word_1_118' title='bbox 998 860 1147 904; x_wconf 86' lang='lat' dir='ltr'>sequenti</span> 
     </span>
     <span class='ocr_line' id='line_1_17' title="bbox 82 911 1147 968; baseline -0.008 -17"><span class='ocrx_word' id='word_1_119' title='bbox 82 929 158 959; x_wconf 60' lang='lat' dir='ltr'>effi,</span> <span class='ocrx_word' id='word_1_120' title='bbox 174 940 219 968; x_wconf 84' lang='lat'>¹9·</span> <span class='ocrx_word' id='word_1_121' title='bbox 252 916 394 950; x_wconf 80' lang='lat' dir='ltr'>Canone</span> <span class='ocrx_word' id='word_1_122' title='bbox 407 929 417 948; x_wconf 86' lang='lat'>.·</span> <span class='ocrx_word' id='word_1_123' title='bbox 443 919 583 947; x_wconf 78' lang='lat' dir='ltr'><em>Virorum</em></span> <span class='ocrx_word' id='word_1_124' title='bbox 597 921 695 947; x_wconf 81' lang='lat' dir='ltr'>autem</span> <span class='ocrx_word' id='word_1_125' title='bbox 705 911 888 953; x_wconf 82' lang='lat' dir='ltr'>profeffiones</span> <span class='ocrx_word' id='word_1_126' title='bbox 902 923 959 943; x_wconf 88' lang='lat' dir='ltr'>non</span> <span class='ocrx_word' id='word_1_127' title='bbox 984 918 1123 944; x_wconf 75' lang='lat' dir='ltr'>novimus</span> <span class='ocrx_word' id='word_1_128' title='bbox 1136 935 1147 951; x_wconf 86' lang='lat'>,</span> 
     </span>
    </p>
   </div>
   <div class='ocr_carea' id='block_1_4' title="bbox 1205 128 2019 190">
    <p class='ocr_par' dir='ltr' id='par_1_4' title="bbox 1205 128 2019 190">
     <span class='ocr_line' id='line_1_18' title="bbox 1205 128 2019 190; baseline 0.004 -17"><span class='ocrx_word' id='word_1_129' title='bbox 1205 128 1418 174; x_wconf 59' lang='lat' dir='ltr'>Secu</span> <span class='ocrx_word' id='word_1_130' title='bbox 1457 128 1717 177; x_wconf 70' lang='lat' dir='ltr'>Nnu-M‘.</span> <span class='ocrx_word' id='word_1_131' title='bbox 1924 133 2019 190; x_wconf 66' lang='lat'>283</span> 
     </span>
    </p>
   </div>
   <div class='ocr_carea' id='block_1_5' title="bbox 1202 209 2237 957">
    <p class='ocr_par' dir='ltr' id='par_1_5' title="bbox 1202 209 2237 854">
     <span class='ocr_line' id='line_1_19' title="bbox 1202 209 2092 256; baseline 0.004 -13"><span class='ocrx_word' id='word_1_132' title='bbox 1202 209 1333 253; x_wconf 66' lang='lat' dir='ltr'>sollicite</span> <span class='ocrx_word' id='word_1_133' title='bbox 1343 224 1400 247; x_wconf 86' lang='lat' dir='ltr'>non</span> <span class='ocrx_word' id='word_1_134' title='bbox 1409 214 1509 255; x_wconf 77' lang='lat' dir='ltr'>poffit,</span> <span class='ocrx_word' id='word_1_135' title='bbox 1535 212 1602 255; x_wconf 74' lang='lat' dir='ltr'>ipfis</span> <span class='ocrx_word' id='word_1_136' title='bbox 1619 210 1881 256; x_wconf 70' lang='lat' dir='ltr'>iisdemadhibnis</span> <span class='ocrx_word' id='word_1_137' title='bbox 1903 212 2022 253; x_wconf 72' lang='lat' dir='ltr'>testibus</span> <span class='ocrx_word' id='word_1_138' title='bbox 2045 215 2092 247; x_wconf 80' lang='lat' dir='ltr'>dt·</span> 
     </span>
     <span class='ocr_line' id='line_1_20' title="bbox 1205 261 2091 306; baseline 0.005 -14"><span class='ocrx_word' id='word_1_139' title='bbox 1205 267 1332 295; x_wconf 78' lang='lat' dir='ltr'><em>mittitur</em></span> <span class='ocrx_word' id='word_1_140' title='bbox 1346 289 1352 296; x_wconf 93' lang='lat'><strong>.</strong></span> <span class='ocrx_word' id='word_1_141' title='bbox 1383 265 1494 298; x_wconf 88' lang='lat' dir='ltr'>Etiam</span> <span class='ocrx_word' id='word_1_142' title='bbox 1505 264 1539 297; x_wconf 89' lang='lat' dir='ltr'>in</span> <span class='ocrx_word' id='word_1_143' title='bbox 1554 262 1756 298; x_wconf 82' lang='lat' dir='ltr'>brevioribus</span> <span class='ocrx_word' id='word_1_144' title='bbox 1769 261 1908 306; x_wconf 82' lang='lat' dir='ltr'>Regulis</span> <span class='ocrx_word' id='word_1_145' title='bbox 1918 272 2091 306; x_wconf 86' lang='lat' dir='ltr'>puerorum</span> 
     </span>
     <span class='ocr_line' id='line_1_21' title="bbox 1208 310 2091 356; baseline 0.002 -12"><span class='ocrx_word' id='word_1_146' title='bbox 1208 322 1263 353; x_wconf 84' lang='lat' dir='ltr'>per</span> <span class='ocrx_word' id='word_1_147' title='bbox 1277 324 1425 355; x_wconf 87' lang='lat' dir='ltr'>parentes</span> <span class='ocrx_word' id='word_1_148' title='bbox 1437 313 1641 347; x_wconf 86' lang='lat' dir='ltr'>oblationem</span> <span class='ocrx_word' id='word_1_149' title='bbox 1653 312 1771 356; x_wconf 86' lang='lat' dir='ltr'>probat</span> <span class='ocrx_word' id='word_1_150' title='bbox 1784 323 1822 346; x_wconf 82' lang='lat' dir='ltr'>ac</span> <span class='ocrx_word' id='word_1_151' title='bbox 1835 310 1946 346; x_wconf 86' lang='lat' dir='ltr'>laudat</span> <span class='ocrx_word' id='word_1_152' title='bbox 1957 336 1969 353; x_wconf 90' lang='lat'>‚</span> <span class='ocrx_word' id='word_1_153' title='bbox 1993 323 2091 356; x_wconf 75' lang='lat' dir='ltr'>atque</span> 
     </span>
     <span class='ocr_line' id='line_1_22' title="bbox 1208 360 2093 407; baseline 0.001 -14"><span class='ocrx_word' id='word_1_154' title='bbox 1208 360 1357 407; x_wconf 85' lang='lat' dir='ltr'>adjungit</span> <span class='ocrx_word' id='word_1_155' title='bbox 1371 376 1378 395; x_wconf 92' lang='lat'>:</span> <span class='ocrx_word' id='word_1_156' title='bbox 1407 369 1517 397; x_wconf 84' lang='lat' dir='ltr'>Firma</span> <span class='ocrx_word' id='word_1_157' title='bbox 1525 373 1626 397; x_wconf 86' lang='lat' dir='ltr'>tamen</span> <span class='ocrx_word' id='word_1_158' title='bbox 1638 372 1708 396; x_wconf 87' lang='lat' dir='ltr'>tunc</span> <span class='ocrx_word' id='word_1_159' title='bbox 1718 369 1776 397; x_wconf 78' lang='lat' dir='ltr'>erit</span> <span class='ocrx_word' id='word_1_160' title='bbox 1783 362 1915 404; x_wconf 73' lang='lat' dir='ltr'>profeffio</span> <span class='ocrx_word' id='word_1_161' title='bbox 1927 369 2093 407; x_wconf 59' lang='lat' dir='ltr'>virginitaae</span> 
     </span>
     <span class='ocr_line' id='line_1_23' title="bbox 1207 415 2092 457; baseline -0.001 -10"><span class='ocrx_word' id='word_1_162' title='bbox 1207 417 1248 443; x_wconf 68' lang='lat'>2⁶15</span> <span class='ocrx_word' id='word_1_163' title='bbox 1265 436 1276 452; x_wconf 85' lang='lat'>‚</span> <span class='ocrx_word' id='word_1_164' title='bbox 1301 425 1339 447; x_wconf 84' lang='lat' dir='ltr'>ex</span> <span class='ocrx_word' id='word_1_165' title='bbox 1352 426 1410 456; x_wconf 87' lang='lat' dir='ltr'>quo</span> <span class='ocrx_word' id='word_1_166' title='bbox 1421 415 1533 447; x_wconf 80' lang='lat' dir='ltr'>adulta·</span> <span class='ocrx_word' id='word_1_167' title='bbox 1533 416 1606 454; x_wconf 89' lang='lat' dir='ltr'>jam</span> <span class='ocrx_word' id='word_1_168' title='bbox 1616 421 1692 447; x_wconf 78' lang='lat' dir='ltr'>aetas</span> <span class='ocrx_word' id='word_1_169' title='bbox 1703 415 1756 457; x_wconf 81' lang='lat' dir='ltr'>effe</span> <span class='ocrx_word' id='word_1_170' title='bbox 1774 418 1896 455; x_wconf 83' lang='lat' dir='ltr'>coeperit</span> <span class='ocrx_word' id='word_1_171' title='bbox 1907 437 1917 453; x_wconf 90' lang='lat'>,</span> <span class='ocrx_word' id='word_1_172' title='bbox 1934 415 1968 448; x_wconf 62' lang='grc'>(9·</span> <span class='ocrx_word' id='word_1_173' title='bbox 1978 425 2014 446; x_wconf 87' lang='lat' dir='ltr'>ea</span> <span class='ocrx_word' id='word_1_174' title='bbox 2022 424 2092 456; x_wconf 80' lang='lat' dir='ltr'>quae</span> 
     </span>
     <span class='ocr_line' id='line_1_24' title="bbox 1203 459 2237 519; baseline 0.003 -24"><span class='ocrx_word' id='word_1_175' title='bbox 1203 459 1278 503; x_wconf 60' lang='grc' dir='ltr'><em>[δίει</em></span> <span class='ocrx_word' id='word_1_176' title='bbox 1301 470 1417 505; x_wconf 81' lang='lat' dir='ltr'>nuptiis</span> <span class='ocrx_word' id='word_1_177' title='bbox 1439 472 1514 505; x_wconf 87' lang='lat' dir='ltr'>apta</span> <span class='ocrx_word' id='word_1_178' title='bbox 1539 465 1677 505; x_wconf 83' lang='lat' dir='ltr'>deputari</span> <span class='ocrx_word' id='word_1_179' title='bbox 1703 476 1738 497; x_wconf 85' lang='lat' dir='ltr'>ac</span> <span class='ocrx_word' id='word_1_180' title='bbox 1765 462 1920 504; x_wconf 71' lang='lat' dir='ltr'>perfec’i&#39;a.</span> <span class='ocrx_word' id='word_1_181' title='bbox 1950 463 2004 496; x_wconf 85' lang='lat' dir='ltr'>Ex</span> <span class='ocrx_word' id='word_1_182' title='bbox 2025 474 2093 506; x_wconf 81' lang='lat' dir='ltr'>quo</span> <span class='ocrx_word' id='word_1_183' title='bbox 2109 480 2182 519; x_wconf 51' lang='lat' dir='ltr'>Cap.</span> <span class='ocrx_word' id='word_1_184' title='bbox 2205 482 2237 509; x_wconf 76' lang='grc'>6,·</span> 
     </span>
     <span class='ocr_line' id='line_1_25' title="bbox 1210 512 2093 554; baseline 0.005 -11"><span class='ocrx_word' id='word_1_185' title='bbox 1210 512 1296 546; x_wconf 84' lang='lat' dir='ltr'>vides</span> <span class='ocrx_word' id='word_1_186' title='bbox 1326 514 1452 547; x_wconf 87' lang='lat' dir='ltr'>sacrum</span> <span class='ocrx_word' id='word_1_187' title='bbox 1478 513 1722 547; x_wconf 86' lang='lat' dir='ltr'>Tridentinurn</span> <span class='ocrx_word' id='word_1_188' title='bbox 1762 513 1976 554; x_wconf 85' lang='lat' dir='ltr'><strong>Concilium,</strong></span> <span class='ocrx_word' id='word_1_189' title='bbox 2013 513 2093 547; x_wconf 89' lang='lat' dir='ltr'>dum</span> 
     </span>
     <span class='ocr_line' id='line_1_26' title="bbox 1210 562 2094 606; baseline 0.005 -11"><span class='ocrx_word' id='word_1_190' title='bbox 1210 563 1400 604; x_wconf 66' lang='lat' dir='ltr'>professurus</span> <span class='ocrx_word' id='word_1_191' title='bbox 1425 562 1587 606; x_wconf 83' lang='lat' dir='ltr'>Virgines</span> <span class='ocrx_word' id='word_1_192' title='bbox 1616 564 1722 597; x_wconf 84' lang='lat' dir='ltr'>sanxit</span> <span class='ocrx_word' id='word_1_193' title='bbox 1751 563 1792 596; x_wconf 86' lang='lat' dir='ltr'>ab</span> <span class='ocrx_word' id='word_1_194' title='bbox 1806 564 1983 606; x_wconf 14' lang='lat' dir='ltr'>&#39;Episcopo</span> <span class='ocrx_word' id='word_1_195' title='bbox 2018 575 2094 599; x_wconf 80' lang='lat' dir='ltr'>exa-</span> 
     </span>
     <span class='ocr_line' id='line_1_27' title="bbox 1208 613 2093 653; baseline 0.003 -8"><span class='ocrx_word' id='word_1_196' title='bbox 1208 613 1379 647; x_wconf 84' lang='lat' dir='ltr'>minandas</span> <span class='ocrx_word' id='word_1_197' title='bbox 1392 638 1402 653; x_wconf 93' lang='lat'>‚</span> <span class='ocrx_word' id='word_1_198' title='bbox 1429 613 1447 645; x_wconf 67' lang='lat'>32</span> <span class='ocrx_word' id='word_1_199' title='bbox 1474 613 1608 646; x_wconf 83' lang='lat' dir='ltr'>Patrum</span> <span class='ocrx_word' id='word_1_200' title='bbox 1636 613 1795 646; x_wconf 85' lang='lat' dir='ltr'>institutis</span> <span class='ocrx_word' id='word_1_201' title='bbox 1822 625 1889 647; x_wconf 86' lang='lat' dir='ltr'>non</span> <span class='ocrx_word' id='word_1_202' title='bbox 1918 613 2093 648; x_wconf 55' lang='lat' dir='ltr'>recessisse-2</span> 
     </span>
     <span class='ocr_line' id='line_1_28' title="bbox 1208 662 2095 709; baseline 0.002 -13"><span class='ocrx_word' id='word_1_203' title='bbox 1208 664 1289 709; x_wconf 82' lang='lat' dir='ltr'>Qae</span> <span class='ocrx_word' id='word_1_204' title='bbox 1301 663 1412 696; x_wconf 85' lang='lat' dir='ltr'>omnia</span> <span class='ocrx_word' id='word_1_205' title='bbox 1424 673 1554 706; x_wconf 83' lang='lat' dir='ltr'>propter</span> <span class='ocrx_word' id='word_1_206' title='bbox 1567 662 1675 695; x_wconf 82' lang='lat' dir='ltr'>Bafilii</span> <span class='ocrx_word' id='word_1_207' title='bbox 1686 664 1913 697; x_wconf 61' lang='lat' dir='ltr'>auctoritatem</span> <span class='ocrx_word' id='word_1_208' title='bbox 1923 663 2095 698; x_wconf 83' lang='lat' dir='ltr'>confirma-</span> 
     </span>
     <span class='ocr_line' id='line_1_29' title="bbox 1210 710 2095 758; baseline 0.005 -14"><span class='ocrx_word' id='word_1_209' title='bbox 1210 725 1255 745; x_wconf 71' lang='lat' dir='ltr'>vit</span> <span class='ocrx_word' id='word_1_210' title='bbox 1278 712 1442 746; x_wconf 83' lang='lat' dir='ltr'>Trullana</span> <span class='ocrx_word' id='word_1_211' title='bbox 1464 710 1636 754; x_wconf 87' lang='lat' dir='ltr'>Synodus.</span> <span class='ocrx_word' id='word_1_212' title='bbox 1675 711 1791 744; x_wconf 84' lang='lat' dir='ltr'>Praeter</span> <span class='ocrx_word' id='word_1_213' title='bbox 1815 713 1980 747; x_wconf 87' lang='lat' dir='ltr'>decimum</span> <span class='ocrx_word' id='word_1_214' title='bbox 2003 714 2095 758; x_wconf 82' lang='lat' dir='ltr'>septi-</span> 
     </span>
     <span class='ocr_line' id='line_1_30' title="bbox 1208 758 2095 798; baseline 0.005 -4"><span class='ocrx_word' id='word_1_215' title='bbox 1208 773 1297 794; x_wconf 85' lang='lat' dir='ltr'>mum</span> <span class='ocrx_word' id='word_1_216' title='bbox 1311 763 1414 795; x_wconf 73' lang='lat' dir='ltr'>aetatis</span> <span class='ocrx_word' id='word_1_217' title='bbox 1435 772 1576 794; x_wconf 84' lang='lat' dir='ltr'>annum.</span> <span class='ocrx_word' id='word_1_218' title='bbox 1613 758 1794 795; x_wconf 88' lang='lat' dir='ltr'>Decimum</span> <span class='ocrx_word' id='word_1_219' title='bbox 1818 773 1943 796; x_wconf 88' lang='lat' dir='ltr'>annum</span> <span class='ocrx_word' id='word_1_220' title='bbox 1966 762 2095 798; x_wconf 74' lang='lat' dir='ltr'>admisit</span> 
     </span>
     <span class='ocr_line' id='line_1_31' title="bbox 1207 810 1507 854; baseline -0.007 -9"><span class='ocrx_word' id='word_1_221' title='bbox 1207 810 1247 845; x_wconf 84' lang='lat' dir='ltr'>ad</span> <span class='ocrx_word' id='word_1_222' title='bbox 1261 811 1488 854; x_wconf 65' lang='lat' dir='ltr'>professionem</span> <span class='ocrx_word' id='word_1_223' title='bbox 1500 837 1507 843; x_wconf 94' lang='lat'><strong>.</strong></span> 
     </span>
    </p>

    <p class='ocr_par' dir='ltr' id='par_1_6' title="bbox 1209 860 2094 957">
     <span class='ocr_line' id='line_1_32' title="bbox 1258 860 2094 898; baseline 0.002 -3"><span class='ocrx_word' id='word_1_224' title='bbox 1258 860 1383 895; x_wconf 80' lang='lat' dir='ltr'>Eadem</span> <span class='ocrx_word' id='word_1_225' title='bbox 1397 861 1629 896; x_wconf 86' lang='lat' dir='ltr'>sententiarum</span> <span class='ocrx_word' id='word_1_226' title='bbox 1643 861 1780 896; x_wconf 82' lang='lat' dir='ltr'>varietas</span> <span class='ocrx_word' id='word_1_227' title='bbox 1791 862 1872 898; x_wconf 78' lang='lat' dir='ltr'>olim</span> <span class='ocrx_word' id='word_1_228' title='bbox 1886 863 1948 897; x_wconf 86' lang='lat' dir='ltr'>fuit</span> <span class='ocrx_word' id='word_1_229' title='bbox 1959 862 1994 896; x_wconf 90' lang='lat' dir='ltr'>in</span> <span class='ocrx_word' id='word_1_230' title='bbox 2006 863 2094 898; x_wconf 88' lang='lat' dir='ltr'>Lati-</span> 
     </span>
     <span class='ocr_line' id='line_1_33' title="bbox 1209 911 2092 957; baseline 0.001 -11"><span class='ocrx_word' id='word_1_231' title='bbox 1209 924 1249 946; x_wconf 88' lang='lat' dir='ltr'>na</span> <span class='ocrx_word' id='word_1_232' title='bbox 1263 911 1405 946; x_wconf 83' lang='lat' dir='ltr'>Ecclefia</span> <span class='ocrx_word' id='word_1_233' title='bbox 1420 937 1427 944; x_wconf 90' lang='lat'>.</span> <span class='ocrx_word' id='word_1_234' title='bbox 1455 912 1561 945; x_wconf 76' lang='lat' dir='ltr'>Sansti</span> <span class='ocrx_word' id='word_1_235' title='bbox 1577 912 1744 946; x_wconf 62' lang='lat' dir='ltr'>Benedicti</span> <span class='ocrx_word' id='word_1_236' title='bbox 1760 912 1891 957; x_wconf 87' lang='lat' dir='ltr'>Regula</span> <span class='ocrx_word' id='word_1_237' title='bbox 1904 914 1946 947; x_wconf 84' lang='lat' dir='ltr'>fic</span> <span class='ocrx_word' id='word_1_238' title='bbox 1969 912 2069 948; x_wconf 77' lang='lat' dir='ltr'>habet</span> <span class='ocrx_word' id='word_1_239' title='bbox 2080 928 2092 947; x_wconf 87' lang='lat'>.-</span> 
     </span>
    </p>
   </div>
   <div class='ocr_carea' id='block_1_6' title="bbox 2111 747 2244 781">
    <p class='ocr_par' dir='ltr' id='par_1_7' title="bbox 2111 747 2244 781">
     <span class='ocr_line' id='line_1_34' title="bbox 2111 747 2244 781; baseline -0.015 -4"><span class='ocrx_word' id='word_1_240' title='bbox 2111 747 2180 777; x_wconf 74' lang='lat' dir='ltr'>Can·</span> <span class='ocrx_word' id='word_1_241' title='bbox 2193 748 2244 781; x_wconf 66' lang='lat'>400*</span> 
     </span>
    </p>
   </div>
   <div class='ocr_carea' id='block_1_7' title="bbox 248 959 2092 1008">
    <p class='ocr_par' dir='ltr' id='par_1_8' title="bbox 248 959 2092 1008">
     <span class='ocr_line' id='line_1_35' title="bbox 248 959 2092 1008; baseline -0.001 -11"><span class='ocrx_word' id='word_1_242' title='bbox 248 974 452 1007; x_wconf 66' lang='lat' dir='ltr'>praeterquam</span> <span class='ocrx_word' id='word_1_243' title='bbox 459 963 487 1005; x_wconf 82' lang='lat' dir='ltr'>si</span> <span class='ocrx_word' id='word_1_244' title='bbox 492 970 543 1008; x_wconf 85' lang='lat' dir='ltr'>qui</span> <span class='ocrx_word' id='word_1_245' title='bbox 556 963 634 1007; x_wconf 69' lang='lat' dir='ltr'>ipjbs</span> <span class='ocrx_word' id='word_1_246' title='bbox 661 961 870 995; x_wconf 73' lang='lat' dir='ltr'>Monachorum</span> <span class='ocrx_word' id='word_1_247' title='bbox 894 963 1002 994; x_wconf 87' lang='lat' dir='ltr'>Ordini</span> <span class='ocrx_word' id='word_1_248' title='bbox 1027 959 1164 1002; x_wconf 75' lang='lat' dir='ltr'>adjudi-¹</span> <span class='ocrx_word' id='word_1_249' title='bbox 1206 962 1403 1003; x_wconf 74' lang='lat' dir='ltr'>Siquisforte</span> <span class='ocrx_word' id='word_1_250' title='bbox 1416 964 1452 995; x_wconf 86' lang='lat' dir='ltr'>de</span> <span class='ocrx_word' id='word_1_251' title='bbox 1463 962 1623 995; x_wconf 81' lang='lat' dir='ltr'><em>Nobilibus</em></span> <span class='ocrx_word' id='word_1_252' title='bbox 1648 962 1732 1003; x_wconf 76' lang='lat' dir='ltr'>offert</span> <span class='ocrx_word' id='word_1_253' title='bbox 1751 963 1847 1005; x_wconf 87' lang='lat' dir='ltr'>filium</span> <span class='ocrx_word' id='word_1_254' title='bbox 1864 961 1952 1005; x_wconf 90' lang='lat' dir='ltr'>suum</span> <span class='ocrx_word' id='word_1_255' title='bbox 1977 967 2038 996; x_wconf 86' lang='lat' dir='ltr'>Deo</span> <span class='ocrx_word' id='word_1_256' title='bbox 2059 969 2092 996; x_wconf 86' lang='lat' dir='ltr'>in</span> 
     </span>
    </p>
   </div>
   <div class='ocr_carea' id='block_1_8' title="bbox 77 1011 1157 3502">
    <p class='ocr_par' dir='ltr' id='par_1_9' title="bbox 251 1011 1148 2157">
     <span class='ocr_line' id='line_1_36' title="bbox 251 1011 1148 1057; baseline -0.004 -9"><span class='ocrx_word' id='word_1_257' title='bbox 251 1021 414 1053; x_wconf 83' lang='lat' dir='ltr'>caverint,</span> <span class='ocrx_word' id='word_1_258' title='bbox 437 1020 490 1057; x_wconf 78' lang='lat' dir='ltr'>qui</span> <span class='ocrx_word' id='word_1_259' title='bbox 515 1017 606 1047; x_wconf 73' lang='lat' dir='ltr'>tacite</span> <span class='ocrx_word' id='word_1_260' title='bbox 633 1015 778 1048; x_wconf 75' lang='lat' dir='ltr'>videntur</span> <span class='ocrx_word' id='word_1_261' title='bbox 803 1011 985 1045; x_wconf 79' lang='lat' dir='ltr'>Caelibatum</span> <span class='ocrx_word' id='word_1_262' title='bbox 1007 1012 1148 1044; x_wconf 84' lang='lat' dir='ltr'>admitte-</span> 
     </span>
     <span class='ocr_line' id='line_1_37' title="bbox 252 1061 1147 1105; baseline -0.004 -7"><span class='ocrx_word' id='word_1_263' title='bbox 252 1079 304 1099; x_wconf 71' lang='lat' dir='ltr'>re.</span> <span class='ocrx_word' id='word_1_264' title='bbox 345 1065 497 1099; x_wconf 87' lang='lat' dir='ltr'>Affirmat</span> <span class='ocrx_word' id='word_1_265' title='bbox 525 1065 654 1098; x_wconf 81' lang='lat' dir='ltr'>nullum</span> <span class='ocrx_word' id='word_1_266' title='bbox 678 1063 783 1095; x_wconf 77' lang='lat' dir='ltr'>virum</span> <span class='ocrx_word' id='word_1_267' title='bbox 805 1062 845 1095; x_wconf 83' lang='lat' dir='ltr'>ad</span> <span class='ocrx_word' id='word_1_268' title='bbox 872 1061 1090 1105; x_wconf 66' lang='lat' dir='ltr'>profitendam</span> <span class='ocrx_word' id='word_1_269' title='bbox 1113 1063 1147 1094; x_wconf 89' lang='lat' dir='ltr'>in</span> 
     </span>
     <span class='ocr_line' id='line_1_38' title="bbox 252 1112 1147 1158; baseline -0.004 -10"><span class='ocrx_word' id='word_1_270' title='bbox 252 1115 369 1149; x_wconf 69' lang='lat' dir='ltr'>i‘aeculo</span> <span class='ocrx_word' id='word_1_271' title='bbox 400 1127 437 1148; x_wconf 85' lang='lat' dir='ltr'>ac</span> <span class='ocrx_word' id='word_1_272' title='bbox 472 1117 601 1158; x_wconf 79' lang='lat' dir='ltr'>propria</span> <span class='ocrx_word' id='word_1_273' title='bbox 635 1115 738 1147; x_wconf 87' lang='lat' dir='ltr'>domo</span> <span class='ocrx_word' id='word_1_274' title='bbox 778 1112 960 1146; x_wconf 77' lang='lat' dir='ltr'>castitatem</span> <span class='ocrx_word' id='word_1_275' title='bbox 995 1113 1147 1154; x_wconf 80' lang='lat' dir='ltr'>admitti,</span> 
     </span>
     <span class='ocr_line' id='line_1_39' title="bbox 253 1162 1145 1210; baseline -0.006 -11"><span class='ocrx_word' id='word_1_276' title='bbox 253 1177 456 1208; x_wconf 74' lang='lat' dir='ltr'>vacuamque</span> <span class='ocrx_word' id='word_1_277' title='bbox 485 1165 548 1198; x_wconf 80' lang='lat' dir='ltr'>effe</span> <span class='ocrx_word' id='word_1_278' title='bbox 574 1163 736 1206; x_wconf 82' lang='lat' dir='ltr'>ejusmodi</span> <span class='ocrx_word' id='word_1_279' title='bbox 763 1163 1013 1205; x_wconf 84' lang='lat' dir='ltr'>professiouem.</span> <span class='ocrx_word' id='word_1_280' title='bbox 1042 1162 1145 1210; x_wconf 82' lang='lat' dir='ltr'>Qod</span> 
     </span>
     <span class='ocr_line' id='line_1_40' title="bbox 252 1212 1147 1258; baseline -0.007 -8"><span class='ocrx_word' id='word_1_281' title='bbox 252 1226 372 1258; x_wconf 85' lang='lat' dir='ltr'>nempe</span> <span class='ocrx_word' id='word_1_282' title='bbox 399 1215 463 1248; x_wconf 63' lang='lat' dir='ltr'>visi</span> <span class='ocrx_word' id='word_1_283' title='bbox 488 1225 652 1256; x_wconf 83' lang='lat' dir='ltr'>nequeant</span> <span class='ocrx_word' id='word_1_284' title='bbox 680 1212 783 1246; x_wconf 91' lang='lat' dir='ltr'>domo</span> <span class='ocrx_word' id='word_1_285' title='bbox 810 1212 918 1245; x_wconf 88' lang='lat' dir='ltr'>claudi</span> <span class='ocrx_word' id='word_1_286' title='bbox 947 1212 988 1246; x_wconf 82' lang='lat' dir='ltr'>ad</span> <span class='ocrx_word' id='word_1_287' title='bbox 1025 1212 1147 1246; x_wconf 86' lang='lat' dir='ltr'>evitan-</span> 
     </span>
     <span class='ocr_line' id='line_1_41' title="bbox 252 1261 1144 1308; baseline -0.007 -8"><span class='ocrx_word' id='word_1_288' title='bbox 252 1265 294 1300; x_wconf 85' lang='lat' dir='ltr'>da</span> <span class='ocrx_word' id='word_1_289' title='bbox 321 1266 413 1298; x_wconf 84' lang='lat' dir='ltr'>istius</span> <span class='ocrx_word' id='word_1_290' title='bbox 439 1264 643 1308; x_wconf 78' lang='lat' dir='ltr'>professionis</span> <span class='ocrx_word' id='word_1_291' title='bbox 681 1274 722 1296; x_wconf 75' lang='lat' dir='ltr'>ex</span> <span class='ocrx_word' id='word_1_292' title='bbox 759 1262 863 1296; x_wconf 85' lang='lat' dir='ltr'>libero</span> <span class='ocrx_word' id='word_1_293' title='bbox 904 1263 938 1295; x_wconf 89' lang='lat' dir='ltr'>in</span> <span class='ocrx_word' id='word_1_294' title='bbox 978 1261 1144 1304; x_wconf 88' lang='lat' dir='ltr'>publicum</span> 
     </span>
     <span class='ocr_line' id='line_1_42' title="bbox 252 1313 1148 1359; baseline -0.006 -10"><span class='ocrx_word' id='word_1_295' title='bbox 252 1317 398 1358; x_wconf 78' lang='lat' dir='ltr'>proceffu</span> <span class='ocrx_word' id='word_1_296' title='bbox 428 1315 592 1359; x_wconf 81' lang='lat' dir='ltr'>pericula.</span> <span class='ocrx_word' id='word_1_297' title='bbox 622 1313 666 1347; x_wconf 88' lang='lat' dir='ltr'>Et</span> <span class='ocrx_word' id='word_1_298' title='bbox 693 1314 790 1346; x_wconf 65' lang='lat' dir='ltr'>fact-as</span> <span class='ocrx_word' id='word_1_299' title='bbox 815 1314 832 1346; x_wconf 70' lang='grc' dir='ltr'>ὲ</span> <span class='ocrx_word' id='word_1_300' title='bbox 871 1313 989 1355; x_wconf 77' lang='lat' dir='ltr'>puellis</span> <span class='ocrx_word' id='word_1_301' title='bbox 1027 1313 1061 1345; x_wconf 85' lang='lat' dir='ltr'>in</span> <span class='ocrx_word' id='word_1_302' title='bbox 1098 1313 1148 1345; x_wconf 80' lang='lat' dir='ltr'>sae·</span> 
     </span>
     <span class='ocr_line' id='line_1_43' title="bbox 252 1362 1144 1408; baseline -0.004 -9"><span class='ocrx_word' id='word_1_303' title='bbox 252 1368 331 1399; x_wconf 87' lang='lat' dir='ltr'>culo</span> <span class='ocrx_word' id='word_1_304' title='bbox 359 1378 395 1398; x_wconf 79' lang='lat' dir='ltr'>ac</span> <span class='ocrx_word' id='word_1_305' title='bbox 424 1366 549 1408; x_wconf 79' lang='lat' dir='ltr'>propria</span> <span class='ocrx_word' id='word_1_306' title='bbox 576 1364 680 1397; x_wconf 90' lang='lat' dir='ltr'>domo</span> <span class='ocrx_word' id='word_1_307' title='bbox 710 1362 917 1406; x_wconf 68' lang='lat' dir='ltr'>pxcfeffiones</span> <span class='ocrx_word' id='word_1_308' title='bbox 945 1362 1052 1396; x_wconf 84' lang='lat' dir='ltr'>valere</span> <span class='ocrx_word' id='word_1_309' title='bbox 1076 1373 1144 1395; x_wconf 89' lang='lat' dir='ltr'>non</span> 
     </span>
     <span class='ocr_line' id='line_1_44' title="bbox 253 1411 1144 1455; baseline -0.003 -7"><span class='ocrx_word' id='word_1_310' title='bbox 253 1415 324 1448; x_wconf 86' lang='lat' dir='ltr'>vult</span> <span class='ocrx_word' id='word_1_311' title='bbox 338 1415 456 1449; x_wconf 83' lang='lat' dir='ltr'>Canon</span> <span class='ocrx_word' id='word_1_312' title='bbox 472 1439 482 1455; x_wconf 91' lang='lat'>,</span> <span class='ocrx_word' id='word_1_313' title='bbox 512 1414 568 1448; x_wconf 73' lang='lat' dir='ltr'>nisi</span> <span class='ocrx_word' id='word_1_314' title='bbox 583 1415 663 1447; x_wconf 87' lang='lat' dir='ltr'>fiant</span> <span class='ocrx_word' id='word_1_315' title='bbox 688 1413 818 1455; x_wconf 87' lang='lat' dir='ltr'>proprio</span> <span class='ocrx_word' id='word_1_316' title='bbox 839 1411 974 1446; x_wconf 83' lang='lat' dir='ltr'>arbitrio</span> <span class='ocrx_word' id='word_1_317' title='bbox 997 1412 1067 1455; x_wconf 87' lang='lat' dir='ltr'>post</span> <span class='ocrx_word' id='word_1_318' title='bbox 1094 1424 1144 1445; x_wconf 85' lang='lat' dir='ltr'>ex-</span> 
     </span>
     <span class='ocr_line' id='line_1_45' title="bbox 254 1461 1146 1508; baseline -0.003 -11"><span class='ocrx_word' id='word_1_319' title='bbox 254 1467 379 1508; x_wconf 81' lang='lat' dir='ltr'>pletum</span> <span class='ocrx_word' id='word_1_320' title='bbox 390 1467 516 1498; x_wconf 83' lang='lat' dir='ltr'>sextum</span> <span class='ocrx_word' id='word_1_321' title='bbox 529 1464 695 1497; x_wconf 84' lang='lat' dir='ltr'>decimum</span> <span class='ocrx_word' id='word_1_322' title='bbox 711 1463 813 1495; x_wconf 88' lang='lat' dir='ltr'>aetatis</span> <span class='ocrx_word' id='word_1_323' title='bbox 828 1472 968 1494; x_wconf 88' lang='lat' dir='ltr'>annum.</span> <span class='ocrx_word' id='word_1_324' title='bbox 1001 1461 1146 1495; x_wconf 76' lang='lat' dir='ltr'>Infantes</span> 
     </span>
     <span class='ocr_line' id='line_1_46' title="bbox 254 1511 1142 1558; baseline -0.007 -9"><span class='ocrx_word' id='word_1_325' title='bbox 254 1527 292 1549; x_wconf 82' lang='lat' dir='ltr'>ac</span> <span class='ocrx_word' id='word_1_326' title='bbox 306 1515 434 1558; x_wconf 87' lang='lat' dir='ltr'>quasvis</span> <span class='ocrx_word' id='word_1_327' title='bbox 445 1515 654 1548; x_wconf 83' lang='lat' dir='ltr'>minorennes</span> <span class='ocrx_word' id='word_1_328' title='bbox 678 1511 836 1556; x_wconf 83' lang='lat' dir='ltr'>permittit</span> <span class='ocrx_word' id='word_1_329' title='bbox 857 1511 990 1552; x_wconf 87' lang='lat' dir='ltr'>quidem</span> <span class='ocrx_word' id='word_1_330' title='bbox 1012 1511 1105 1543; x_wconf 80' lang='lat' dir='ltr'>offeri</span> <span class='ocrx_word' id='word_1_331' title='bbox 1125 1512 1142 1543; x_wconf 69' lang='lat' dir='ltr'>ai</span> 
     </span>
     <span class='ocr_line' id='line_1_47' title="bbox 253 1560 1144 1608; baseline -0.008 -9"><span class='ocrx_word' id='word_1_332' title='bbox 253 1565 441 1608; x_wconf 79' lang='lat' dir='ltr'>parentibus</span> <span class='ocrx_word' id='word_1_333' title='bbox 465 1589 475 1605; x_wconf 90' lang='lat'><strong>,</strong></span> <span class='ocrx_word' id='word_1_334' title='bbox 505 1562 613 1596; x_wconf 61' lang='lat' dir='ltr'>verum</span> <span class='ocrx_word' id='word_1_335' title='bbox 640 1561 760 1596; x_wconf 84' lang='lat' dir='ltr'>exinde</span> <span class='ocrx_word' id='word_1_336' title='bbox 779 1560 958 1594; x_wconf 82' lang='lat' dir='ltr'>consecrari</span> <span class='ocrx_word' id='word_1_337' title='bbox 984 1570 1051 1592; x_wconf 87' lang='lat' dir='ltr'>non</span> <span class='ocrx_word' id='word_1_338' title='bbox 1078 1560 1144 1592; x_wconf 90' lang='lat' dir='ltr'>vult</span> 
     </span>
     <span class='ocr_line' id='line_1_48' title="bbox 254 1608 1146 1658; baseline -0.006 -10"><span class='ocrx_word' id='word_1_339' title='bbox 254 1626 310 1648; x_wconf 79' lang='lat' dir='ltr'>aut</span> <span class='ocrx_word' id='word_1_340' title='bbox 322 1614 478 1658; x_wconf 82' lang='lat' dir='ltr'>obligari.</span> <span class='ocrx_word' id='word_1_341' title='bbox 509 1611 611 1658; x_wconf 75' lang='lat' dir='ltr'>Qiod</span> <span class='ocrx_word' id='word_1_342' title='bbox 636 1622 752 1654; x_wconf 84' lang='lat' dir='ltr'>nempe</span> <span class='ocrx_word' id='word_1_343' title='bbox 775 1620 922 1653; x_wconf 83' lang='lat' dir='ltr'>parentes</span> <span class='ocrx_word' id='word_1_344' title='bbox 948 1608 1065 1642; x_wconf 87' lang='lat' dir='ltr'>filiolas</span> <span class='ocrx_word' id='word_1_345' title='bbox 1089 1610 1146 1643; x_wconf 91' lang='lat' dir='ltr'>fre-</span> 
     </span>
     <span class='ocr_line' id='line_1_49' title="bbox 253 1659 1141 1706; baseline -0.008 -8"><span class='ocrx_word' id='word_1_346' title='bbox 253 1675 391 1706; x_wconf 87' lang='lat' dir='ltr'>quenter</span> <span class='ocrx_word' id='word_1_347' title='bbox 401 1676 441 1697; x_wconf 87' lang='lat' dir='ltr'>ex</span> <span class='ocrx_word' id='word_1_348' title='bbox 455 1672 641 1706; x_wconf 82' lang='lat' dir='ltr'>paupertate</span> <span class='ocrx_word' id='word_1_349' title='bbox 653 1661 807 1694; x_wconf 79' lang='lat' dir='ltr'>offerrent</span> <span class='ocrx_word' id='word_1_350' title='bbox 830 1659 978 1693; x_wconf 78' lang='lat' dir='ltr'>Eeclefiae</span> <span class='ocrx_word' id='word_1_351' title='bbox 994 1684 1004 1699; x_wconf 91' lang='lat'>‚</span> <span class='ocrx_word' id='word_1_352' title='bbox 1035 1670 1141 1702; x_wconf 72' lang='lat' dir='ltr'>,atque</span> 
     </span>
     <span class='ocr_line' id='line_1_50' title="bbox 254 1709 1146 1757; baseline -0.009 -8"><span class='ocrx_word' id='word_1_353' title='bbox 254 1716 300 1749; x_wconf 83' lang='lat' dir='ltr'>ita</span> <span class='ocrx_word' id='word_1_354' title='bbox 315 1725 382 1749; x_wconf 86' lang='lat' dir='ltr'>non</span> <span class='ocrx_word' id='word_1_355' title='bbox 408 1713 502 1757; x_wconf 70' lang='lat' dir='ltr'>plene</span> <span class='ocrx_word' id='word_1_356' title='bbox 513 1712 607 1746; x_wconf 86' lang='lat' dir='ltr'>castis</span> <span class='ocrx_word' id='word_1_357' title='bbox 620 1711 774 1745; x_wconf 86' lang='lat' dir='ltr'>cordibus</span> <span class='ocrx_word' id='word_1_358' title='bbox 794 1709 903 1743; x_wconf 85' lang='lat' dir='ltr'>divina</span> <span class='ocrx_word' id='word_1_359' title='bbox 922 1710 1025 1752; x_wconf 83' lang='lat' dir='ltr'>gratia</span> <span class='ocrx_word' id='word_1_360' title='bbox 1046 1720 1146 1751; x_wconf 90' lang='lat' dir='ltr'>quan-</span> 
     </span>
     <span class='ocr_line' id='line_1_51' title="bbox 253 1757 1144 1808; baseline -0.008 -9"><span class='ocrx_word' id='word_1_361' title='bbox 253 1766 363 1808; x_wconf 87' lang='lat' dir='ltr'>doque</span> <span class='ocrx_word' id='word_1_362' title='bbox 380 1775 448 1798; x_wconf 90' lang='lat' dir='ltr'>non</span> <span class='ocrx_word' id='word_1_363' title='bbox 471 1770 715 1805; x_wconf 80' lang='lat' dir='ltr'>cooperaretur.</span> <span class='ocrx_word' id='word_1_364' title='bbox 744 1760 787 1793; x_wconf 85' lang='lat' dir='ltr'>Et</span> <span class='ocrx_word' id='word_1_365' title='bbox 818 1757 957 1792; x_wconf 85' lang='lat' dir='ltr'>sedecim</span> <span class='ocrx_word' id='word_1_366' title='bbox 981 1769 1144 1792; x_wconf 88' lang='lat' dir='ltr'>annorum</span> 
     </span>
     <span class='ocr_line' id='line_1_52' title="bbox 255 1808 1144 1859; baseline -0.007 -11"><span class='ocrx_word' id='word_1_367' title='bbox 255 1815 362 1859; x_wconf 81' lang='lat' dir='ltr'>puella</span> <span class='ocrx_word' id='word_1_368' title='bbox 377 1826 445 1848; x_wconf 83' lang='lat' dir='ltr'>non</span> <span class='ocrx_word' id='word_1_369' title='bbox 459 1813 516 1846; x_wconf 81' lang='lat' dir='ltr'>nifi</span> <span class='ocrx_word' id='word_1_370' title='bbox 529 1811 598 1855; x_wconf 86' lang='lat' dir='ltr'>post</span> <span class='ocrx_word' id='word_1_371' title='bbox 612 1809 749 1845; x_wconf 87' lang='lat' dir='ltr'>multam</span> <span class='ocrx_word' id='word_1_372' title='bbox 762 1808 949 1842; x_wconf 79' lang='lat' dir='ltr'>instantiam</span> <span class='ocrx_word' id='word_1_373' title='bbox 961 1831 971 1847; x_wconf 89' lang='lat'><strong>,</strong></span> <span class='ocrx_word' id='word_1_374' title='bbox 994 1819 1144 1848; x_wconf 77' lang='lat' dir='ltr'>examen,</span> 
     </span>
     <span class='ocr_line' id='line_1_53' title="bbox 254 1858 1141 1908; baseline -0.008 -10"><span class='ocrx_word' id='word_1_375' title='bbox 254 1877 292 1898; x_wconf 80' lang='lat' dir='ltr'>ac</span> <span class='ocrx_word' id='word_1_376' title='bbox 304 1863 529 1908; x_wconf 82' lang='lat' dir='ltr'>probationem</span> <span class='ocrx_word' id='word_1_377' title='bbox 543 1860 716 1905; x_wconf 80' lang='lat' dir='ltr'>poteratad</span> <span class='ocrx_word' id='word_1_378' title='bbox 741 1859 960 1903; x_wconf 85' lang='lat' dir='ltr'>profitendum</span> <span class='ocrx_word' id='word_1_379' title='bbox 988 1858 1119 1893; x_wconf 80' lang='lat' dir='ltr'>admitti</span> <span class='ocrx_word' id='word_1_380' title='bbox 1135 1884 1141 1891; x_wconf 95' lang='lat'>.</span> 
     </span>
     <span class='ocr_line' id='line_1_54' title="bbox 254 1908 1140 1959; baseline -0.009 -10"><span class='ocrx_word' id='word_1_381' title='bbox 254 1914 388 1959; x_wconf 85' lang='lat' dir='ltr'>Utique</span> <span class='ocrx_word' id='word_1_382' title='bbox 405 1914 446 1947; x_wconf 88' lang='lat' dir='ltr'>ab</span> <span class='ocrx_word' id='word_1_383' title='bbox 459 1912 622 1955; x_wconf 86' lang='lat' dir='ltr'>Episcopo</span> <span class='ocrx_word' id='word_1_384' title='bbox 632 1935 639 1943; x_wconf 96' lang='lat'><strong><em>.</em></strong></span> <span class='ocrx_word' id='word_1_385' title='bbox 670 1910 782 1957; x_wconf 83' lang='lat' dir='ltr'>Qare</span> <span class='ocrx_word' id='word_1_386' title='bbox 795 1920 856 1942; x_wconf 88' lang='lat' dir='ltr'>nec</span> <span class='ocrx_word' id='word_1_387' title='bbox 867 1908 907 1942; x_wconf 82' lang='lat' dir='ltr'>ab</span> <span class='ocrx_word' id='word_1_388' title='bbox 916 1909 982 1942; x_wconf 87' lang='lat' dir='ltr'>alio</span> <span class='ocrx_word' id='word_1_389' title='bbox 996 1919 1140 1952; x_wconf 88' lang='lat' dir='ltr'>poterat.</span> 
     </span>
     <span class='ocr_line' id='line_1_55' title="bbox 255 1958 1144 2011; baseline -0.007 -13"><span class='ocrx_word' id='word_1_390' title='bbox 255 1965 368 2011; x_wconf 80' lang='lat' dir='ltr'>Quam</span> <span class='ocrx_word' id='word_1_391' title='bbox 395 1961 592 1996; x_wconf 71' lang='lat' dir='ltr'>laudabilem</span> <span class='ocrx_word' id='word_1_392' title='bbox 614 1986 625 2001; x_wconf 91' lang='lat'>‚</span> <span class='ocrx_word' id='word_1_393' title='bbox 661 1961 693 1993; x_wconf 79' lang='grc' dir='ltr'>δε</span> <span class='ocrx_word' id='word_1_394' title='bbox 730 1960 749 1992; x_wconf 71' lang='grc' dir='ltr'>ὲ</span> <span class='ocrx_word' id='word_1_395' title='bbox 788 1959 905 1993; x_wconf 87' lang='lat' dir='ltr'>nostris</span> <span class='ocrx_word' id='word_1_396' title='bbox 942 1958 1144 2002; x_wconf 78' lang='lat' dir='ltr'>temporibus</span> 
     </span>
     <span class='ocr_line' id='line_1_56' title="bbox 254 2008 1140 2052; baseline -0.006 -4"><span class='ocrx_word' id='word_1_397' title='bbox 254 2015 396 2049; x_wconf 71' lang='lat' dir='ltr'>omnino</span> <span class='ocrx_word' id='word_1_398' title='bbox 423 2010 617 2047; x_wconf 82' lang='lat' dir='ltr'>imitandam</span> <span class='ocrx_word' id='word_1_399' title='bbox 645 2009 852 2052; x_wconf 77' lang='lat' dir='ltr'>disciplinam</span> <span class='ocrx_word' id='word_1_400' title='bbox 878 2008 1032 2042; x_wconf 82' lang='lat' dir='ltr'>existimo</span> <span class='ocrx_word' id='word_1_401' title='bbox 1072 2021 1140 2043; x_wconf 90' lang='lat' dir='ltr'>non</span> 
     </span>
     <span class='ocr_line' id='line_1_57' title="bbox 254 2058 1141 2103; baseline -0.003 -6"><span class='ocrx_word' id='word_1_402' title='bbox 254 2065 422 2099; x_wconf 65' lang='lat' dir='ltr'>industam</span> <span class='ocrx_word' id='word_1_403' title='bbox 447 2063 465 2094; x_wconf 72' lang='grc' dir='ltr'>ὲ</span> <span class='ocrx_word' id='word_1_404' title='bbox 491 2060 631 2102; x_wconf 77' lang='lat' dir='ltr'>Basilio,</span> <span class='ocrx_word' id='word_1_405' title='bbox 661 2059 716 2094; x_wconf 90' lang='lat' dir='ltr'>sed</span> <span class='ocrx_word' id='word_1_406' title='bbox 744 2059 829 2103; x_wconf 83' lang='lat' dir='ltr'>apud</span> <span class='ocrx_word' id='word_1_407' title='bbox 857 2058 1018 2093; x_wconf 89' lang='lat' dir='ltr'>Ponticos</span> <span class='ocrx_word' id='word_1_408' title='bbox 1045 2060 1141 2094; x_wconf 79' lang='lat' dir='ltr'>fuisse</span> 
     </span>
     <span class='ocr_line' id='line_1_58' title="bbox 254 2115 437 2157; baseline -0.011 -9"><span class='ocrx_word' id='word_1_409' title='bbox 254 2115 437 2157; x_wconf 77' lang='lat' dir='ltr'>antiquam.</span> 
     </span>
    </p>

    <p class='ocr_par' dir='ltr' id='par_1_10' title="bbox 77 2158 1141 2556">
     <span class='ocr_line' id='line_1_59' title="bbox 304 2158 1141 2198; baseline -0.002 -2"><span class='ocrx_word' id='word_1_410' title='bbox 304 2162 503 2198; x_wconf 81' lang='lat' dir='ltr'>Theodorus</span> <span class='ocrx_word' id='word_1_411' title='bbox 515 2171 622 2196; x_wconf 85' lang='lat' dir='ltr'>tamen</span> <span class='ocrx_word' id='word_1_412' title='bbox 635 2161 809 2195; x_wconf 88' lang='lat' dir='ltr'>Balsamon</span> <span class='ocrx_word' id='word_1_413' title='bbox 820 2169 902 2195; x_wconf 81' lang='lat' dir='ltr'>errat</span> <span class='ocrx_word' id='word_1_414' title='bbox 917 2158 1015 2194; x_wconf 84' lang='lat' dir='ltr'>hosce</span> <span class='ocrx_word' id='word_1_415' title='bbox 1029 2160 1076 2195; x_wconf 88' lang='lat' dir='ltr'>Ca</span> <span class='ocrx_word' id='word_1_416' title='bbox 1083 2172 1141 2194; x_wconf 91' lang='lat' dir='ltr'>no-</span> 
     </span>
     <span class='ocr_line' id='line_1_60' title="bbox 255 2211 1140 2254; baseline -0.003 -6"><span class='ocrx_word' id='word_1_417' title='bbox 255 2225 313 2249; x_wconf 85' lang='lat' dir='ltr'>nes</span> <span class='ocrx_word' id='word_1_418' title='bbox 323 2215 340 2248; x_wconf 74' lang='grc' dir='ltr'>ὲ</span> <span class='ocrx_word' id='word_1_419' title='bbox 355 2214 470 2247; x_wconf 79' lang='lat' dir='ltr'>Basilio</span> <span class='ocrx_word' id='word_1_420' title='bbox 482 2224 550 2247; x_wconf 87' lang='lat' dir='ltr'>non</span> <span class='ocrx_word' id='word_1_421' title='bbox 563 2213 697 2247; x_wconf 83' lang='lat' dir='ltr'>extendi</span> <span class='ocrx_word' id='word_1_422' title='bbox 709 2211 750 2246; x_wconf 90' lang='lat' dir='ltr'>ad</span> <span class='ocrx_word' id='word_1_423' title='bbox 764 2211 966 2245; x_wconf 83' lang='lat' dir='ltr'>Monasticas</span> <span class='ocrx_word' id='word_1_424' title='bbox 979 2211 1140 2254; x_wconf 75' lang='lat' dir='ltr'>profeffio-</span> 
     </span>
     <span class='ocr_line' id='line_1_61' title="bbox 255 2260 1139 2298; baseline -0.003 -1"><span class='ocrx_word' id='word_1_425' title='bbox 255 2275 329 2297; x_wconf 86' lang='lat' dir='ltr'>nes.</span> <span class='ocrx_word' id='word_1_426' title='bbox 358 2263 521 2298; x_wconf 87' lang='lat' dir='ltr'>Posterior</span> <span class='ocrx_word' id='word_1_427' title='bbox 532 2263 620 2297; x_wconf 87' lang='lat' dir='ltr'>enim</span> <span class='ocrx_word' id='word_1_428' title='bbox 634 2263 754 2296; x_wconf 88' lang='lat' dir='ltr'>Canon</span> <span class='ocrx_word' id='word_1_429' title='bbox 765 2260 879 2294; x_wconf 73' lang='lat' dir='ltr'>diserte</span> <span class='ocrx_word' id='word_1_430' title='bbox 889 2260 981 2293; x_wconf 88' lang='lat' dir='ltr'>addit</span> <span class='ocrx_word' id='word_1_431' title='bbox 993 2261 1033 2294; x_wconf 91' lang='lat' dir='ltr'>de</span> <span class='ocrx_word' id='word_1_432' title='bbox 1063 2261 1139 2295; x_wconf 88' lang='lat' dir='ltr'>Mo-</span> 
     </span>
     <span class='ocr_line' id='line_1_62' title="bbox 255 2310 1135 2354; baseline -0.005 -6"><span class='ocrx_word' id='word_1_433' title='bbox 255 2311 368 2348; x_wconf 81' lang='lat' dir='ltr'>nachis</span> <span class='ocrx_word' id='word_1_434' title='bbox 382 2329 393 2347; x_wconf 90' lang='lat'><em>:</em></span> <span class='ocrx_word' id='word_1_435' title='bbox 419 2315 480 2347; x_wconf 77' lang='lat' dir='ltr'>Sed</span> <span class='ocrx_word' id='word_1_436' title='bbox 487 2318 520 2345; x_wconf 89' lang='lat' dir='ltr'>in</span> <span class='ocrx_word' id='word_1_437' title='bbox 531 2313 592 2345; x_wconf 83' lang='lat' dir='ltr'>illis</span> <span class='ocrx_word' id='word_1_438' title='bbox 604 2323 715 2354; x_wconf 77' lang='lat' dir='ltr'>quoque</span> <span class='ocrx_word' id='word_1_439' title='bbox 725 2312 801 2344; x_wconf 86' lang='lat' dir='ltr'>illud</span> <span class='ocrx_word' id='word_1_440' title='bbox 821 2310 951 2350; x_wconf 67' lang='lat' dir='ltr'>existimo</span> <span class='ocrx_word' id='word_1_441' title='bbox 967 2311 1135 2352; x_wconf 68' lang='lat' dir='ltr'>praecedere</span> 
     </span>
     <span class='ocr_line' id='line_1_63' title="bbox 255 2358 1130 2406; baseline -0.005 -10"><span class='ocrx_word' id='word_1_442' title='bbox 255 2372 385 2406; x_wconf 80' lang='lat' dir='ltr'>oportere</span> <span class='ocrx_word' id='word_1_443' title='bbox 397 2388 408 2404; x_wconf 94' lang='lat'><strong>,</strong></span> <span class='ocrx_word' id='word_1_444' title='bbox 433 2371 464 2396; x_wconf 90' lang='lat' dir='ltr'>ut</span> <span class='ocrx_word' id='word_1_445' title='bbox 477 2361 532 2404; x_wconf 76' lang='lat' dir='ltr'>ipsi</span> <span class='ocrx_word' id='word_1_446' title='bbox 539 2367 754 2405; x_wconf 76' lang='lat' dir='ltr'>interrogentur</span> <span class='ocrx_word' id='word_1_447' title='bbox 768 2386 779 2401; x_wconf 91' lang='lat'><em>‚</em></span> <span class='ocrx_word' id='word_1_448' title='bbox 805 2362 839 2395; x_wconf 73' lang='lat' dir='ltr'>e&gt;-</span> <span class='ocrx_word' id='word_1_449' title='bbox 853 2362 977 2394; x_wconf 80' lang='lat' dir='ltr'>ew&#39;dens</span> <span class='ocrx_word' id='word_1_450' title='bbox 1000 2358 1130 2402; x_wconf 86' lang='lat' dir='ltr'>ipsorum</span> 
     </span>
     <span class='ocr_line' id='line_1_64' title="bbox 245 2409 1133 2455; baseline -0.003 -9"><span class='ocrx_word' id='word_1_451' title='bbox 245 2414 418 2455; x_wconf 67' lang='lat' dir='ltr'>accipiatur</span> <span class='ocrx_word' id='word_1_452' title='bbox 425 2412 577 2455; x_wconf 84' lang='lat' dir='ltr'>profefflo,</span> <span class='ocrx_word' id='word_1_453' title='bbox 604 2419 636 2445; x_wconf 86' lang='lat' dir='ltr'>ut</span> <span class='ocrx_word' id='word_1_454' title='bbox 654 2411 809 2454; x_wconf 87' lang='lat' dir='ltr'>postquam</span> <span class='ocrx_word' id='word_1_455' title='bbox 828 2410 860 2454; x_wconf 86' lang='lat' dir='ltr'>se</span> <span class='ocrx_word' id='word_1_456' title='bbox 883 2411 927 2442; x_wconf 87' lang='lat' dir='ltr'>ad</span> <span class='ocrx_word' id='word_1_457' title='bbox 945 2409 1133 2452; x_wconf 74' lang='lat' dir='ltr'>libidinosam</span> 
     </span>
     <span class='ocr_line' id='line_1_65' title="bbox 77 2458 1133 2518; baseline -0.007 -19"><span class='ocrx_word' id='word_1_458' title='bbox 77 2488 120 2518; x_wconf 54' lang='lat' dir='ltr'>C,</span> <span class='ocrx_word' id='word_1_459' title='bbox 193 2496 205 2509; x_wconf 48' lang='grc' dir='ltr'>ι,</span> <span class='ocrx_word' id='word_1_460' title='bbox 255 2466 289 2498; x_wconf 59' lang='grc' dir='ltr'><em>Θ</em></span> <span class='ocrx_word' id='word_1_461' title='bbox 301 2458 527 2506; x_wconf 59' lang='lat' dir='ltr'>voluptuarium</span> <span class='ocrx_word' id='word_1_462' title='bbox 539 2467 637 2496; x_wconf 75' lang='lat' dir='ltr'>vitam</span> <span class='ocrx_word' id='word_1_463' title='bbox 649 2467 848 2495; x_wconf 84' lang='lat' dir='ltr'>converterint</span> <span class='ocrx_word' id='word_1_464' title='bbox 859 2485 870 2500; x_wconf 89' lang='lat'>,</span> <span class='ocrx_word' id='word_1_465' title='bbox 893 2471 990 2493; x_wconf 84' lang='lat' dir='ltr'>eorum</span> <span class='ocrx_word' id='word_1_466' title='bbox 1000 2466 1050 2503; x_wconf 84' lang='lat' dir='ltr'>qui</span> <span class='ocrx_word' id='word_1_467' title='bbox 1067 2459 1133 2502; x_wconf 88' lang='lat' dir='ltr'>for-</span> 
     </span>
     <span class='ocr_line' id='line_1_66' title="bbox 105 2497 1132 2556; baseline -0.004 -8"><span class='ocrx_word' id='word_1_468' title='bbox 105 2497 152 2526; x_wconf 61' lang='lat' dir='ltr'>“p&#39;</span> <span class='ocrx_word' id='word_1_469' title='bbox 171 2498 219 2524; x_wconf 51' lang='grc' dir='ltr'>,Ψ</span> <span class='ocrx_word' id='word_1_470' title='bbox 253 2520 394 2548; x_wconf 73' lang='lat' dir='ltr'>nitantur</span> <span class='ocrx_word' id='word_1_471' title='bbox 401 2518 552 2556; x_wconf 83' lang='lat' dir='ltr'>punitioni</span> <span class='ocrx_word' id='word_1_472' title='bbox 570 2510 788 2555; x_wconf 61' lang='lat' dir='ltr'>subjiciantur.</span> <span class='ocrx_word' id='word_1_473' title='bbox 819 2509 962 2544; x_wconf 87' lang='lat' dir='ltr'>Evidens</span> <span class='ocrx_word' id='word_1_474' title='bbox 985 2510 1132 2554; x_wconf 84' lang='lat' dir='ltr'>profeffio</span> 
     </span>
    </p>

    <p class='ocr_par' dir='ltr' id='par_1_11' title="bbox 255 2561 1132 2607">
     <span class='ocr_line' id='line_1_67' title="bbox 255 2561 1132 2607; baseline -0.003 -9"><span class='ocrx_word' id='word_1_475' title='bbox 255 2565 298 2598; x_wconf 84' lang='lat' dir='ltr'>est</span> <span class='ocrx_word' id='word_1_476' title='bbox 311 2564 461 2607; x_wconf 79' lang='lat' dir='ltr'>profeffio</span> <span class='ocrx_word' id='word_1_477' title='bbox 474 2562 544 2606; x_wconf 87' lang='lat' dir='ltr'>post</span> <span class='ocrx_word' id='word_1_478' title='bbox 556 2562 760 2597; x_wconf 84' lang='lat' dir='ltr'>discretionis</span> <span class='ocrx_word' id='word_1_479' title='bbox 772 2572 877 2595; x_wconf 87' lang='lat' dir='ltr'>annos</span> <span class='ocrx_word' id='word_1_480' title='bbox 888 2561 971 2595; x_wconf 69' lang='lat' dir='ltr'>fasta</span> <span class='ocrx_word' id='word_1_481' title='bbox 984 2573 1039 2604; x_wconf 87' lang='lat' dir='ltr'>per</span> <span class='ocrx_word' id='word_1_482' title='bbox 1062 2572 1132 2604; x_wconf 82' lang='lat' dir='ltr'>pro-</span> 
     </span>
    </p>

    <p class='ocr_par' dir='ltr' id='par_1_12' title="bbox 253 2609 1157 3454">
     <span class='ocr_line' id='line_1_68' title="bbox 256 2609 1130 2657; baseline -0.001 -11"><span class='ocrx_word' id='word_1_483' title='bbox 256 2615 359 2657; x_wconf 87' lang='lat' dir='ltr'>priam</span> <span class='ocrx_word' id='word_1_484' title='bbox 370 2614 582 2648; x_wconf 65' lang='lat' dir='ltr'>eleC&#39;tionem.</span> <span class='ocrx_word' id='word_1_485' title='bbox 608 2612 768 2646; x_wconf 76' lang='lat' dir='ltr'>Lucidius</span> <span class='ocrx_word' id='word_1_486' title='bbox 792 2610 857 2644; x_wconf 87' lang='lat' dir='ltr'>hoc</span> <span class='ocrx_word' id='word_1_487' title='bbox 876 2609 1014 2645; x_wconf 78' lang='lat' dir='ltr'>Basilius</span> <span class='ocrx_word' id='word_1_488' title='bbox 1035 2611 1130 2645; x_wconf 80' lang='lat' dir='ltr'>tradit</span> 
     </span>
     <span class='ocr_line' id='line_1_69' title="bbox 255 2661 1129 2706; baseline -0.002 -10"><span class='ocrx_word' id='word_1_489' title='bbox 255 2664 290 2696; x_wconf 89' lang='lat' dir='ltr'>in</span> <span class='ocrx_word' id='word_1_490' title='bbox 305 2663 401 2696; x_wconf 72' lang='lat' dir='ltr'>fufius</span> <span class='ocrx_word' id='word_1_491' title='bbox 411 2662 582 2706; x_wconf 80' lang='lat' dir='ltr'>disputatis</span> <span class='ocrx_word' id='word_1_492' title='bbox 605 2662 760 2706; x_wconf 86' lang='lat' dir='ltr'>Regulis.</span> <span class='ocrx_word' id='word_1_493' title='bbox 788 2661 942 2695; x_wconf 84' lang='lat' dir='ltr'>Affirmat</span> <span class='ocrx_word' id='word_1_494' title='bbox 966 2662 1129 2705; x_wconf 86' lang='lat' dir='ltr'>utriusque</span> 
     </span>
     <span class='ocr_line' id='line_1_70' title="bbox 256 2710 1130 2756; baseline 0.001 -11"><span class='ocrx_word' id='word_1_495' title='bbox 256 2714 346 2746; x_wconf 82' lang='lat' dir='ltr'>sexus</span> <span class='ocrx_word' id='word_1_496' title='bbox 358 2713 500 2746; x_wconf 81' lang='lat' dir='ltr'>infantes</span> <span class='ocrx_word' id='word_1_497' title='bbox 511 2725 547 2747; x_wconf 82' lang='lat' dir='ltr'>ac</span> <span class='ocrx_word' id='word_1_498' title='bbox 560 2723 674 2756; x_wconf 88' lang='lat' dir='ltr'>pueros</span> <span class='ocrx_word' id='word_1_499' title='bbox 683 2712 824 2746; x_wconf 75' lang='lat' dir='ltr'>omnino</span> <span class='ocrx_word' id='word_1_500' title='bbox 847 2710 1069 2744; x_wconf 86' lang='lat' dir='ltr'>admittendos</span> <span class='ocrx_word' id='word_1_501' title='bbox 1079 2713 1130 2749; x_wconf 68' lang='lat' dir='ltr'>,ad</span> 
     </span>
     <span class='ocr_line' id='line_1_71' title="bbox 255 2759 1128 2808; baseline -0.003 -12"><span class='ocrx_word' id='word_1_502' title='bbox 255 2762 480 2802; x_wconf 70' lang='lat' dir='ltr'>Monasteria,</span> <span class='ocrx_word' id='word_1_503' title='bbox 507 2763 549 2798; x_wconf 64' lang='grc' dir='ltr'>,δε</span> <span class='ocrx_word' id='word_1_504' title='bbox 571 2763 724 2808; x_wconf 83' lang='lat' dir='ltr'>adjungit</span> <span class='ocrx_word' id='word_1_505' title='bbox 749 2774 756 2794; x_wconf 77' lang='grc' dir='ltr'><strong>ε</strong></span> <span class='ocrx_word' id='word_1_506' title='bbox 795 2764 864 2804; x_wconf 74' lang='lat' dir='ltr'>‚Quo</span> <span class='ocrx_word' id='word_1_507' title='bbox 880 2759 957 2803; x_wconf 72' lang='lat' dir='ltr'>sane</span> <span class='ocrx_word' id='word_1_508' title='bbox 978 2770 1128 2803; x_wconf 80' lang='lat' dir='ltr'>tempore,</span> 
     </span>
     <span class='ocr_line' id='line_1_72' title="bbox 258 2811 1131 2855; baseline -0.005 -8"><span class='ocrx_word' id='word_1_509' title='bbox 258 2815 372 2855; x_wconf 86' lang='lat' dir='ltr'>utique</span> <span class='ocrx_word' id='word_1_510' title='bbox 383 2812 551 2854; x_wconf 78' lang='lat' dir='ltr'>completae</span> <span class='ocrx_word' id='word_1_511' title='bbox 562 2811 698 2846; x_wconf 79' lang='lat' dir='ltr'>rationis</span> <span class='ocrx_word' id='word_1_512' title='bbox 706 2837 717 2852; x_wconf 93' lang='lat'>,</span> <span class='ocrx_word' id='word_1_513' title='bbox 743 2813 936 2845; x_wconf 79' lang='lat' dir='ltr'>admittenda</span> <span class='ocrx_word' id='word_1_514' title='bbox 946 2811 983 2851; x_wconf 81' lang='lat' dir='ltr'>est</span> <span class='ocrx_word' id='word_1_515' title='bbox 1007 2817 1131 2855; x_wconf 79' lang='lat' dir='ltr'>virgini-</span> 
     </span>
     <span class='ocr_line' id='line_1_73' title="bbox 256 2861 1130 2904; baseline -0.002 -9"><span class='ocrx_word' id='word_1_516' title='bbox 256 2867 331 2896; x_wconf 77' lang='lat' dir='ltr'>tatis</span> <span class='ocrx_word' id='word_1_517' title='bbox 350 2861 433 2903; x_wconf 85' lang='lat' dir='ltr'>profe</span> <span class='ocrx_word' id='word_1_518' title='bbox 451 2873 496 2901; x_wconf 84' lang='grc' dir='ltr'>ιο,</span> <span class='ocrx_word' id='word_1_519' title='bbox 522 2870 668 2903; x_wconf 81' lang='lat' dir='ltr'>tanquam</span> <span class='ocrx_word' id='word_1_520' title='bbox 691 2861 783 2903; x_wconf 80' lang='lat' dir='ltr'>firma</span> <span class='ocrx_word' id='word_1_521' title='bbox 798 2863 890 2901; x_wconf 80' lang='lat' dir='ltr'>jam,</span> <span class='ocrx_word' id='word_1_522' title='bbox 928 2863 963 2895; x_wconf 63' lang='grc' dir='ltr'>(Ὺ</span> <span class='ocrx_word' id='word_1_523' title='bbox 987 2861 1130 2904; x_wconf 78' lang='lat' dir='ltr'>ejusmodi</span> 
     </span>
     <span class='ocr_line' id='line_1_74' title="bbox 257 2910 1129 2956; baseline 0 -11"><span class='ocrx_word' id='word_1_524' title='bbox 257 2925 324 2956; x_wconf 82' lang='lat' dir='ltr'>quae</span> <span class='ocrx_word' id='word_1_525' title='bbox 338 2914 356 2943; x_wconf 74' lang='grc' dir='ltr'><em>ἂ</em></span> <span class='ocrx_word' id='word_1_526' title='bbox 366 2917 483 2953; x_wconf 84' lang='lat' dir='ltr'>proprio</span> <span class='ocrx_word' id='word_1_527' title='bbox 490 2910 596 2952; x_wconf 81' lang='lat' dir='ltr'>confilio</span> <span class='ocrx_word' id='word_1_528' title='bbox 606 2910 962 2953; x_wconf 77' lang='lat' dir='ltr'>acjudicioproficiscatur</span> <span class='ocrx_word' id='word_1_529' title='bbox 974 2935 984 2951; x_wconf 92' lang='lat'><em>‚</em></span> <span class='ocrx_word' id='word_1_530' title='bbox 1012 2918 1129 2945; x_wconf 82' lang='lat' dir='ltr'>ratione</span> 
     </span>
     <span class='ocr_line' id='line_1_75' title="bbox 253 2958 1125 3005; baseline -0.002 -10"><span class='ocrx_word' id='word_1_531' title='bbox 253 2967 322 3005; x_wconf 66' lang='lat' dir='ltr'>jam</span> <span class='ocrx_word' id='word_1_532' title='bbox 329 2962 419 3005; x_wconf 69' lang='lat' dir='ltr'>probe</span> <span class='ocrx_word' id='word_1_533' title='bbox 430 2962 533 2993; x_wconf 86' lang='lat' dir='ltr'>adulta</span> <span class='ocrx_word' id='word_1_534' title='bbox 546 2987 552 2992; x_wconf 92' lang='lat'><strong><em>.</em></strong></span> <span class='ocrx_word' id='word_1_535' title='bbox 566 2964 657 2994; x_wconf 79' lang='lat' dir='ltr'>Porro</span> <span class='ocrx_word' id='word_1_536' title='bbox 664 2960 821 3003; x_wconf 75' lang='lat' dir='ltr'>sententia:</span> <span class='ocrx_word' id='word_1_537' title='bbox 833 2958 974 3002; x_wconf 81' lang='lat' dir='ltr'>ejusmodi</span> <span class='ocrx_word' id='word_1_538' title='bbox 986 2960 1068 2999; x_wconf 81' lang='lat' dir='ltr'>testes</span> <span class='ocrx_word' id='word_1_539' title='bbox 1080 2961 1125 3004; x_wconf 87' lang='lat' dir='ltr'>as-</span> 
     </span>
     <span class='ocr_line' id='line_1_76' title="bbox 253 3010 1157 3055; baseline -0.001 -10"><span class='ocrx_word' id='word_1_540' title='bbox 253 3012 389 3055; x_wconf 73' lang='lat' dir='ltr'>sumendi</span> <span class='ocrx_word' id='word_1_541' title='bbox 401 3010 475 3054; x_wconf 86' lang='lat' dir='ltr'>sunt</span> <span class='ocrx_word' id='word_1_542' title='bbox 496 3010 687 3051; x_wconf 80' lang='lat' dir='ltr'>Ecclefiarum</span> <span class='ocrx_word' id='word_1_543' title='bbox 713 3011 886 3052; x_wconf 74' lang='lat' dir='ltr'>Antissites,</span> <span class='ocrx_word' id='word_1_544' title='bbox 915 3021 970 3050; x_wconf 88' lang='lat' dir='ltr'>quo</span> <span class='ocrx_word' id='word_1_545' title='bbox 989 3011 1128 3044; x_wconf 80' lang='lat' dir='ltr'>videlicet</span> <span class='ocrx_word' id='word_1_546' title='bbox 1150 3047 1157 3055; x_wconf 31' lang='grc' dir='ltr'><strong>Α</strong></span> 
     </span>
     <span class='ocr_line' id='line_1_77' title="bbox 253 3059 1128 3106; baseline -0.002 -11"><span class='ocrx_word' id='word_1_547' title='bbox 253 3072 311 3104; x_wconf 87' lang='lat' dir='ltr'>per</span> <span class='ocrx_word' id='word_1_548' title='bbox 320 3064 440 3106; x_wconf 71' lang='lat' dir='ltr'>ipsos&amp;</span> <span class='ocrx_word' id='word_1_549' title='bbox 458 3060 654 3104; x_wconf 62' lang='lat' dir='ltr'>sanilificatio</span> <span class='ocrx_word' id='word_1_550' title='bbox 681 3069 833 3102; x_wconf 77' lang='lat' dir='ltr'>corporis,</span> <span class='ocrx_word' id='word_1_551' title='bbox 860 3061 957 3095; x_wconf 79' lang='lat' dir='ltr'>veluti</span> <span class='ocrx_word' id='word_1_552' title='bbox 981 3072 1028 3093; x_wconf 84' lang='lat' dir='ltr'>res</span> <span class='ocrx_word' id='word_1_553' title='bbox 1040 3059 1128 3102; x_wconf 89' lang='lat' dir='ltr'>sacra</span> 
     </span>
     <span class='ocr_line' id='line_1_78' title="bbox 257 3110 1128 3151; baseline -0.003 -6"><span class='ocrx_word' id='word_1_554' title='bbox 257 3115 322 3145; x_wconf 86' lang='lat' dir='ltr'>Deo</span> <span class='ocrx_word' id='word_1_555' title='bbox 334 3113 501 3151; x_wconf 84' lang='lat' dir='ltr'>dedicetur,</span> <span class='ocrx_word' id='word_1_556' title='bbox 528 3111 694 3145; x_wconf 68' lang='lat' dir='ltr'>&amp;aetionis</span> <span class='ocrx_word' id='word_1_557' title='bbox 704 3111 784 3143; x_wconf 86' lang='lat' dir='ltr'>illius</span> <span class='ocrx_word' id='word_1_558' title='bbox 793 3119 849 3151; x_wconf 86' lang='lat' dir='ltr'>per</span> <span class='ocrx_word' id='word_1_559' title='bbox 869 3110 985 3143; x_wconf 87' lang='lat' dir='ltr'>illorum</span> <span class='ocrx_word' id='word_1_560' title='bbox 1011 3111 1128 3150; x_wconf 70' lang='lat' dir='ltr'>testimo·</span> 
     </span>
     <span class='ocr_line' id='line_1_79' title="bbox 259 3159 1128 3203; baseline -0.002 -9"><span class='ocrx_word' id='word_1_561' title='bbox 259 3167 343 3194; x_wconf 80' lang='lat' dir='ltr'>nium</span> <span class='ocrx_word' id='word_1_562' title='bbox 355 3159 529 3200; x_wconf 78' lang='lat' dir='ltr'>confirmatio</span> <span class='ocrx_word' id='word_1_563' title='bbox 533 3161 571 3203; x_wconf 85' lang='lat' dir='ltr'>fit</span> <span class='ocrx_word' id='word_1_564' title='bbox 584 3185 591 3193; x_wconf 90' lang='lat'><strong>.</strong></span> <span class='ocrx_word' id='word_1_565' title='bbox 617 3163 661 3194; x_wconf 73' lang='lat' dir='ltr'>§ic</span> <span class='ocrx_word' id='word_1_566' title='bbox 681 3167 758 3194; x_wconf 86' lang='lat' dir='ltr'>enim</span> <span class='ocrx_word' id='word_1_567' title='bbox 779 3162 813 3194; x_wconf 66' lang='grc'>(9·</span> <span class='ocrx_word' id='word_1_568' title='bbox 826 3159 957 3200; x_wconf 77' lang='lat' dir='ltr'>studium</span> <span class='ocrx_word' id='word_1_569' title='bbox 981 3165 1128 3193; x_wconf 84' lang='lat' dir='ltr'>Fratrum</span> 
     </span>
     <span class='ocr_line' id='line_1_80' title="bbox 258 3207 1128 3255; baseline -0.002 -11"><span class='ocrx_word' id='word_1_570' title='bbox 258 3211 419 3244; x_wconf 68' lang='lat' dir='ltr'>maledieta</span> <span class='ocrx_word' id='word_1_571' title='bbox 442 3213 572 3244; x_wconf 72' lang='lat' dir='ltr'>maxime</span> <span class='ocrx_word' id='word_1_572' title='bbox 593 3212 720 3245; x_wconf 81' lang='lat' dir='ltr'>evitabit</span> <span class='ocrx_word' id='word_1_573' title='bbox 733 3235 743 3250; x_wconf 91' lang='lat'>,</span> <span class='ocrx_word' id='word_1_574' title='bbox 769 3213 803 3243; x_wconf 64' lang='lat'>(5</span> <span class='ocrx_word' id='word_1_575' title='bbox 828 3216 879 3252; x_wconf 83' lang='lat' dir='ltr'>qui</span> <span class='ocrx_word' id='word_1_576' title='bbox 895 3207 1017 3255; x_wconf 29' lang='lat' dir='ltr'>seipsos·</span> <span class='ocrx_word' id='word_1_577' title='bbox 1023 3210 1128 3251; x_wconf 86' lang='lat' dir='ltr'>palam</span> 
     </span>
     <span class='ocr_line' id='line_1_81' title="bbox 259 3257 1128 3303; baseline 0.001 -10"><span class='ocrx_word' id='word_1_578' title='bbox 259 3266 322 3294; x_wconf 80' lang='lat' dir='ltr'>‘Deo</span> <span class='ocrx_word' id='word_1_579' title='bbox 342 3262 565 3301; x_wconf 73' lang='lat' dir='ltr'>dedicaverint,</span> <span class='ocrx_word' id='word_1_580' title='bbox 584 3260 613 3302; x_wconf 87' lang='lat' dir='ltr'><em>fi</em></span> <span class='ocrx_word' id='word_1_581' title='bbox 623 3261 821 3303; x_wconf 81' lang='lat' dir='ltr'>profeffionem</span> <span class='ocrx_word' id='word_1_582' title='bbox 841 3260 939 3301; x_wconf 64' lang='lat' dir='ltr'>posted</span> <span class='ocrx_word' id='word_1_583' title='bbox 969 3257 1128 3301; x_wconf 62' lang='lat' dir='ltr'>rescindere</span> 
     </span>
     <span class='ocr_line' id='line_1_82' title="bbox 256 3307 1126 3356; baseline -0.002 -12"><span class='ocrx_word' id='word_1_584' title='bbox 256 3318 354 3344; x_wconf 77' lang='lat' dir='ltr'>conari</span> <span class='ocrx_word' id='word_1_585' title='bbox 356 3310 477 3352; x_wconf 79' lang='lat' dir='ltr'>fuerint</span> <span class='ocrx_word' id='word_1_586' title='bbox 490 3334 499 3349; x_wconf 88' lang='lat'><strong>,</strong></span> <span class='ocrx_word' id='word_1_587' title='bbox 526 3314 566 3342; x_wconf 83' lang='lat' dir='ltr'>iis</span> <span class='ocrx_word' id='word_1_588' title='bbox 578 3312 658 3343; x_wconf 86' lang='lat' dir='ltr'>nulla</span> <span class='ocrx_word' id='word_1_589' title='bbox 669 3313 712 3343; x_wconf 86' lang='lat' dir='ltr'>ad</span> <span class='ocrx_word' id='word_1_590' title='bbox 721 3312 936 3352; x_wconf 78' lang='lat' dir='ltr'>impudentiam</span> <span class='ocrx_word' id='word_1_591' title='bbox 951 3307 1038 3351; x_wconf 84' lang='lat' dir='ltr'>causa</span> <span class='ocrx_word' id='word_1_592' title='bbox 1063 3311 1126 3356; x_wconf 66' lang='lat' dir='ltr'>relt-</span> 
     </span>
     <span class='ocr_line' id='line_1_83' title="bbox 258 3359 1128 3405; baseline -0.001 -11"><span class='ocrx_word' id='word_1_593' title='bbox 258 3373 318 3403; x_wconf 85' lang='lat' dir='ltr'>qua</span> <span class='ocrx_word' id='word_1_594' title='bbox 332 3361 389 3400; x_wconf 71' lang='lat' dir='ltr'>fiet.</span> <span class='ocrx_word' id='word_1_595' title='bbox 418 3362 482 3402; x_wconf 75' lang='lat' dir='ltr'>,Qui</span> <span class='ocrx_word' id='word_1_596' title='bbox 493 3363 563 3393; x_wconf 82' lang='lat' dir='ltr'>vero</span> <span class='ocrx_word' id='word_1_597' title='bbox 576 3366 675 3393; x_wconf 81' lang='lat' dir='ltr'>vitam</span> <span class='ocrx_word' id='word_1_598' title='bbox 686 3372 748 3393; x_wconf 88' lang='lat' dir='ltr'>cum</span> <span class='ocrx_word' id='word_1_599' title='bbox 766 3365 954 3405; x_wconf 78' lang='lat' dir='ltr'>virginitatis</span> <span class='ocrx_word' id='word_1_600' title='bbox 962 3359 1128 3400; x_wconf 84' lang='lat' dir='ltr'>profeffione</span> 
     </span>
     <span class='ocr_line' id='line_1_84' title="bbox 256 3409 1128 3454; baseline 0.001 -13"><span class='ocrx_word' id='word_1_601' title='bbox 256 3409 402 3454; x_wconf 71' lang='lat' dir='ltr'>suftipere</span> <span class='ocrx_word' id='word_1_602' title='bbox 426 3410 497 3441; x_wconf 80' lang='lat' dir='ltr'>nolit</span> <span class='ocrx_word' id='word_1_603' title='bbox 511 3434 520 3448; x_wconf 92' lang='lat'>‚</span> <span class='ocrx_word' id='word_1_604' title='bbox 546 3415 571 3441; x_wconf 78' lang='lat' dir='ltr'>is</span> <span class='ocrx_word' id='word_1_605' title='bbox 594 3418 748 3452; x_wconf 85' lang='lat' dir='ltr'>tamquam</span> <span class='ocrx_word' id='word_1_606' title='bbox 772 3417 822 3452; x_wconf 78' lang='lat' dir='ltr'>qut</span> <span class='ocrx_word' id='word_1_607' title='bbox 843 3423 890 3446; x_wconf 83' lang='lat' dir='ltr'>res</span> <span class='ocrx_word' id='word_1_608' title='bbox 915 3412 972 3442; x_wconf 74' lang='lat' dir='ltr'>Dei</span> <span class='ocrx_word' id='word_1_609' title='bbox 992 3420 1128 3444; x_wconf 83' lang='lat' dir='ltr'>accurare</span> 
     </span>
    </p>

    <p class='ocr_par' dir='ltr' id='par_1_13' title="bbox 359 3455 998 3502">
     <span class='ocr_line' id='line_1_85' title="bbox 359 3455 998 3502; baseline 0.002 -10"><span class='ocrx_word' id='word_1_610' title='bbox 359 3459 464 3499; x_wconf 66' lang='lat' dir='ltr'>Christ.</span> <span class='ocrx_word' id='word_1_611' title='bbox 478 3464 555 3502; x_wconf 69' lang='lat' dir='ltr'>Lupi</span> <span class='ocrx_word' id='word_1_612' title='bbox 568 3464 652 3502; x_wconf 81' lang='lat' dir='ltr'>Oper.</span> <span class='ocrx_word' id='word_1_613' title='bbox 666 3462 743 3493; x_wconf 86' lang='lat' dir='ltr'>Tom.</span> <span class='ocrx_word' id='word_1_614' title='bbox 757 3464 808 3493; x_wconf 77' lang='lat' dir='ltr'>W.</span> <span class='ocrx_word' id='word_1_615' title='bbox 995 3455 998 3458; x_wconf 21' lang='grc' dir='ltr'><strong>Δ</strong></span> 
     </span>
    </p>
   </div>
   <div class='ocr_carea' id='block_1_9' title="bbox 1186 1011 2269 3406">
    <p class='ocr_par' dir='ltr' id='par_1_14' title="bbox 1209 1011 2092 1056">
     <span class='ocr_line' id='line_1_86' title="bbox 1209 1011 2092 1056; baseline 0.002 -11"><span class='ocrx_word' id='word_1_616' title='bbox 1209 1012 1399 1053; x_wconf 86' lang='lat' dir='ltr'>Monasterio‚</span> <span class='ocrx_word' id='word_1_617' title='bbox 1426 1011 1457 1054; x_wconf 86' lang='lat' dir='ltr'><em>fi</em></span> <span class='ocrx_word' id='word_1_618' title='bbox 1467 1011 1528 1055; x_wconf 84' lang='lat' dir='ltr'>ipse</span> <span class='ocrx_word' id='word_1_619' title='bbox 1537 1021 1613 1054; x_wconf 87' lang='lat' dir='ltr'>puer</span> <span class='ocrx_word' id='word_1_620' title='bbox 1624 1017 1730 1045; x_wconf 85' lang='lat' dir='ltr'>minori</span> <span class='ocrx_word' id='word_1_621' title='bbox 1751 1022 1841 1046; x_wconf 88' lang='lat' dir='ltr'>aetate</span> <span class='ocrx_word' id='word_1_622' title='bbox 1865 1013 1924 1054; x_wconf 82' lang='lat' dir='ltr'>est,</span> <span class='ocrx_word' id='word_1_623' title='bbox 1944 1023 2092 1056; x_wconf 80' lang='lat' dir='ltr'>parentes</span> 
     </span>
    </p>

    <p class='ocr_par' dir='ltr' id='par_1_15' title="bbox 1208 1062 2093 1156">
     <span class='ocr_line' id='line_1_87' title="bbox 1208 1062 2093 1106; baseline 0.003 -11"><span class='ocrx_word' id='word_1_624' title='bbox 1208 1065 1273 1102; x_wconf 84' lang='lat' dir='ltr'>ejus</span> <span class='ocrx_word' id='word_1_625' title='bbox 1278 1062 1403 1104; x_wconf 83' lang='lat' dir='ltr'>faciant</span> <span class='ocrx_word' id='word_1_626' title='bbox 1412 1068 1602 1103; x_wconf 76' lang='lat' dir='ltr'>petitionem.</span> <span class='ocrx_word' id='word_1_627' title='bbox 1625 1065 1670 1095; x_wconf 89' lang='lat' dir='ltr'>Et</span> <span class='ocrx_word' id='word_1_628' title='bbox 1682 1074 1746 1096; x_wconf 86' lang='lat' dir='ltr'>cum</span> <span class='ocrx_word' id='word_1_629' title='bbox 1757 1064 1902 1097; x_wconf 82' lang='lat' dir='ltr'>oblatione</span> <span class='ocrx_word' id='word_1_630' title='bbox 1923 1063 2021 1106; x_wconf 85' lang='lat' dir='ltr'>ipsam</span> <span class='ocrx_word' id='word_1_631' title='bbox 2041 1073 2093 1105; x_wconf 82' lang='lat' dir='ltr'>pe-</span> 
     </span>
     <span class='ocr_line' id='line_1_88' title="bbox 1208 1115 2092 1156; baseline 0.002 -10"><span class='ocrx_word' id='word_1_632' title='bbox 1208 1119 1365 1155; x_wconf 80' lang='lat' dir='ltr'>titionem,</span> <span class='ocrx_word' id='word_1_633' title='bbox 1392 1115 1426 1146; x_wconf 71' lang='lat'>(9⁶</span> <span class='ocrx_word' id='word_1_634' title='bbox 1438 1125 1559 1145; x_wconf 88' lang='lat' dir='ltr'>manum</span> <span class='ocrx_word' id='word_1_635' title='bbox 1565 1119 1652 1155; x_wconf 85' lang='lat' dir='ltr'>pueri</span> <span class='ocrx_word' id='word_1_636' title='bbox 1663 1115 1827 1146; x_wconf 77' lang='lat' dir='ltr'>involvant</span> <span class='ocrx_word' id='word_1_637' title='bbox 1848 1120 1882 1147; x_wconf 89' lang='lat' dir='ltr'>in</span> <span class='ocrx_word' id='word_1_638' title='bbox 1899 1116 1984 1156; x_wconf 84' lang='lat' dir='ltr'>palla</span> <span class='ocrx_word' id='word_1_639' title='bbox 2008 1116 2092 1148; x_wconf 84' lang='lat' dir='ltr'>Alta-</span> 
     </span>
    </p>

    <p class='ocr_par' dir='ltr' id='par_1_16' title="bbox 1209 1162 2248 1258">
     <span class='ocr_line' id='line_1_89' title="bbox 1209 1162 2248 1208; baseline 0.004 -14"><span class='ocrx_word' id='word_1_640' title='bbox 1209 1169 1252 1196; x_wconf 84' lang='lat' dir='ltr'>ris</span> <span class='ocrx_word' id='word_1_641' title='bbox 1266 1189 1275 1204; x_wconf 91' lang='lat'>‚</span> <span class='ocrx_word' id='word_1_642' title='bbox 1302 1163 1381 1204; x_wconf 74' lang='lat' dir='ltr'>&amp;fic</span> <span class='ocrx_word' id='word_1_643' title='bbox 1394 1175 1461 1195; x_wconf 84' lang='lat' dir='ltr'>eum</span> <span class='ocrx_word' id='word_1_644' title='bbox 1471 1162 1596 1202; x_wconf 82' lang='lat' dir='ltr'>offerant</span> <span class='ocrx_word' id='word_1_645' title='bbox 1609 1187 1616 1195; x_wconf 89' lang='lat'>.</span> <span class='ocrx_word' id='word_1_646' title='bbox 1655 1163 1832 1208; x_wconf 88' lang='lat' dir='ltr'>Subjungit</span> <span class='ocrx_word' id='word_1_647' title='bbox 1855 1164 2026 1206; x_wconf 64' lang='lat' dir='ltr'>specstantis</span> <span class='ocrx_word' id='word_1_648' title='bbox 2048 1165 2090 1199; x_wconf 90' lang='lat' dir='ltr'>ad</span> <span class='ocrx_word' id='word_1_649' title='bbox 2109 1169 2188 1207; x_wconf 72' lang='lat' dir='ltr'>Cap.</span> <span class='ocrx_word' id='word_1_650' title='bbox 2199 1165 2248 1204; x_wconf 70' lang='lat'>991</span> 
     </span>
     <span class='ocr_line' id='line_1_90' title="bbox 1210 1212 2094 1258; baseline -0.002 -10"><span class='ocrx_word' id='word_1_651' title='bbox 1210 1223 1342 1256; x_wconf 86' lang='lat' dir='ltr'>puerum</span> <span class='ocrx_word' id='word_1_652' title='bbox 1355 1212 1536 1247; x_wconf 82' lang='lat' dir='ltr'>substantiae</span> <span class='ocrx_word' id='word_1_653' title='bbox 1547 1213 1754 1247; x_wconf 84' lang='lat' dir='ltr'>oblationem</span> <span class='ocrx_word' id='word_1_654' title='bbox 1770 1238 1780 1253; x_wconf 91' lang='lat'>‚</span> <span class='ocrx_word' id='word_1_655' title='bbox 1806 1224 1906 1257; x_wconf 89' lang='lat' dir='ltr'>atque</span> <span class='ocrx_word' id='word_1_656' title='bbox 1930 1216 2094 1258; x_wconf 83' lang='lat' dir='ltr'>prosequi-</span> 
     </span>
    </p>

    <p class='ocr_par' dir='ltr' id='par_1_17' title="bbox 1208 1263 2090 1307">
     <span class='ocr_line' id='line_1_91' title="bbox 1208 1263 2090 1307; baseline 0.002 -12"><span class='ocrx_word' id='word_1_657' title='bbox 1208 1273 1278 1296; x_wconf 84' lang='lat' dir='ltr'>tur:</span> <span class='ocrx_word' id='word_1_658' title='bbox 1309 1265 1450 1296; x_wconf 80' lang='lat' dir='ltr'>Similiter</span> <span class='ocrx_word' id='word_1_659' title='bbox 1463 1264 1695 1305; x_wconf 69' lang='lat' dir='ltr'>&amp;pauperiores</span> <span class='ocrx_word' id='word_1_660' title='bbox 1704 1263 1824 1305; x_wconf 81' lang='lat' dir='ltr'>saciant</span> <span class='ocrx_word' id='word_1_661' title='bbox 1837 1289 1844 1295; x_wconf 94' lang='lat'>.</span> <span class='ocrx_word' id='word_1_662' title='bbox 1874 1267 1941 1307; x_wconf 74' lang='lat' dir='ltr'>,Qui</span> <span class='ocrx_word' id='word_1_663' title='bbox 1955 1268 2027 1298; x_wconf 75' lang='lat' dir='ltr'>vero</span> <span class='ocrx_word' id='word_1_664' title='bbox 2051 1277 2090 1298; x_wconf 83' lang='lat' dir='ltr'>ex</span> 
     </span>
    </p>

    <p class='ocr_par' dir='ltr' id='par_1_18' title="bbox 1209 1312 2091 1356">
     <span class='ocr_line' id='line_1_92' title="bbox 1209 1312 2091 1356; baseline 0.003 -11"><span class='ocrx_word' id='word_1_665' title='bbox 1209 1323 1266 1346; x_wconf 84' lang='lat' dir='ltr'>toto</span> <span class='ocrx_word' id='word_1_666' title='bbox 1277 1312 1353 1346; x_wconf 78' lang='lat' dir='ltr'>nihil</span> <span class='ocrx_word' id='word_1_667' title='bbox 1368 1312 1498 1353; x_wconf 83' lang='lat' dir='ltr'>habent,</span> <span class='ocrx_word' id='word_1_668' title='bbox 1520 1312 1689 1355; x_wconf 80' lang='lat' dir='ltr'>simpliciter</span> <span class='ocrx_word' id='word_1_669' title='bbox 1696 1320 1870 1356; x_wconf 85' lang='lat' dir='ltr'>petitionem</span> <span class='ocrx_word' id='word_1_670' title='bbox 1884 1314 2029 1356; x_wconf 84' lang='lat' dir='ltr'>faciant,</span> <span class='ocrx_word' id='word_1_671' title='bbox 2056 1316 2091 1348; x_wconf 61' lang='lat'>(5</span> 
     </span>
    </p>

    <p class='ocr_par' dir='ltr' id='par_1_19' title="bbox 1207 1362 2090 1407">
     <span class='ocr_line' id='line_1_93' title="bbox 1207 1362 2090 1407; baseline 0.002 -12"><span class='ocrx_word' id='word_1_672' title='bbox 1207 1374 1271 1396; x_wconf 88' lang='lat' dir='ltr'>cum</span> <span class='ocrx_word' id='word_1_673' title='bbox 1292 1362 1434 1396; x_wconf 83' lang='lat' dir='ltr'>oblatione</span> <span class='ocrx_word' id='word_1_674' title='bbox 1454 1363 1576 1404; x_wconf 81' lang='lat' dir='ltr'>offerant</span> <span class='ocrx_word' id='word_1_675' title='bbox 1590 1364 1688 1406; x_wconf 85' lang='lat' dir='ltr'>filium</span> <span class='ocrx_word' id='word_1_676' title='bbox 1707 1362 1794 1407; x_wconf 89' lang='lat' dir='ltr'>suum</span> <span class='ocrx_word' id='word_1_677' title='bbox 1816 1375 1912 1398; x_wconf 87' lang='lat' dir='ltr'>coram</span> <span class='ocrx_word' id='word_1_678' title='bbox 1947 1364 2067 1405; x_wconf 83' lang='lat' dir='ltr'>testibus</span> <span class='ocrx_word' id='word_1_679' title='bbox 2081 1390 2090 1397; x_wconf 93' lang='lat'><em>.</em></span> 
     </span>
    </p>

    <p class='ocr_par' dir='ltr' id='par_1_20' title="bbox 1209 1407 2091 1460">
     <span class='ocr_line' id='line_1_94' title="bbox 1209 1407 2091 1460; baseline 0.005 -15"><span class='ocrx_word' id='word_1_680' title='bbox 1209 1407 1291 1460; x_wconf 60' lang='lat' dir='ltr'>Qai</span> <span class='ocrx_word' id='word_1_681' title='bbox 1302 1413 1408 1447; x_wconf 86' lang='lat' dir='ltr'>Patris</span> <span class='ocrx_word' id='word_1_682' title='bbox 1422 1412 1549 1446; x_wconf 87' lang='lat' dir='ltr'>oblatio</span> <span class='ocrx_word' id='word_1_683' title='bbox 1560 1414 1700 1449; x_wconf 68' lang='lat' dir='ltr'>omnino*</span> <span class='ocrx_word' id='word_1_684' title='bbox 1712 1415 1773 1447; x_wconf 90' lang='lat' dir='ltr'>fuit</span> <span class='ocrx_word' id='word_1_685' title='bbox 1787 1414 1846 1447; x_wconf 89' lang='lat' dir='ltr'>filii</span> <span class='ocrx_word' id='word_1_686' title='bbox 1860 1414 2010 1458; x_wconf 85' lang='lat' dir='ltr'>profeffio</span> <span class='ocrx_word' id='word_1_687' title='bbox 2023 1439 2033 1454; x_wconf 90' lang='lat'>,</span> <span class='ocrx_word' id='word_1_688' title='bbox 2055 1415 2091 1449; x_wconf 86' lang='lat'>&amp;</span> 
     </span>
    </p>

    <p class='ocr_par' dir='ltr' id='par_1_21' title="bbox 1207 1461 2095 1555">
     <span class='ocr_line' id='line_1_95' title="bbox 1207 1461 2092 1505; baseline 0.005 -11"><span class='ocrx_word' id='word_1_689' title='bbox 1207 1463 1310 1504; x_wconf 87' lang='lat' dir='ltr'>ipsum</span> <span class='ocrx_word' id='word_1_690' title='bbox 1325 1461 1481 1505; x_wconf 77' lang='lat' dir='ltr'>perpetuo</span> <span class='ocrx_word' id='word_1_691' title='bbox 1494 1462 1629 1496; x_wconf 79' lang='lat' dir='ltr'>Divinae.</span> <span class='ocrx_word' id='word_1_692' title='bbox 1642 1463 1805 1505; x_wconf 84' lang='lat' dir='ltr'>Majestati</span> <span class='ocrx_word' id='word_1_693' title='bbox 1819 1475 1857 1496; x_wconf 87' lang='lat' dir='ltr'>ac</span> <span class='ocrx_word' id='word_1_694' title='bbox 1885 1464 2092 1498; x_wconf 85' lang='lat' dir='ltr'>Monasserio</span> 
     </span>
     <span class='ocr_line' id='line_1_96' title="bbox 1207 1511 2095 1555; baseline 0.002 -10"><span class='ocrx_word' id='word_1_695' title='bbox 1207 1511 1387 1555; x_wconf 80' lang='lat' dir='ltr'>obligavit.</span> <span class='ocrx_word' id='word_1_696' title='bbox 1418 1511 1521 1544; x_wconf 88' lang='lat' dir='ltr'>Lucet</span> <span class='ocrx_word' id='word_1_697' title='bbox 1534 1523 1574 1544; x_wconf 87' lang='lat' dir='ltr'>ex</span> <span class='ocrx_word' id='word_1_698' title='bbox 1595 1511 1764 1546; x_wconf 87' lang='lat' dir='ltr'>oblatione</span> <span class='ocrx_word' id='word_1_699' title='bbox 1787 1513 1974 1547; x_wconf 60' lang='lat' dir='ltr'>Sanctorum</span> <span class='ocrx_word' id='word_1_700' title='bbox 1997 1515 2095 1547; x_wconf 81' lang='lat' dir='ltr'>Mau·</span> 
     </span>
    </p>

    <p class='ocr_par' dir='ltr' id='par_1_22' title="bbox 1206 1560 2092 1707">
     <span class='ocr_line' id='line_1_97' title="bbox 1207 1560 2092 1606; baseline 0.005 -13"><span class='ocrx_word' id='word_1_701' title='bbox 1207 1562 1231 1593; x_wconf 85' lang='lat' dir='ltr'>ri</span> <span class='ocrx_word' id='word_1_702' title='bbox 1251 1560 1445 1600; x_wconf 79' lang='lat' dir='ltr'>&amp;Placidi‚</span> <span class='ocrx_word' id='word_1_703' title='bbox 1473 1572 1510 1594; x_wconf 89' lang='lat' dir='ltr'>ac</span> <span class='ocrx_word' id='word_1_704' title='bbox 1532 1561 1672 1603; x_wconf 87' lang='lat' dir='ltr'>plurium</span> <span class='ocrx_word' id='word_1_705' title='bbox 1695 1562 1858 1596; x_wconf 85' lang='lat' dir='ltr'>aliorum.</span> <span class='ocrx_word' id='word_1_706' title='bbox 1885 1562 1929 1596; x_wconf 90' lang='lat' dir='ltr'>Et</span> <span class='ocrx_word' id='word_1_707' title='bbox 1954 1574 2092 1606; x_wconf 83' lang='lat' dir='ltr'>puerum</span> 
     </span>
     <span class='ocr_line' id='line_1_98' title="bbox 1209 1610 2092 1657; baseline 0.005 -14"><span class='ocrx_word' id='word_1_708' title='bbox 1209 1610 1417 1654; x_wconf 82' lang='lat' dir='ltr'>Gregoriano</span> <span class='ocrx_word' id='word_1_709' title='bbox 1430 1611 1469 1644; x_wconf 88' lang='lat' dir='ltr'>ad</span> <span class='ocrx_word' id='word_1_710' title='bbox 1494 1612 1604 1645; x_wconf 84' lang='lat' dir='ltr'>Scauri</span> <span class='ocrx_word' id='word_1_711' title='bbox 1628 1611 1752 1646; x_wconf 88' lang='lat' dir='ltr'>clivum</span> <span class='ocrx_word' id='word_1_712' title='bbox 1772 1612 1979 1647; x_wconf 82' lang='lat' dir='ltr'>Monasterio</span> <span class='ocrx_word' id='word_1_713' title='bbox 2001 1613 2018 1646; x_wconf 75' lang='grc' dir='ltr'>ὲ</span> <span class='ocrx_word' id='word_1_714' title='bbox 2039 1625 2092 1657; x_wconf 84' lang='lat' dir='ltr'>pa-</span> 
     </span>
     <span class='ocr_line' id='line_1_99' title="bbox 1206 1660 2092 1707; baseline 0.003 -12"><span class='ocrx_word' id='word_1_715' title='bbox 1206 1660 1354 1695; x_wconf 81' lang='lat' dir='ltr'>rentibus</span> <span class='ocrx_word' id='word_1_716' title='bbox 1384 1660 1555 1701; x_wconf 82' lang='lat' dir='ltr'>oblatum,</span> <span class='ocrx_word' id='word_1_717' title='bbox 1581 1662 1674 1703; x_wconf 91' lang='lat' dir='ltr'>quod</span> <span class='ocrx_word' id='word_1_718' title='bbox 1697 1662 1883 1697; x_wconf 84' lang='lat' dir='ltr'>adolescens</span> <span class='ocrx_word' id='word_1_719' title='bbox 1916 1663 2092 1707; x_wconf 86' lang='lat' dir='ltr'>apostatas-</span> 
     </span>
    </p>

    <p class='ocr_par' dir='ltr' id='par_1_23' title="bbox 1205 1709 2090 1798">
     <span class='ocr_line' id='line_1_100' title="bbox 1206 1709 2089 1756; baseline 0.006 -13"><span class='ocrx_word' id='word_1_720' title='bbox 1206 1711 1273 1750; x_wconf 87' lang='lat' dir='ltr'>set,</span> <span class='ocrx_word' id='word_1_721' title='bbox 1300 1709 1393 1744; x_wconf 80' lang='lat' dir='ltr'>fuisse</span> <span class='ocrx_word' id='word_1_722' title='bbox 1407 1710 1423 1742; x_wconf 76' lang='grc' dir='ltr'>ὲ</span> <span class='ocrx_word' id='word_1_723' title='bbox 1435 1709 1704 1754; x_wconf 70' lang='lat' dir='ltr'>Deo’graviffime</span> <span class='ocrx_word' id='word_1_724' title='bbox 1716 1714 1897 1756; x_wconf 73' lang='lat' dir='ltr'>percussum</span> <span class='ocrx_word' id='word_1_725' title='bbox 1918 1714 2028 1748; x_wconf 85' lang='lat' dir='ltr'>scribit</span> <span class='ocrx_word' id='word_1_726' title='bbox 2055 1714 2089 1747; x_wconf 90' lang='lat' dir='ltr'>in</span> 
     </span>
     <span class='ocr_line' id='line_1_101' title="bbox 1205 1759 2090 1798; baseline 0.007 -6"><span class='ocrx_word' id='word_1_727' title='bbox 1205 1759 1321 1793; x_wconf 82' lang='lat' dir='ltr'>litteris</span> <span class='ocrx_word' id='word_1_728' title='bbox 1343 1760 1384 1794; x_wconf 89' lang='lat' dir='ltr'>ad</span> <span class='ocrx_word' id='word_1_729' title='bbox 1400 1760 1579 1794; x_wconf 89' lang='lat' dir='ltr'>Nicolaum</span> <span class='ocrx_word' id='word_1_730' title='bbox 1592 1762 1772 1796; x_wconf 85' lang='lat' dir='ltr'>secundum</span> <span class='ocrx_word' id='word_1_731' title='bbox 1790 1763 1990 1798; x_wconf 89' lang='lat' dir='ltr'>Pontificem</span> <span class='ocrx_word' id='word_1_732' title='bbox 2012 1765 2090 1798; x_wconf 76' lang='lat' dir='ltr'>San·</span> 
     </span>
    </p>

    <p class='ocr_par' dir='ltr' id='par_1_24' title="bbox 1198 1810 2269 2006">
     <span class='ocr_line' id='line_1_102' title="bbox 1205 1810 2269 1864; baseline 0.006 -21"><span class='ocrx_word' id='word_1_733' title='bbox 1205 1812 1272 1843; x_wconf 61' lang='lat' dir='ltr'>stus</span> <span class='ocrx_word' id='word_1_734' title='bbox 1290 1810 1406 1844; x_wconf 84' lang='lat' dir='ltr'>Petrus</span> <span class='ocrx_word' id='word_1_735' title='bbox 1429 1811 1591 1846; x_wconf 80' lang='lat' dir='ltr'>Damiani</span> <span class='ocrx_word' id='word_1_736' title='bbox 1605 1836 1612 1844; x_wconf 92' lang='lat'><strong>.</strong></span> <span class='ocrx_word' id='word_1_737' title='bbox 1652 1812 1808 1846; x_wconf 88' lang='lat' dir='ltr'>Eundem</span> <span class='ocrx_word' id='word_1_738' title='bbox 1832 1814 1960 1848; x_wconf 87' lang='lat' dir='ltr'>sensum</span> <span class='ocrx_word' id='word_1_739' title='bbox 1980 1813 2090 1848; x_wconf 69' lang='lat' dir='ltr'>lucide</span> <span class='ocrx_word' id='word_1_740' title='bbox 2109 1825 2269 1864; x_wconf 72' lang='lat' dir='ltr'>L.1,Ep,92</span> 
     </span>
     <span class='ocr_line' id='line_1_103' title="bbox 1204 1858 2087 1906; baseline 0.005 -12"><span class='ocrx_word' id='word_1_741' title='bbox 1204 1858 1444 1905; x_wconf 81' lang='lat' dir='ltr'>habuitquarta</span> <span class='ocrx_word' id='word_1_742' title='bbox 1456 1861 1624 1896; x_wconf 85' lang='lat' dir='ltr'>Toletana</span> <span class='ocrx_word' id='word_1_743' title='bbox 1635 1862 1804 1906; x_wconf 88' lang='lat' dir='ltr'>Synodus:</span> <span class='ocrx_word' id='word_1_744' title='bbox 1833 1864 2013 1898; x_wconf 85' lang='lat' dir='ltr'>Monachum</span> <span class='ocrx_word' id='word_1_745' title='bbox 2034 1873 2087 1898; x_wconf 78' lang='lat' dir='ltr'>aue</span> 
     </span>
     <span class='ocr_line' id='line_1_104' title="bbox 1198 1913 2087 1956; baseline 0.006 -13"><span class='ocrx_word' id='word_1_746' title='bbox 1198 1919 1332 1951; x_wconf 81' lang='lat' dir='ltr'>paterna</span> <span class='ocrx_word' id='word_1_747' title='bbox 1369 1913 1488 1944; x_wconf 82' lang='lat' dir='ltr'>devotio</span> <span class='ocrx_word' id='word_1_748' title='bbox 1513 1936 1525 1952; x_wconf 84' lang='lat'>‚</span> <span class='ocrx_word' id='word_1_749' title='bbox 1574 1922 1626 1946; x_wconf 87' lang='lat' dir='ltr'>aut</span> <span class='ocrx_word' id='word_1_750' title='bbox 1658 1919 1784 1954; x_wconf 84' lang='lat' dir='ltr'>propria</span> <span class='ocrx_word' id='word_1_751' title='bbox 1826 1915 1958 1956; x_wconf 72' lang='lat' dir='ltr'>profeffio</span> <span class='ocrx_word' id='word_1_752' title='bbox 1985 1914 2087 1956; x_wconf 87' lang='lat' dir='ltr'>facit.</span> 
     </span>
     <span class='ocr_line' id='line_1_105' title="bbox 1203 1960 2087 2006; baseline 0.006 -13"><span class='ocrx_word' id='word_1_753' title='bbox 1203 1961 1367 2003; x_wconf 72' lang='lat' dir='ltr'>,Quidquid</span> <span class='ocrx_word' id='word_1_754' title='bbox 1389 1960 1493 1994; x_wconf 85' lang='lat' dir='ltr'>horum</span> <span class='ocrx_word' id='word_1_755' title='bbox 1513 1960 1630 2003; x_wconf 77' lang='lat' dir='ltr'>fuerit,</span> <span class='ocrx_word' id='word_1_756' title='bbox 1651 1963 1808 2006; x_wconf 82' lang='lat' dir='ltr'>alligatum</span> <span class='ocrx_word' id='word_1_757' title='bbox 1845 1965 1975 1998; x_wconf 77' lang='lat' dir='ltr'>tenebit.</span> <span class='ocrx_word' id='word_1_758' title='bbox 2015 1968 2087 1998; x_wconf 86' lang='lat' dir='ltr'>Pro-</span> 
     </span>
    </p>

    <p class='ocr_par' dir='ltr' id='par_1_25' title="bbox 1201 2010 2243 2108">
     <span class='ocr_line' id='line_1_106' title="bbox 1201 2010 2243 2055; baseline 0.003 -12"><span class='ocrx_word' id='word_1_759' title='bbox 1201 2012 1269 2043; x_wconf 84' lang='lat' dir='ltr'>inde</span> <span class='ocrx_word' id='word_1_760' title='bbox 1293 2010 1342 2044; x_wconf 86' lang='lat' dir='ltr'>his</span> <span class='ocrx_word' id='word_1_761' title='bbox 1370 2012 1415 2044; x_wconf 88' lang='lat' dir='ltr'>ad</span> <span class='ocrx_word' id='word_1_762' title='bbox 1437 2012 1581 2045; x_wconf 88' lang='lat' dir='ltr'>mundum</span> <span class='ocrx_word' id='word_1_763' title='bbox 1606 2019 1720 2046; x_wconf 79' lang='lat' dir='ltr'>reverti</span> <span class='ocrx_word' id='word_1_764' title='bbox 1755 2015 1978 2047; x_wconf 79' lang='lat' dir='ltr'>intercludimus</span> <span class='ocrx_word' id='word_1_765' title='bbox 2002 2039 2013 2055; x_wconf 94' lang='lat'>,</span> <span class='ocrx_word' id='word_1_766' title='bbox 2050 2017 2086 2049; x_wconf 61' lang='grc' dir='ltr'>(δ’</span> <span class='ocrx_word' id='word_1_767' title='bbox 2106 2017 2178 2047; x_wconf 81' lang='lat' dir='ltr'>Can.</span> <span class='ocrx_word' id='word_1_768' title='bbox 2193 2021 2243 2054; x_wconf 70' lang='lat'>49;</span> 
     </span>
     <span class='ocr_line' id='line_1_107' title="bbox 1201 2059 2085 2108; baseline 0.006 -15"><span class='ocrx_word' id='word_1_769' title='bbox 1201 2072 1314 2093; x_wconf 82' lang='lat' dir='ltr'>omnem</span> <span class='ocrx_word' id='word_1_770' title='bbox 1335 2062 1381 2093; x_wconf 87' lang='lat' dir='ltr'>ad</span> <span class='ocrx_word' id='word_1_771' title='bbox 1394 2059 1534 2104; x_wconf 82' lang='lat' dir='ltr'>saeculum</span> <span class='ocrx_word' id='word_1_772' title='bbox 1558 2063 1761 2097; x_wconf 79' lang='lat' dir='ltr'>interdicimus</span> <span class='ocrx_word' id='word_1_773' title='bbox 1783 2065 1936 2108; x_wconf 80' lang='lat' dir='ltr'>regressum</span> <span class='ocrx_word' id='word_1_774' title='bbox 1959 2090 1965 2097; x_wconf 94' lang='lat'>.</span> <span class='ocrx_word' id='word_1_775' title='bbox 2004 2065 2085 2098; x_wconf 89' lang='lat' dir='ltr'>Hoc</span> 
     </span>
    </p>

    <p class='ocr_par' dir='ltr' id='par_1_26' title="bbox 1202 2110 2084 2158">
     <span class='ocr_line' id='line_1_108' title="bbox 1202 2110 2084 2158; baseline 0.007 -14"><span class='ocrx_word' id='word_1_776' title='bbox 1202 2111 1306 2153; x_wconf 84' lang='lat' dir='ltr'>ipsum</span> <span class='ocrx_word' id='word_1_777' title='bbox 1319 2110 1359 2146; x_wconf 88' lang='lat' dir='ltr'>de</span> <span class='ocrx_word' id='word_1_778' title='bbox 1373 2111 1509 2155; x_wconf 83' lang='lat' dir='ltr'>publicae</span> <span class='ocrx_word' id='word_1_779' title='bbox 1529 2114 1726 2155; x_wconf 76' lang='lat' dir='ltr'>poenitentia:</span> <span class='ocrx_word' id='word_1_780' title='bbox 1748 2115 2000 2158; x_wconf 81' lang='lat' dir='ltr'>affumptoribus</span> <span class='ocrx_word' id='word_1_781' title='bbox 2023 2115 2084 2150; x_wconf 86' lang='lat' dir='ltr'>sta·</span> 
     </span>
    </p>

    <p class='ocr_par' dir='ltr' id='par_1_27' title="bbox 1201 2161 2081 2210">
     <span class='ocr_line' id='line_1_109' title="bbox 1201 2161 2081 2210; baseline 0.007 -17"><span class='ocrx_word' id='word_1_782' title='bbox 1201 2162 1266 2194; x_wconf 90' lang='lat' dir='ltr'>tuit</span> <span class='ocrx_word' id='word_1_783' title='bbox 1279 2161 1362 2195; x_wconf 88' lang='lat' dir='ltr'>alius</span> <span class='ocrx_word' id='word_1_784' title='bbox 1374 2162 1519 2204; x_wconf 81' lang='lat' dir='ltr'>ejusdem</span> <span class='ocrx_word' id='word_1_785' title='bbox 1533 2163 1660 2206; x_wconf 83' lang='lat' dir='ltr'>Synodi</span> <span class='ocrx_word' id='word_1_786' title='bbox 1683 2163 1803 2198; x_wconf 83' lang='lat' dir='ltr'>Canon</span> <span class='ocrx_word' id='word_1_787' title='bbox 1817 2189 1829 2203; x_wconf 92' lang='lat'>‚</span> <span class='ocrx_word' id='word_1_788' title='bbox 1854 2166 1888 2199; x_wconf 88' lang='lat'>&amp;</span> <span class='ocrx_word' id='word_1_789' title='bbox 1908 2164 2081 2210; x_wconf 84' lang='lat' dir='ltr'>adjungit:</span> 
     </span>
    </p>

    <p class='ocr_par' dir='ltr' id='par_1_28' title="bbox 1198 2211 2237 2360">
     <span class='ocr_line' id='line_1_110' title="bbox 1199 2211 2237 2261; baseline 0.005 -18"><span class='ocrx_word' id='word_1_790' title='bbox 1199 2216 1271 2244; x_wconf 86' lang='lat' dir='ltr'>Non</span> <span class='ocrx_word' id='word_1_791' title='bbox 1285 2214 1416 2246; x_wconf 65' lang='lat' dir='ltr'>aliter&amp;¹</span> <span class='ocrx_word' id='word_1_792' title='bbox 1429 2211 1460 2244; x_wconf 86' lang='lat' dir='ltr'>bi</span> <span class='ocrx_word' id='word_1_793' title='bbox 1475 2237 1485 2252; x_wconf 92' lang='lat'>‚</span> <span class='ocrx_word' id='word_1_794' title='bbox 1511 2219 1562 2255; x_wconf 86' lang='lat' dir='ltr'>qui</span> <span class='ocrx_word' id='word_1_795' title='bbox 1579 2213 1690 2256; x_wconf 77' lang='lat' dir='ltr'>detonfi</span> <span class='ocrx_word' id='word_1_796' title='bbox 1707 2217 1726 2247; x_wconf 79' lang='grc' dir='ltr'><em>ᾶ</em></span> <span class='ocrx_word' id='word_1_797' title='bbox 1746 2215 1926 2261; x_wconf 75' lang='lat' dir='ltr'>parentibus</span> <span class='ocrx_word' id='word_1_798' title='bbox 1941 2215 2080 2257; x_wconf 86' lang='lat' dir='ltr'>fuerint,</span> <span class='ocrx_word' id='word_1_799' title='bbox 2098 2212 2172 2251; x_wconf 60' lang='lat' dir='ltr'>Cap·</span> <span class='ocrx_word' id='word_1_800' title='bbox 2191 2221 2237 2249; x_wconf 84' lang='lat'>55·</span> 
     </span>
     <span class='ocr_line' id='line_1_111' title="bbox 1199 2261 2081 2308; baseline 0.005 -13"><span class='ocrx_word' id='word_1_801' title='bbox 1199 2263 1233 2295; x_wconf 61' lang='grc' dir='ltr'>(θ’</span> <span class='ocrx_word' id='word_1_802' title='bbox 1243 2261 1343 2303; x_wconf 71' lang='lat' dir='ltr'>postea</span> <span class='ocrx_word' id='word_1_803' title='bbox 1369 2262 1505 2296; x_wconf 83' lang='lat' dir='ltr'>habitum</span> <span class='ocrx_word' id='word_1_804' title='bbox 1522 2262 1697 2306; x_wconf 79' lang='lat' dir='ltr'>saecularem</span> <span class='ocrx_word' id='word_1_805' title='bbox 1711 2263 1924 2308; x_wconf 86' lang='lat' dir='ltr'>sumpserunt,</span> <span class='ocrx_word' id='word_1_806' title='bbox 1949 2266 2040 2299; x_wconf 83' lang='lat' dir='ltr'>iidem</span> <span class='ocrx_word' id='word_1_807' title='bbox 2060 2267 2081 2298; x_wconf 74' lang='grc' dir='ltr'><em>ἃ</em></span> 
     </span>
     <span class='ocr_line' id='line_1_112' title="bbox 1198 2313 2080 2360; baseline 0.006 -16"><span class='ocrx_word' id='word_1_808' title='bbox 1198 2313 1351 2345; x_wconf 78' lang='lat' dir='ltr'>sacerdote</span> <span class='ocrx_word' id='word_1_809' title='bbox 1364 2313 1562 2356; x_wconf 78' lang='lat' dir='ltr'>comprehensi</span> <span class='ocrx_word' id='word_1_810' title='bbox 1569 2319 1592 2353; x_wconf 84' lang='lat'>‚’</span> <span class='ocrx_word' id='word_1_811' title='bbox 1605 2317 1649 2347; x_wconf 86' lang='lat' dir='ltr'>ad</span> <span class='ocrx_word' id='word_1_812' title='bbox 1666 2316 1774 2348; x_wconf 84' lang='lat' dir='ltr'>cultum</span> <span class='ocrx_word' id='word_1_813' title='bbox 1798 2317 1949 2360; x_wconf 79' lang='lat' dir='ltr'>religionis</span> <span class='ocrx_word' id='word_1_814' title='bbox 1963 2341 1974 2357; x_wconf 92' lang='lat'>‚</span> <span class='ocrx_word' id='word_1_815' title='bbox 2011 2316 2080 2349; x_wconf 70' lang='lat' dir='ltr'>aeia</span> 
     </span>
    </p>

    <p class='ocr_par' dir='ltr' id='par_1_29' title="bbox 1195 2359 2080 2405">
     <span class='ocr_line' id='line_1_113' title="bbox 1195 2359 2080 2405; baseline 0.008 -12"><span class='ocrx_word' id='word_1_816' title='bbox 1195 2363 1281 2403; x_wconf 77' lang='lat' dir='ltr'>prius</span> <span class='ocrx_word' id='word_1_817' title='bbox 1298 2368 1500 2405; x_wconf 80' lang='lat' dir='ltr'>poenitentia‚</span> <span class='ocrx_word' id='word_1_818' title='bbox 1538 2359 1727 2399; x_wconf 76' lang='lat' dir='ltr'>revocentur.</span> <span class='ocrx_word' id='word_1_819' title='bbox 1774 2366 1981 2401; x_wconf 69' lang='lat' dir='ltr'>Trastandos</span> <span class='ocrx_word' id='word_1_820' title='bbox 2005 2366 2080 2400; x_wconf 89' lang='lat' dir='ltr'>illos</span> 
     </span>
    </p>

    <p class='ocr_par' dir='ltr' id='par_1_30' title="bbox 1197 2410 2222 2561">
     <span class='ocr_line' id='line_1_114' title="bbox 1198 2410 2222 2457; baseline 0.008 -12"><span class='ocrx_word' id='word_1_821' title='bbox 1198 2413 1300 2446; x_wconf 85' lang='lat' dir='ltr'>sancit</span> <span class='ocrx_word' id='word_1_822' title='bbox 1317 2413 1365 2447; x_wconf 90' lang='lat' dir='ltr'>uti</span> <span class='ocrx_word' id='word_1_823' title='bbox 1386 2412 1581 2457; x_wconf 84' lang='lat' dir='ltr'>Apostatas.</span> <span class='ocrx_word' id='word_1_824' title='bbox 1608 2415 1727 2450; x_wconf 88' lang='lat' dir='ltr'>Ethoc</span> <span class='ocrx_word' id='word_1_825' title='bbox 1747 2416 1895 2451; x_wconf 83' lang='lat' dir='ltr'>extendit</span> <span class='ocrx_word' id='word_1_826' title='bbox 1915 2418 2013 2451; x_wconf 84' lang='lat' dir='ltr'>etiam</span> <span class='ocrx_word' id='word_1_827' title='bbox 2036 2416 2079 2452; x_wconf 87' lang='lat' dir='ltr'>ad</span> <span class='ocrx_word' id='word_1_828' title='bbox 2100 2410 2174 2440; x_wconf 67' lang='lat'>0²¹¹·</span> <span class='ocrx_word' id='word_1_829' title='bbox 2195 2412 2222 2439; x_wconf 89' lang='lat'>6.</span> 
     </span>
     <span class='ocr_line' id='line_1_115' title="bbox 1199 2462 2077 2507; baseline 0.007 -13"><span class='ocrx_word' id='word_1_830' title='bbox 1199 2462 1366 2497; x_wconf 84' lang='lat' dir='ltr'>foeminas.</span> <span class='ocrx_word' id='word_1_831' title='bbox 1395 2463 1439 2497; x_wconf 85' lang='lat' dir='ltr'>Et</span> <span class='ocrx_word' id='word_1_832' title='bbox 1450 2465 1537 2498; x_wconf 85' lang='lat' dir='ltr'>sexta</span> <span class='ocrx_word' id='word_1_833' title='bbox 1552 2465 1705 2507; x_wconf 86' lang='lat' dir='ltr'>Synodus</span> <span class='ocrx_word' id='word_1_834' title='bbox 1716 2466 1842 2501; x_wconf 86' lang='lat' dir='ltr'>videtur</span> <span class='ocrx_word' id='word_1_835' title='bbox 1863 2468 2077 2501; x_wconf 82' lang='lat' dir='ltr'>confirmare.</span> 
     </span>
     <span class='ocr_line' id='line_1_116' title="bbox 1197 2511 2080 2561; baseline 0.008 -16"><span class='ocrx_word' id='word_1_836' title='bbox 1197 2511 1371 2561; x_wconf 84' lang='lat' dir='ltr'>Qidquid</span> <span class='ocrx_word' id='word_1_837' title='bbox 1383 2514 1440 2554; x_wconf 83' lang='lat' dir='ltr'>sit,</span> <span class='ocrx_word' id='word_1_838' title='bbox 1467 2514 1612 2548; x_wconf 84' lang='lat' dir='ltr'>adversus</span> <span class='ocrx_word' id='word_1_839' title='bbox 1625 2517 1822 2559; x_wconf 78' lang='lat' dir='ltr'>grassantem</span> <span class='ocrx_word' id='word_1_840' title='bbox 1849 2516 2080 2560; x_wconf 69' lang='lat' dir='ltr'>praevaricatio-</span> 
     </span>
    </p>

    <p class='ocr_par' dir='ltr' id='par_1_31' title="bbox 1193 2562 2078 2610">
     <span class='ocr_line' id='line_1_117' title="bbox 1193 2562 2078 2610; baseline 0.005 -14"><span class='ocrx_word' id='word_1_841' title='bbox 1193 2574 1268 2596; x_wconf 86' lang='lat' dir='ltr'>nem</span> <span class='ocrx_word' id='word_1_842' title='bbox 1283 2562 1391 2597; x_wconf 72' lang='lat' dir='ltr'>lucide</span> <span class='ocrx_word' id='word_1_843' title='bbox 1403 2564 1514 2597; x_wconf 77' lang='lat' dir='ltr'>statuit</span> <span class='ocrx_word' id='word_1_844' title='bbox 1529 2564 1655 2599; x_wconf 83' lang='lat' dir='ltr'>decima</span> <span class='ocrx_word' id='word_1_845' title='bbox 1671 2566 1823 2609; x_wconf 88' lang='lat' dir='ltr'>Synodus</span> <span class='ocrx_word' id='word_1_846' title='bbox 1839 2579 1846 2598; x_wconf 79' lang='lat' dir='ltr'><em>z</em></span> <span class='ocrx_word' id='word_1_847' title='bbox 1873 2570 1905 2600; x_wconf 77' lang='lat'>51·</span> <span class='ocrx_word' id='word_1_848' title='bbox 1926 2572 1959 2599; x_wconf 81' lang='lat' dir='ltr'>in</span> <span class='ocrx_word' id='word_1_849' title='bbox 1980 2568 2078 2610; x_wconf 85' lang='lat' dir='ltr'>quali-</span> 
     </span>
    </p>

    <p class='ocr_par' dir='ltr' id='par_1_32' title="bbox 1186 2613 2078 2709">
     <span class='ocr_line' id='line_1_118' title="bbox 1191 2613 2078 2659; baseline 0.005 -14"><span class='ocrx_word' id='word_1_850' title='bbox 1191 2613 1237 2646; x_wconf 86' lang='lat' dir='ltr'>bet</span> <span class='ocrx_word' id='word_1_851' title='bbox 1251 2618 1356 2646; x_wconf 86' lang='lat' dir='ltr'>minori</span> <span class='ocrx_word' id='word_1_852' title='bbox 1368 2622 1458 2647; x_wconf 79' lang='lat' dir='ltr'>aetate</span> <span class='ocrx_word' id='word_1_853' title='bbox 1469 2616 1520 2647; x_wconf 85' lang='lat' dir='ltr'>vel</span> <span class='ocrx_word' id='word_1_854' title='bbox 1537 2616 1698 2659; x_wconf 80' lang='lat' dir='ltr'>Religionis</span> <span class='ocrx_word' id='word_1_855' title='bbox 1721 2615 1874 2659; x_wconf 74' lang='lat' dir='ltr'>tonsuram</span> <span class='ocrx_word' id='word_1_856' title='bbox 1893 2642 1903 2656; x_wconf 97' lang='lat'>,</span> <span class='ocrx_word' id='word_1_857' title='bbox 1930 2619 1982 2651; x_wconf 85' lang='lat' dir='ltr'>vel</span> <span class='ocrx_word' id='word_1_858' title='bbox 2001 2618 2078 2650; x_wconf 86' lang='lat' dir='ltr'>Reli-</span> 
     </span>
     <span class='ocr_line' id='line_1_119' title="bbox 1186 2663 2076 2709; baseline 0.006 -15"><span class='ocrx_word' id='word_1_859' title='bbox 1186 2670 1268 2706; x_wconf 73' lang='lat' dir='ltr'>gioni</span> <span class='ocrx_word' id='word_1_860' title='bbox 1284 2663 1416 2697; x_wconf 83' lang='lat' dir='ltr'>debitam</span> <span class='ocrx_word' id='word_1_861' title='bbox 1434 2664 1560 2704; x_wconf 82' lang='lat' dir='ltr'>vestem,</span> <span class='ocrx_word' id='word_1_862' title='bbox 1588 2672 1620 2698; x_wconf 89' lang='lat' dir='ltr'>in</span> <span class='ocrx_word' id='word_1_863' title='bbox 1631 2675 1749 2709; x_wconf 83' lang='lat' dir='ltr'>utroque</span> <span class='ocrx_word' id='word_1_864' title='bbox 1751 2665 1830 2709; x_wconf 80' lang='lat' dir='ltr'>sexu</span> <span class='ocrx_word' id='word_1_865' title='bbox 1838 2668 1915 2708; x_wconf 79' lang='lat' dir='ltr'>filiis</span> <span class='ocrx_word' id='word_1_866' title='bbox 1926 2676 1979 2700; x_wconf 88' lang='lat' dir='ltr'>aut</span> <span class='ocrx_word' id='word_1_867' title='bbox 2000 2679 2076 2700; x_wconf 86' lang='lat' dir='ltr'>unus</span> 
     </span>
    </p>

    <p class='ocr_par' dir='ltr' id='par_1_33' title="bbox 1192 2713 2076 2756">
     <span class='ocr_line' id='line_1_120' title="bbox 1192 2713 2076 2756; baseline 0.002 -10"><span class='ocrx_word' id='word_1_868' title='bbox 1192 2723 1245 2746; x_wconf 85' lang='lat' dir='ltr'>aut</span> <span class='ocrx_word' id='word_1_869' title='bbox 1269 2713 1354 2746; x_wconf 79' lang='lat' dir='ltr'>ambo</span> <span class='ocrx_word' id='word_1_870' title='bbox 1375 2721 1516 2754; x_wconf 83' lang='lat' dir='ltr'>parentes</span> <span class='ocrx_word' id='word_1_871' title='bbox 1539 2715 1677 2748; x_wconf 76' lang='lat' dir='ltr'>dederint</span> <span class='ocrx_word' id='word_1_872' title='bbox 1692 2741 1704 2756; x_wconf 87' lang='lat'>,</span> <span class='ocrx_word' id='word_1_873' title='bbox 1741 2719 1818 2750; x_wconf 74' lang='lat' dir='ltr'>certe?</span> <span class='ocrx_word' id='word_1_874' title='bbox 1837 2725 1892 2749; x_wconf 85' lang='lat' dir='ltr'>aut</span> <span class='ocrx_word' id='word_1_875' title='bbox 1911 2717 2076 2749; x_wconf 85' lang='lat' dir='ltr'>nolentibus</span> 
     </span>
    </p>

    <p class='ocr_par' dir='ltr' id='par_1_34' title="bbox 1193 2761 2076 2809">
     <span class='ocr_line' id='line_1_121' title="bbox 1193 2761 2076 2809; baseline 0.005 -14"><span class='ocrx_word' id='word_1_876' title='bbox 1193 2770 1243 2795; x_wconf 87' lang='lat' dir='ltr'>aut</span> <span class='ocrx_word' id='word_1_877' title='bbox 1268 2761 1463 2807; x_wconf 70' lang='lat' dir='ltr'>nescientibus</span> <span class='ocrx_word' id='word_1_878' title='bbox 1482 2762 1514 2806; x_wconf 84' lang='lat' dir='ltr'>se</span> <span class='ocrx_word' id='word_1_879' title='bbox 1536 2762 1703 2808; x_wconf 70' lang='lat' dir='ltr'>fitsccptam</span> <span class='ocrx_word' id='word_1_880' title='bbox 1736 2771 1793 2799; x_wconf 81' lang='lat' dir='ltr'>nori</span> <span class='ocrx_word' id='word_1_881' title='bbox 1827 2777 1896 2799; x_wconf 83' lang='lat' dir='ltr'>mox</span> <span class='ocrx_word' id='word_1_882' title='bbox 1929 2764 2028 2809; x_wconf 85' lang='lat' dir='ltr'>visam</span> <span class='ocrx_word' id='word_1_883' title='bbox 2043 2772 2076 2799; x_wconf 80' lang='lat' dir='ltr'>in</span> 
     </span>
    </p>

    <p class='ocr_par' dir='ltr' id='par_1_35' title="bbox 1188 2813 2077 2858">
     <span class='ocr_line' id='line_1_122' title="bbox 1188 2813 2077 2858; baseline 0.002 -11"><span class='ocrx_word' id='word_1_884' title='bbox 1188 2813 1264 2856; x_wconf 80' lang='lat' dir='ltr'>filiis</span> <span class='ocrx_word' id='word_1_885' title='bbox 1276 2814 1487 2847; x_wconf 77' lang='lat' dir='ltr'>abdicaverint</span> <span class='ocrx_word' id='word_1_886' title='bbox 1506 2837 1516 2853; x_wconf 85' lang='lat'>,</span> <span class='ocrx_word' id='word_1_887' title='bbox 1536 2813 1596 2857; x_wconf 84' lang='lat' dir='ltr'>sed</span> <span class='ocrx_word' id='word_1_888' title='bbox 1604 2816 1657 2849; x_wconf 87' lang='lat' dir='ltr'>vel</span> <span class='ocrx_word' id='word_1_889' title='bbox 1665 2827 1762 2849; x_wconf 89' lang='lat' dir='ltr'>coram</span> <span class='ocrx_word' id='word_1_890' title='bbox 1772 2815 1806 2858; x_wconf 72' lang='lat' dir='ltr'>se</span> <span class='ocrx_word' id='word_1_891' title='bbox 1828 2816 1879 2850; x_wconf 76' lang='lat' dir='ltr'>vel</span> <span class='ocrx_word' id='word_1_892' title='bbox 1898 2826 1995 2850; x_wconf 83' lang='lat' dir='ltr'>coram</span> <span class='ocrx_word' id='word_1_893' title='bbox 2019 2820 2077 2849; x_wconf 84' lang='lat' dir='ltr'>Ec-</span> 
     </span>
    </p>

    <p class='ocr_par' dir='ltr' id='par_1_36' title="bbox 1191 2861 2075 2908">
     <span class='ocr_line' id='line_1_123' title="bbox 1191 2861 2075 2908; baseline 0.005 -12"><span class='ocrx_word' id='word_1_894' title='bbox 1191 2861 1269 2903; x_wconf 85' lang='lat' dir='ltr'>clefia</span> <span class='ocrx_word' id='word_1_895' title='bbox 1281 2888 1291 2903; x_wconf 90' lang='lat'><strong>,</strong></span> <span class='ocrx_word' id='word_1_896' title='bbox 1314 2865 1476 2905; x_wconf 82' lang='lat' dir='ltr'>palamque</span> <span class='ocrx_word' id='word_1_897' title='bbox 1489 2869 1521 2897; x_wconf 88' lang='lat' dir='ltr'>in</span> <span class='ocrx_word' id='word_1_898' title='bbox 1535 2869 1695 2898; x_wconf 79' lang='lat' dir='ltr'>Conventa</span> <span class='ocrx_word' id='word_1_899' title='bbox 1707 2866 1819 2908; x_wconf 81' lang='lat' dir='ltr'>eosdem</span> <span class='ocrx_word' id='word_1_900' title='bbox 1825 2866 1904 2908; x_wconf 78' lang='lat' dir='ltr'>filios</span> <span class='ocrx_word' id='word_1_901' title='bbox 1927 2866 2002 2898; x_wconf 87' lang='lat' dir='ltr'>talia</span> <span class='ocrx_word' id='word_1_902' title='bbox 2022 2866 2075 2900; x_wconf 83' lang='lat' dir='ltr'>ba-</span> 
     </span>
    </p>

    <p class='ocr_par' dir='ltr' id='par_1_37' title="bbox 1192 2913 2074 2960">
     <span class='ocr_line' id='line_1_124' title="bbox 1192 2913 2074 2960; baseline 0.006 -15"><span class='ocrx_word' id='word_1_903' title='bbox 1192 2915 1259 2946; x_wconf 86' lang='lat' dir='ltr'>bere</span> <span class='ocrx_word' id='word_1_904' title='bbox 1267 2913 1458 2956; x_wconf 84' lang='lat' dir='ltr'>permiserint</span> <span class='ocrx_word' id='word_1_905' title='bbox 1468 2940 1477 2954; x_wconf 87' lang='lat'><em>‚</em></span> <span class='ocrx_word' id='word_1_906' title='bbox 1506 2916 1549 2948; x_wconf 88' lang='lat' dir='ltr'>ad</span> <span class='ocrx_word' id='word_1_907' title='bbox 1553 2913 1724 2958; x_wconf 70' lang='lat' dir='ltr'>faculatem</span> <span class='ocrx_word' id='word_1_908' title='bbox 1734 2923 1846 2950; x_wconf 83' lang='lat' dir='ltr'>reverti</span> <span class='ocrx_word' id='word_1_909' title='bbox 1857 2916 1991 2949; x_wconf 76' lang='lat' dir='ltr'>habitum</span> <span class='ocrx_word' id='word_1_910' title='bbox 2007 2916 2074 2960; x_wconf 71' lang='lat' dir='ltr'>ipsis</span> 
     </span>
    </p>

    <p class='ocr_par' dir='ltr' id='par_1_38' title="bbox 1188 2964 2217 3260">
     <span class='ocr_line' id='line_1_125' title="bbox 1189 2964 2217 3024; baseline 0.006 -29"><span class='ocrx_word' id='word_1_911' title='bbox 1189 2964 1260 3006; x_wconf 85' lang='lat' dir='ltr'>filiis</span> <span class='ocrx_word' id='word_1_912' title='bbox 1283 2965 1456 3006; x_wconf 84' lang='lat' dir='ltr'>quandoque</span> <span class='ocrx_word' id='word_1_913' title='bbox 1473 2967 1592 3006; x_wconf 78' lang='lat' dir='ltr'>penitus</span> <span class='ocrx_word' id='word_1_914' title='bbox 1616 2977 1673 2999; x_wconf 89' lang='lat' dir='ltr'>non</span> <span class='ocrx_word' id='word_1_915' title='bbox 1699 2967 1797 2999; x_wconf 83' lang='lat' dir='ltr'>licebit</span> <span class='ocrx_word' id='word_1_916' title='bbox 1817 2991 1824 2997; x_wconf 96' lang='lat'>.</span> <span class='ocrx_word' id='word_1_917' title='bbox 1861 2968 1922 3000; x_wconf 77' lang='lat' dir='ltr'>Sed</span> <span class='ocrx_word' id='word_1_918' title='bbox 1949 2967 2076 3000; x_wconf 66' lang='lat' dir='ltr'>convicit</span> <span class='ocrx_word' id='word_1_919' title='bbox 2096 2986 2167 3024; x_wconf 47' lang='lat' dir='ltr'>Cap·</span> <span class='ocrx_word' id='word_1_920' title='bbox 2191 2990 2217 3015; x_wconf 83' lang='lat'>6.</span> 
     </span>
     <span class='ocr_line' id='line_1_126' title="bbox 1192 3011 2074 3059; baseline 0.002 -12"><span class='ocrx_word' id='word_1_921' title='bbox 1192 3015 1272 3056; x_wconf 81' lang='lat' dir='ltr'>quod</span> <span class='ocrx_word' id='word_1_922' title='bbox 1281 3011 1432 3055; x_wconf 80' lang='lat' dir='ltr'>tonsuram</span> <span class='ocrx_word' id='word_1_923' title='bbox 1456 3024 1509 3047; x_wconf 86' lang='lat' dir='ltr'>aut</span> <span class='ocrx_word' id='word_1_924' title='bbox 1533 3015 1694 3058; x_wconf 86' lang='lat' dir='ltr'>religiosam</span> <span class='ocrx_word' id='word_1_925' title='bbox 1714 3017 1819 3056; x_wconf 85' lang='lat' dir='ltr'>vestem</span> <span class='ocrx_word' id='word_1_926' title='bbox 1841 3017 2001 3059; x_wconf 87' lang='lat' dir='ltr'>aliquando</span> <span class='ocrx_word' id='word_1_927' title='bbox 2022 3016 2074 3050; x_wconf 85' lang='lat' dir='ltr'>ha-</span> 
     </span>
     <span class='ocr_line' id='line_1_127' title="bbox 1191 3065 2074 3109; baseline 0.005 -12"><span class='ocrx_word' id='word_1_928' title='bbox 1191 3066 1329 3102; x_wconf 81' lang='lat' dir='ltr'>buerint,</span> <span class='ocrx_word' id='word_1_929' title='bbox 1356 3075 1423 3095; x_wconf 84' lang='lat' dir='ltr'>mox</span> <span class='ocrx_word' id='word_1_930' title='bbox 1436 3066 1479 3095; x_wconf 84' lang='lat' dir='ltr'>ad</span> <span class='ocrx_word' id='word_1_931' title='bbox 1498 3065 1658 3107; x_wconf 82' lang='lat' dir='ltr'>Religionis</span> <span class='ocrx_word' id='word_1_932' title='bbox 1688 3067 1798 3098; x_wconf 84' lang='lat' dir='ltr'>cultum</span> <span class='ocrx_word' id='word_1_933' title='bbox 1823 3066 2011 3109; x_wconf 85' lang='lat' dir='ltr'>habitumque</span> <span class='ocrx_word' id='word_1_934' title='bbox 2030 3079 2074 3100; x_wconf 87' lang='lat' dir='ltr'>re-</span> 
     </span>
     <span class='ocr_line' id='line_1_128' title="bbox 1193 3110 2072 3160; baseline 0.003 -13"><span class='ocrx_word' id='word_1_935' title='bbox 1193 3120 1350 3151; x_wconf 82' lang='lat' dir='ltr'>vocentur,</span> <span class='ocrx_word' id='word_1_936' title='bbox 1381 3114 1415 3145; x_wconf 65' lang='grc' dir='ltr'>ώ·</span> <span class='ocrx_word' id='word_1_937' title='bbox 1431 3110 1490 3155; x_wconf 69' lang='lat' dir='ltr'>fitb</span> <span class='ocrx_word' id='word_1_938' title='bbox 1511 3123 1627 3146; x_wconf 84' lang='lat' dir='ltr'>aeterna</span> <span class='ocrx_word' id='word_1_939' title='bbox 1649 3115 1824 3156; x_wconf 55' lang='lat' dir='ltr'>distratslione</span> <span class='ocrx_word' id='word_1_940' title='bbox 1841 3115 2007 3160; x_wconf 82' lang='lat' dir='ltr'>bujufinodi</span> <span class='ocrx_word' id='word_1_941' title='bbox 2027 3117 2072 3150; x_wconf 81' lang='lat' dir='ltr'>ob-</span> 
     </span>
     <span class='ocr_line' id='line_1_129' title="bbox 1188 3161 2072 3210; baseline 0.006 -15"><span class='ocrx_word' id='word_1_942' title='bbox 1188 3162 1353 3207; x_wconf 81' lang='lat' dir='ltr'>servantiae</span> <span class='ocrx_word' id='word_1_943' title='bbox 1368 3161 1515 3204; x_wconf 80' lang='lat' dir='ltr'>inservire</span> <span class='ocrx_word' id='word_1_944' title='bbox 1524 3174 1681 3207; x_wconf 85' lang='lat' dir='ltr'>cogantur.</span> <span class='ocrx_word' id='word_1_945' title='bbox 1707 3166 1889 3200; x_wconf 80' lang='lat' dir='ltr'>Parentibus</span> <span class='ocrx_word' id='word_1_946' title='bbox 1897 3167 1973 3210; x_wconf 64' lang='lat' dir='ltr'>sane³</span> <span class='ocrx_word' id='word_1_947' title='bbox 1991 3167 2072 3209; x_wconf 85' lang='lat' dir='ltr'>filios</span> 
     </span>
     <span class='ocr_line' id='line_1_130' title="bbox 1193 3213 2076 3260; baseline 0.006 -15"><span class='ocrx_word' id='word_1_948' title='bbox 1193 3215 1337 3256; x_wconf 86' lang='lat' dir='ltr'>Religioni</span> <span class='ocrx_word' id='word_1_949' title='bbox 1351 3213 1520 3246; x_wconf 83' lang='lat' dir='ltr'>contradere</span> <span class='ocrx_word' id='word_1_950' title='bbox 1530 3224 1586 3246; x_wconf 85' lang='lat' dir='ltr'>non</span> <span class='ocrx_word' id='word_1_951' title='bbox 1601 3216 1730 3256; x_wconf 73' lang='lat' dir='ltr'>amplius</span> <span class='ocrx_word' id='word_1_952' title='bbox 1742 3219 1833 3259; x_wconf 63' lang='lat' dir='ltr'>quim</span> <span class='ocrx_word' id='word_1_953' title='bbox 1843 3215 1934 3260; x_wconf 82' lang='lat' dir='ltr'>usque</span> <span class='ocrx_word' id='word_1_954' title='bbox 1961 3218 2004 3250; x_wconf 81' lang='lat' dir='ltr'>ad</span> <span class='ocrx_word' id='word_1_955' title='bbox 2026 3219 2076 3251; x_wconf 80' lang='lat' dir='ltr'>de-</span> 
     </span>
    </p>

    <p class='ocr_par' dir='ltr' id='par_1_39' title="bbox 1193 3267 2073 3311">
     <span class='ocr_line' id='line_1_131' title="bbox 1193 3267 2073 3311; baseline 0.006 -15"><span class='ocrx_word' id='word_1_956' title='bbox 1193 3271 1301 3296; x_wconf 84' lang='lat' dir='ltr'>cimum</span> <span class='ocrx_word' id='word_1_957' title='bbox 1313 3267 1416 3296; x_wconf 59' lang='lat' dir='ltr'>aetatis</span> <span class='ocrx_word' id='word_1_958' title='bbox 1427 3274 1525 3295; x_wconf 83' lang='lat' dir='ltr'>eorum</span> <span class='ocrx_word' id='word_1_959' title='bbox 1538 3275 1649 3298; x_wconf 85' lang='lat' dir='ltr'>annum</span> <span class='ocrx_word' id='word_1_960' title='bbox 1661 3267 1778 3299; x_wconf 85' lang='lat' dir='ltr'>licentia</span> <span class='ocrx_word' id='word_1_961' title='bbox 1785 3274 1894 3309; x_wconf 77' lang='lat' dir='ltr'>poterit</span> <span class='ocrx_word' id='word_1_962' title='bbox 1905 3268 1956 3311; x_wconf 77' lang='lat' dir='ltr'>effe</span> <span class='ocrx_word' id='word_1_963' title='bbox 1969 3292 1975 3299; x_wconf 92' lang='lat'>.</span> <span class='ocrx_word' id='word_1_964' title='bbox 2009 3270 2073 3301; x_wconf 88' lang='lat' dir='ltr'>De-</span> 
     </span>
    </p>

    <p class='ocr_par' dir='ltr' id='par_1_40' title="bbox 1191 3312 2071 3361">
     <span class='ocr_line' id='line_1_132' title="bbox 1191 3312 2071 3361; baseline 0.003 -16"><span class='ocrx_word' id='word_1_965' title='bbox 1191 3325 1249 3346; x_wconf 89' lang='lat' dir='ltr'>cen</span> <span class='ocrx_word' id='word_1_966' title='bbox 1257 3312 1311 3344; x_wconf 88' lang='lat' dir='ltr'>nio</span> <span class='ocrx_word' id='word_1_967' title='bbox 1325 3312 1462 3354; x_wconf 83' lang='lat' dir='ltr'>majores</span> <span class='ocrx_word' id='word_1_968' title='bbox 1474 3313 1576 3347; x_wconf 82' lang='lat' dir='ltr'>sancit</span> <span class='ocrx_word' id='word_1_969' title='bbox 1591 3315 1719 3349; x_wconf 71' lang='lat' dir='ltr'>nonnisi</span> <span class='ocrx_word' id='word_1_970' title='bbox 1732 3328 1771 3350; x_wconf 80' lang='lat' dir='ltr'>ex</span> <span class='ocrx_word' id='word_1_971' title='bbox 1785 3320 1914 3361; x_wconf 72' lang='lat' dir='ltr'>propria</span> <span class='ocrx_word' id='word_1_972' title='bbox 1924 3318 2071 3351; x_wconf 84' lang='lat' dir='ltr'>volunta-</span> 
     </span>
    </p>

    <p class='ocr_par' dir='ltr' id='par_1_41' title="bbox 1194 3362 1456 3406">
     <span class='ocr_line' id='line_1_133' title="bbox 1194 3362 1456 3406; baseline -0.008 -10"><span class='ocrx_word' id='word_1_973' title='bbox 1194 3372 1226 3396; x_wconf 85' lang='lat' dir='ltr'>te</span> <span class='ocrx_word' id='word_1_974' title='bbox 1240 3362 1456 3406; x_wconf 80' lang='lat' dir='ltr'>obligandos.</span> 
     </span>
    </p>
   </div>
   <div class='ocr_carea' id='block_1_10' title="bbox 1247 3410 2068 3503">
    <p class='ocr_par' dir='ltr' id='par_1_42' title="bbox 1247 3410 2068 3503">
     <span class='ocr_line' id='line_1_134' title="bbox 1247 3410 2068 3498; baseline 0.005 -53"><span class='ocrx_word' id='word_1_975' title='bbox 1247 3410 1396 3454; x_wconf 76' lang='lat' dir='ltr'>Ejusdem</span> <span class='ocrx_word' id='word_1_976' title='bbox 1420 3414 1667 3498; x_wconf 52' lang='grc' dir='ltr'>[εηῑεηῑὶιεῖξῐιιίε</span> <span class='ocrx_word' id='word_1_977' title='bbox 1703 3416 1874 3452; x_wconf 81' lang='lat' dir='ltr'>Gallicana</span> <span class='ocrx_word' id='word_1_978' title='bbox 1908 3413 2068 3495; x_wconf 44' lang='lat' dir='ltr'>Eccllleflax</span> 
     </span>
     <span class='ocr_line' id='line_1_135' title="bbox 1655 3474 2025 3503; baseline -0.003 -6"><span class='ocrx_word' id='word_1_979' title='bbox 1655 3476 1677 3497; x_wconf 91' lang='lat' dir='ltr'>n</span> <span class='ocrx_word' id='word_1_980' title='bbox 1728 3478 1750 3503; x_wconf 84' lang='lat'><em>2</em></span> <span class='ocrx_word' id='word_1_981' title='bbox 1983 3474 2025 3496; x_wconf 48' lang='grc' dir='ltr'>τι</span> 
     </span>
    </p>
   </div>
  </div>
 </body>
</html>
