2352 3736
374 139 468 200 338

301 236 404 262 rentur
413 252 420 260 .
435 223 566 260 Etenim
578 216 779 254 schismatici
792 216 1000 262 pertinaciter
1010 215 1186 251 censebant

300 289 362 312 nos
383 275 520 310 Latinos
541 269 662 304 sentire
676 268 819 304 omnino
843 265 989 300 haeretica
1009 264 1052 303 de
1063 265 1184 310 Spiritu

300 329 417 362 Sancto
427 347 437 363 ‚
452 320 593 365 ideoque
604 319 757 357 adversus
771 316 938 350 laudatum
949 314 1185 360 patriarcham,

301 374 457 418 tanquam
478 371 607 406 Latinae
628 369 771 404 haerefios
796 366 1026 401 seminatorem
1051 389 1063 405 ,
1087 368 1186 405 turbi-

299 421 425 460 diffime
444 420 744 458 tumultuabantur.
772 416 898 452 Eadem
911 417 953 454 de
974 417 1070 451 causa
1081 419 1184 453 Filius

296 476 329 509 &
353 474 389 508 in
411 473 554 517 Imperio
578 471 735 506 successor
757 465 973 504 Andronicus
993 468 1182 503 defunstum

295 524 428 558 Patrem
451 519 640 566 Augustum
662 517 867 555 Michaelem
889 543 901 559 ,
940 518 1099 562 tanquam
1125 518 1185 554 hae»

294 572 484 609 resiarcham
495 569 631 615 projecit
643 571 677 604 in
690 580 844 613 campum
858 594 869 610 ,
895 570 1021 605 &asini
1045 570 1186 613 sepultu-

293 635 329 659 ra
341 624 508 668 sepelivit.
534 620 655 666 Longa
676 621 721 655 est
741 619 810 658 haec
825 631 873 654 res
902 621 962 654 suo
988 620 1065 655 loco
1085 620 1185 655 eluci-

294 674 402 708 danda
426 698 434 706 .
463 671 598 706 Interim
619 682 659 705 ex
681 670 732 705 his
754 669 915 714 capitibus
940 682 1001 704 nos
1027 682 1095 706 non
1116 680 1187 704 tan·-

292 724 366 757 tum
387 723 428 759 de
452 733 665 766 paternorum
688 723 810 755 rituum
841 718 1104 762 immutatione,
1125 732 1185 755 nec

293 773 426 808 tantum
447 773 489 807 de
514 771 811 809 fundamentaliurn
835 771 1015 805 Canonum
1043 773 1187 815 praevari-

293 826 426 859 catione
445 847 456 863 ,
494 822 546 857 sed
577 823 677 857 etiam
704 823 746 856 dc
778 820 885 856 haerefi
919 821 1089 856 damnavit
1119 821 1186 854 Mi·

292 873 387 910 chael
397 873 592 910 Cerularius
607 897 619 914 ,
647 872 818 915 voluitque
840 872 996 913 tanquam
1008 871 1026 905 a
1043 871 1186 917 Canone

292 925 586 962 anathematizatos
621 924 685 970 esse
726 921 767 958 ab
790 920 948 957 omnibus
981 921 1183 956 tractandos.

293 977 383 1013 Nam
408 974 591 1019 Ephesinus
617 972 738 1006 Canon
761 971 903 1015 quodvis
926 971 1079 1014 Symboli
1096 971 1187 1006 addi-

292 1036 481 1063 tamentum
505 1022 608 1058 vetuit
632 1022 691 1056 sub
713 1022 910 1066 rigidiffimo
939 1020 1180 1056 Anathemate.

291 1077 337 1113 Et
360 1076 440 1110 hinc
468 1075 603 1108 Marcus
626 1073 836 1107 Alexandriae
848 1069 1035 1109 patriarcha
1054 1071 1186 1116 Magno

290 1127 471 1162 Canonum
498 1124 639 1161 Dostori
673 1123 707 1157 δε
736 1122 955 1158 Antiocheno
987 1121 1186 1158 Patriarchae

290 1176 478 1212 Theodoro
501 1174 696 1212 Balsamoni
728 1173 899 1218 proposuit
922 1173 1007 1207 hanc
1040 1172 1186 1217 quaestio·

290 1239 367 1262 nem
383 1241 394 1261 ε
421 1231 549 1268 captivi
569 1228 681 1259 Latini
694 1248 705 1265 ,
731 1224 765 1257 s&
778 1225 832 1258 alit·
855 1225 900 1256 ad
921 1223 1033 1264 nostras
1054 1222 1187 1256 Catholi-

289 1289 339 1311 ras
363 1276 506 1318 Ecclefias
527 1276 699 1312 accedentes
717 1282 827 1317 petunt
841 1276 967 1311 Divinae
975 1273 1186 1317 sandi-ficatio-

288 1335 340 1363 nls
367 1332 631 1362 communionem.
660 1329 707 1358 An
722 1324 761 1368 fit
782 1326 996 1361 concedendum
1018 1323 1086 1363 hoc,
1109 1322 1186 1368 scire

289 1379 442 1415 volumus.
471 1376 515 1410 Et
536 1375 722 1410 Balsamom
744 1374 913 1420 respoudit
936 1374 1128 1409 Romanam
1147 1385 1184 1408 ac

287 1439 425 1464 omnem
446 1426 604 1463 Latinam
625 1426 806 1462 Ecclesiam
825 1425 892 1469 jam
915 1426 1042 1469 pridem
1060 1425 1124 1460 esse
1137 1423 1183 1459 di-

287 1480 414 1514 vulsam
433 1478 452 1512 a
473 1477 600 1514 cunstis
626 1475 856 1511 Orientalibus
883 1501 894 1516 ,
919 1475 1062 1517 ideoque
1088 1475 1183 1517 Papae

286 1540 411 1565 nomen
432 1526 518 1572 apud
549 1526 611 1563 hos
632 1539 701 1561 non
736 1525 868 1561 recitari
893 1549 904 1565 ‚
940 1525 975 1559 <Sc
1008 1525 1182 1569 adjungit:

288 1584 362 1617 Non
383 1578 471 1613 debet
494 1577 578 1611 bomo
599 1581 731 1611 Latinus
753 1576 939 1610 sacerdotali
957 1585 1047 1608 manu
1059 1583 1117 1618 per
1131 1577 1184 1606 Di-

286 1638 364 1665 vina
385 1629 622 1663 &immaculata
640 1626 775 1667 mysteria
801 1624 1010 1669 sanc‘lificart,
1038 1623 1182 1667 nifipriits

286 1685 467 1714 Latinorum
494 1680 634 1723 dogmata
660 1679 703 1710 β’
724 1686 821 1707 mores
845 1676 919 1706 velit
954 1676 1073 1713 ejurare
1093 1696 1101 1703 .
1127 1673 1183 1706 Ad

285 1741 355 1775 quae
378 1728 476 1764 verba
501 1728 533 1761 in
547 1727 612 1761 suis
636 1724 678 1760 ad
691 1735 809 1759 omnes
830 1721 954 1767 ubique
975 1720 1184 1756 Christianos

285 1779 436 1816 adversus
463 1777 696 1813 Florentinam
731 1773 909 1818 synodum
937 1773 1052 1807 litteris
1079 1772 1186 1807 decla·

284 1841 355 1867 mat
377 1831 513 1864 Marcus
533 1826 752 1871 Ephesiorum
792 1823 1070 1869 Archiepiscopus
1094 1835 1101 1855 ε
1131 1828 1185 1855 Au-

285 1883 363 1915 dis?
390 1877 511 1920 Divulfi
524 1877 600 1922 sunt
624 1888 683 1910 non
701 1874 795 1919 solum
817 1881 871 1915 per
882 1885 978 1907 mores
991 1898 1000 1913 ,
1022 1872 1082 1917 fied
1093 1880 1184 1907 etiam

280 1940 341 1976 per
353 1931 498 1974 dogmata
513 1953 524 1970 ,
549 1938 617 1971 quae
638 1938 696 1961 non
708 1922 842 1970 agnoscit
850 1922 975 1965 Ecclcfia
986 1949 993 1957 .
1020 1926 1102 1968 ,ραι
1113 1927 1185 1958 vero

285 1993 345 2016 non
376 1977 536 2025 agnoscunt
572 1975 739 2011 Ortbodoxi
765 2000 775 2016 ,
813 1973 954 2008 haererica
992 1976 1069 2009 cert?
1090 1972 1162 2018 siant
1177 1999 1184 2006 .

285 2032 443 2075 Uterque
456 2039 518 2063 nos
529 2029 669 2062 affirmat
683 2038 751 2060 non
767 2025 898 2061 tantum
915 2024 995 2060 varii
1011 2025 1162 2060 Canonis
1176 2050 1186 2066 ,

286 2083 342 2118 sed
361 2080 396 2115 ἀ
409 2078 573 2115 Cristiani
587 2078 755 2123 dogmatis
771 2075 1000 2110 schismaticos
1012 2085 1110 2119 atque
1125 2074 1185 2108 hae-

288 2133 409 2169 reticos
432 2130 712 2175 praevaricatores,
739 2125 880 2170 ideoque
893 2137 948 2169 per
972 2137 1119 2160 enorum
1131 2137 1188 2158 no-

288 2185 430 2218 strorum
443 2180 687 2225 abjurationem
699 2202 710 2218 ,
738 2179 771 2212 ὅτ.
783 2176 939 2220 oppofitae
957 2176 1107 2210 veritatis
1119 2187 1190 2219 pro-

291 2235 461 2269 fessionem
475 2256 487 2272 ‚
515 2242 576 2265 nec
597 2241 668 2264 non
688 2230 723 2263 &
746 2226 901 2263 Chrisma
922 2226 1133 2270 accipiendos
1153 2226 1187 2260 in

291 2283 473 2319 Ecclesiam
496 2307 507 2324 ‚
546 2280 640 2325 juxta
665 2279 842 2323 septimum
866 2279 978 2322 primae
998 2276 1187 2314 Constanti-

292 2334 495 2379 nopolitanae
523 2331 652 2379 Synodi
672 2330 850 2364 Canonem
863 2352 874 2369 ‚
902 2328 1120 2362 mandantem
1143 2327 1188 2361 ita

294 2385 394 2429 recipi
420 2383 564 2417 Arianos
588 2394 626 2416 ac
638 2380 922 2418 Macedonianos.
947 2379 1001 2412 Illi
1024 2378 1116 2413 enim
1139 2376 1191 2410 his

296 2447 357 2470 nos
369 2434 607 2469 adnumerant:
636 2430 772 2474 UtpOte
781 2432 837 2474 qui
856 2440 1001 2464 erremus
1023 2430 1107 2463 circa
1122 2427 1190 2471 Spi-

297 2486 396 2518 ritum
419 2485 592 2518 Sanstum.
622 2482 664 2516 Et
679 2481 758 2515 hinc
784 2480 953 2516 adversum
982 2490 1066 2520 nos,
1093 2477 1192 2513 &ad-

298 2536 405 2568 versus
425 2533 651 2566 Florentinam
666 2555 676 2571 ,
702 2543 772 2575 quae
793 2542 854 2564 nos
872 2531 907 2565 in
928 2530 1046 2563 nostris
1070 2529 1191 2562 ritibus

301 2596 338 2620 ac
350 2582 561 2628 dogmatibus
574 2581 808 2625 perseverantes
822 2580 934 2613 univit
949 2591 1025 2612 curn
1045 2578 1166 2612 Graecis
1181 2601 1191 2616 ‚
1221 2584 1227 2593 ’

302 2635 465 2670 exclamat
493 2640 691 2667 memoratus
714 2629 850 2663 Marcus
871 2643 883 2662 .·
915 2630 1000 2662 Unde
1020 2639 1085 2671 ergo
1107 2627 1192 2660 nobis

304 2685 427 2728 repente*
450 2681 616 2716 orthodoxi
635 2687 841 2722 apparuerunt
857 2703 868 2719 ‚
894 2685 945 2721 qui
951 2687 1009 2720 per
1033 2688 1077 2713 tot
1087 2685 1195 2719 tempo-

305 2749 364 2775 ra,
391 2736 425 2769 Θ·
433 2741 491 2776 per
513 2739 556 2764 tor
569 2734 679 2766 Patres
702 2732 736 2764 (ς’
754 2730 890 2763 Doc‘lores
914 2727 1044 2763 baeretici
1061 2729 1195 2770 judicati

302 2785 376 2829 sunt
390 2785 406 2817 ,ἓ
435 2785 478 2821 Et
489 2782 658 2817 adversum
673 2782 747 2815 suos
769 2781 804 2814 in
821 2779 950 2814 laudata
959 2778 1098 2822 Synodo
1109 2779 1197 2812 Grae-

308 2847 364 2871 cos
375 2833 621 2878 Coepiscopos:
648 2833 731 2877 ,Quis
745 2832 809 2864 illos
822 2839 887 2864 tam
904 2829 998 2872 facile*
1009 2828 1195 2863 orthodoxos

304 2886 403 2930 ficit?
432 2889 545 2918 Aurum
572 2894 579 2914 :
606 2885 704 2915 Lucra
723 2890 778 2914 tua
794 2906 801 2913 .
827 2884 890 2915 Imo
914 2882 985 2913 vero
1007 2890 1113 2913 aurum
1139 2885 1211 2915 noni

311 2938 374 2968 illos
379 2935 456 2978 fecit
467 2933 668 2972 cubadum,
692 2930 748 2975 sed
769 2939 821 2969 te,
844 2930 974 2965 reddens
995 2930 1057 2963 illis
1082 2926 1196 2968 adfimi-

311 2987 367 3018 lem
379 3010 389 3026 ‚
415 2992 446 3019 in
468 2984 674 3019 haerencorum
690 2990 814 3024 partem
839 2978 980 3021 deri-ufir.
1007 2979 1141 3014 Gtaecos
1162 2978 1196 3011 in

313 3035 502 3070 Florentina
525 3032 663 3078 Synodo
692 3031 876 3075 Episcopos
897 3031 1019 3065 aluerat
1044 3029 1197 3065 Romana

316 3082 476 3118 Ecclesia:
505 3084 584 3118 hinc
597 3083 730 3120 Marcus
753 3081 891 3116 blaterat
916 3080 990 3116 illos
1002 3091 1082 3114 auro
1105 3077 1197 3115 suisli:

317 3131 460 3168 seductos
474 3159 479 3165 .
509 3136 550 3168 Et
561 3133 628 3170 lia-,c
642 3131 931 3168 calumniofiffima
952 3131 985 3166 &
996 3129 1174 3165 multifaria
1188 3153 1198 3168 ‚

319 3193 419 3226 quam
443 3183 593 3225 plurimis
611 3195 666 3227 per
683 3184 858 3220 Orientem
880 3183 915 3216 &
927 3180 1198 3225 Septemtrionem

319 3231 448 3281 populis
481 3233 699 3274 persuaserunt
720 3257 731 3274 ,
756 3233 910 3269 detrastio
933 3232 979 3266 est
1008 3232 1111 3275 prima
1130 3253 1142 3270 ,
1167 3229 1200 3264 &

322 3292 391 3317 non
410 3291 503 3325 parva
517 3304 527 3318 ‚
552 3283 722 3316 Cerulariae
744 3283 894 3318 fastionis
913 3281 949 3316 in
961 3282 1117 3317 Latinam
1141 3280 1201 3315 Ec-

320 3331 450 3370 clesiam
467 3328 582 3372 injuria
596 3353 604 3360 .

370 3379 554 3418 Secundam
575 3377 728 3421 injuriam
740 3382 836 3415 refert
846 3381 1055 3426 Nicephorus
1078 3381 1203 3426 Grego-

324 3444 373 3470 tas
393 3457 401 3467 .
429 3428 642 3469 Andronicus
674 3427 870 3473 Paleologus
905 3432 1083 3476 Imperator
1105 3457 1117 3473 ‚
1144 3431 1200 3478 qui

901 133 1542 183 DlssnRTATIo

1247 217 1437 254 defunctum
1451 218 1582 254 Patrem
1592 220 1794 262 Michaelem
1804 225 1846 260 ad
1858 227 1961 264 asinos
1967 229 2100 274 projecit
2107 256 2119 272 ,

1243 281 1358 304 omnes
1379 267 1491 305 abillo
1509 269 1555 304 ob
1579 270 1776 313 perduellem
1793 273 1828 307 in
1847 273 2126 325 ‘schismatepert1..

1245 321 1373 354 naciam
1393 319 1583 364 deportatos
1604 320 1783 365 Episcopos
1799 323 1834 357 &
1854 323 2006 362 proceres
2025 331 2125 365 etiam

1245 369 1409 406 revocavit
1430 394 1442 410 ‚
1469 383 1506 405 ac
1528 370 1564 404 in
1592 370 1784 414 potestatem
1804 385 1881 409 curn
1893 373 2018 411 fiznore
2041 380 2127 416 resti-

1244 423 1309 454 tuit
1328 445 1339 461 ,
1365 420 1399 455 &
1415 418 1457 454 vhi
1487 421 1521 455 in
1543 419 1770 457 Blachernensi
1805 424 1951 460 Ecclesia
1980 427 2128 465 fecerunt

1245 469 1470 506 latrocinalem
1483 472 1656 516 synodum
1668 497 1679 513 ,
1705 472 1738 509 &
1751 484 1868 509 omnes
1879 476 1996 510 factam
2012 477 2030 511 a
2041 477 2130 523 Lug-

1243 521 1378 558 dunensi
1403 521 1542 566 Synodo
1563 522 1723 557 unionem
1742 524 1912 569 amplexos
1924 526 2082 572 Collegas
2092 527 2130 562 fi·

1246 583 1286 608 ne
1301 572 1514 616 reparationis
1525 573 1578 617 spe
1590 573 1809 620 degradarunt
1823 601 1831 608 .
1856 576 2040 612 Retinendi
2052 577 2130 622 Epi·

1246 623 1394 667 scopatus
1406 623 1569 667 cupiditas
1579 624 1737 668 quosdam
1750 624 1935 661 retrahebat
1948 628 1981 661 in
1993 627 2129 672 lapsumz

1246 672 1289 706 Et
1311 673 1347 708 hi
1378 674 1519 717 septimae
1541 697 1551 713 ,
1577 685 1645 718 quas
1671 677 1795 710 cunstis
1828 677 1869 711 de
1889 678 2128 714 lconoclastico

1245 722 1332 767 lapsu
1356 722 1592 767 poenitentibus
1606 724 1778 770 Episcopis
1790 726 1972 764 reddiderat
1993 729 2129 764 &com-

1246 774 1442 809 munionem
1463 775 1497 809 ἀ
1510 773 1671 820 gradum,
1698 776 1826 820 Synodi
1845 778 1999 821 pietatem
2013 779 2130 824 implo-

1246 823 1360 859 rabant
1381 849 1392 866 ,
1420 825 1637 869 supplicantes
1659 827 1759 861 etiam
1781 827 1837 862 fibi
1860 829 2005 872 impendi
2026 855 2034 863 .
2062 830 2131 864 Ve-

1245 874 1316 908 rum
1339 874 1424 911 adeo
1446 887 1515 910 non
1536 875 1667 911 fuerunt
1677 878 1845 918 exauditi,
1872 889 1909 912 ut
1924 879 1995 922 post
2006 877 2130 914 horum

1246 922 1405 960 Actorum
1427 925 1617 961 relationem
1639 938 1749 973 pergat
1759 928 1859 964 durus
1876 928 2064 964 Schismatis
2074 941 2129 974 pa-

1246 984 1360 1008 tronus
1372 975 1535 1019 Gregoras
1546 989 1556 1008 .·
1586 979 1669 1019 ,Quis
1679 979 1753 1011 adeo
1768 979 1862 1013 durus
1886 979 1925 1019 est
1937 986 2038 1013 animo
2053 981 2128 1014 ada-

1246 1030 1381 1059 mantino
1392 1048 1404 1065 ‚
1430 1034 1464 1058 ut
1480 1027 1686 1059 contumeliam
1707 1029 1790 1061 illam
1807 1029 1841 1062 &
1861 1037 2025 1063 mammam
2042 1029 2127 1063 inhu-

1246 1080 1424 1108 manitatem
1435 1074 1545 1116 referre
1556 1085 1644 1118 queat
1657 1100 1667 1115 ‚
1679 1087 1739 1119 qua
1757 1087 1859 1111 contra
1878 1078 1995 1121 miseros
2008 1079 2128 1123 Episco-

1241 1132 1298 1166 pos
1322 1126 1356 1159 eb·
1377 1126 1548 1159 sacerdotes
1571 1124 1615 1168 uſs
1624 1124 1698 1168 sunt
1721 1128 1734 1160 ?
1759 1131 1845 1160 Nam
1873 1127 1934 1170 post
1967 1131 2128 1164 verborum

1245 1179 1377 1209 convicia
1395 1175 1737 1219 Praefidesinfhrioribus
1759 1178 1971 1220 imperabant,
1996 1188 2031 1213 ut
2050 1181 2131 1214 dire«

1242 1234 1310 1267 ptos
1337 1225 1399 1259 illis
1417 1228 1512 1268 pileos
1533 1225 1617 1259 humi·
1638 1227 1801 1268 abjicerent
1812 1252 1824 1268 ,
1851 1237 1897 1263 ter
1913 1228 2125 1264 acclamantes:

1247 1276 1410 1321 Indignus
1431 1277 1475 1309 est
1503 1300 1511 1308 .
1536 1276 1612 1311 Aliis
1634 1279 1706 1311 verb
1736 1278 1860 1311 aliorum
1881 1278 1972 1320 vestes
2000 1291 2131 1320 exuere,

1246 1324 1350 1369 easque
1362 1325 1510 1368 dflmbria
1522 1325 1661 1370 inversas
1689 1329 1733 1361 ad
1741 1326 1987 1372 caputappltcare
2000 1354 2011 1371 ,
2037 1339 2130 1373 atquo

1246 1383 1353 1410 iterum
1364 1385 1410 1411 ter
1421 1380 1583 1411 acclamare
1586 1377 1751 1419 juberent:
1778 1379 1941 1424 Indignus
1954 1379 1999 1415 est
2013 1404 2021 1412 .
2039 1383 2132 1414 Dein-

1246 1429 1283 1460 de*
1294 1427 1394 1469 alapis
1417 1427 1557 1470 impaffls
1577 1437 1726 1470 tanquam
1743 1427 1862 1471 ficarios
1872 1426 2134 1473 viextruderesae-

1245 1489 1290 1510 cro
1301 1477 1358 1510 Ioco
1370 1503 1378 1510 .
1407 1483 1446 1511 At
1459 1477 1606 1511 humanus
1618 1478 1755 1522 JESUS
1775 1477 1954 1522 &servator
1970 1485 2062 1514 ettam
2071 1483 2133 1514 La-

1247 1536 1362 1561 tronem
1393 1527 1530 1569 admr'fit:
1557 1532 1603 1563 Et
1610 1530 1776 1570 proditoris
1789 1535 2022 1571 poenltentietm,
2046 1531 2132 1565 modo

1244 1575 1305 1619 ipse
1319 1577 1470 1621 voluisset,
1496 1577 1677 1619 defideravit
1696 1590 1731 1611 ac
1740 1580 1931 1621 expecvavre.
1959 1581 1999 1615 In
2010 1581 2133 1626 Agare·

1247 1638 1322 1660 nam
1348 1627 1572 1670 impietatem,
1602 1638 1659 1662 aut
1679 1627 1846 1672 Paganam
1868 1631 1967 1665 etiam
1988 1630 2132 1666 Idolola-

1246 1677 1341 1709 triam
1357 1677 1463 1718 lapsos
1478 1677 1658 1720 Episcopos
1675 1679 1811 1721 reparari
1831 1678 2007 1725 indulgent
2026 1679 2131 1723 poste-

1248 1725 1345 1759 riores
1369 1726 1559 1760 Graecorum
1582 1726 1738 1760 Canones
1757 1752 1767 1768 ,
1794 1727 1906 1764 verum
1928 1729 1969 1764 ad
1991 1729 2132 1764 Latinos

1246 1775 1390 1808 conversi
1406 1774 1561 1819 Episcopi
1576 1775 1699 1810 debent
1713 1788 1790 1812 cum
1802 1778 1887 1812 Cain
1908 1778 2036 1815 dicere:
2064 1782 2134 1814 Ma-

1240 1828 1291 1867 jor
1303 1824 1340 1866 est
1352 1830 1499 1868 iniquitas
1514 1838 1580 1861 mea
1592 1851 1602 1867 ,
1630 1828 1720 1870 qutim
1738 1836 1773 1861 ut
1784 1833 1909 1864 veniam,
1924 1840 2039 1867 merear
2051 1853 2061 1862 ψ
2085 1828 2133 1865 Et

1249 1875 1326 1910 hinc
1354 1874 1543 1910 patriarcha
1569 1877 1711 1920 Joannes
1745 1876 1875 1913 Veccus
1896 1879 1967 1923 post
1998 1878 2133 1925 Lugdu·

1249 1927 1380 1960 nensem
1404 1926 1446 1960 ab
1469 1926 1665 1966 Andronico
1685 1930 1850 1962 excussam
1880 1930 2041 1964 unionem
2062 1940 2132 1963 non

1250 1977 1354 2011 solum
1379 1974 1567 2022 degradari,
1593 1976 1646 2011 sed
1668 1977 1835 2013 &laniari
1859 1978 1978 2013 timens
1998 1978 2137 2020 &Schislf

1248 2027 1396 2069 maticis,
1426 2028 1513 2072 fugit
1529 2027 1851 2072 Constantinopoli,
1877 2029 1954 2064 &se
1972 2028 2131 2063 clausitin

1249 2075 1467 2115 Panachranti
1490 2076 1699 2112 Monasterio
1719 2102 1727 2112 .
1754 2078 1827 2122 Ipse
1847 2078 1939 2113 enim
1970 2078 2133 2112 unionem

1250 2130 1352 2162 fuerat
1374 2127 1629 2161 constantiffime
1649 2137 1795 2163 tutatus.
1823 2128 1942 2163 Postea
1966 2125 2132 2164 nihilomi-

1250 2189 1309 2212 nus
1332 2188 1387 2221 per
1411 2177 1620 2211 successorem
1641 2177 1826 2223 Georgium
1850 2178 2012 2222 Cyprium
2023 2176 2134 2223 degra-

1248 2229 1341 2263 datus
1355 2227 1417 2262 fuit
1428 2239 1466 2262 ac
1481 2228 1689 2272 deportatus.
1718 2228 1812 2276 Qin
1834 2229 1944 2272 &ipse
1954 2228 2135 2274 Georgius,

1249 2278 1340 2322 quod
1356 2278 1518 2313 diceretur
1540 2277 1560 2311 a
1583 2278 1708 2315 Latino
1722 2278 1888 2323 Episcopo
1911 2289 2082 2323 promotus
2098 2278 2134 2312 in

1250 2329 1419 2363 Lestorem
1432 2354 1441 2369 ,
1471 2330 1535 2364 fuit
1560 2327 1602 2363 de
1624 2329 1862 2374 degradatione
1881 2341 1920 2364 ae
1940 2329 2136 2374 indispensa-

1251 2380 1307 2413 bili
1322 2379 1561 2425 irregularitate
1581 2391 1649 2413 non
1665 2390 1777 2422 parum
1801 2380 2021 2424 periclitatus.
2046 2379 2134 2415 Grae-

1250 2440 1366 2464 corum
1390 2429 1543 2474 Episcopi
1570 2455 1581 2471 ‚
1608 2430 1776 2474 praesertim
1801 2429 1995 2465 Patriarcbae
2015 2453 2027 2471 ‚
2052 2439 2134 2465 nun-

1252 2492 1350 2525 quam
1374 2481 1506 2514 fuerunt
1528 2481 1669 2523 permiffi
1692 2479 1776 2515 ultra
1797 2481 1927 2515 fixuma
1941 2478 2134 2515 canonibus

1251 2542 1380 2574 tempus
1397 2529 1525 2565 differre
1536 2532 1818 2565 consecrationem
1832 2555 1843 2571 ,
1870 2542 1931 2565 nec
1940 2529 2016 2565 ante
2030 2528 2134 2571 ipsam

1252 2581 1481 2616 administrare
1507 2605 1515 2613 .
1551 2580 1666 2614 Primo
1693 2579 1726 2616 id
1755 2579 1921 2615 indultum
1954 2578 2018 2614 fuit
2053 2577 2132 2611 huic

1252 2631 1402 2676 Georgio
1425 2656 1432 2663 .
1459 2631 1564 2678 Quid
1587 2631 1702 2673 nempe
1719 2629 1986 2664 Heracleensium
2007 2627 2134 2663 Metro,

1254 2682 1358 2724 polita
1381 2681 1552 2716 admisisset
1577 2681 1758 2719 unionem,
1784 2677 1923 2723 ideoque
1935 2690 1990 2722 per
2000 2677 2069 2721 ejus
2080 2675 2134 2712 ἀα-

1253 2731 1481 2776 gradationem
1502 2739 1627 2763 vacaret
1653 2728 1795 2763 Ecclesia
1815 2753 1823 2761 .
1853 2729 1898 2762 Et
1917 2728 1998 2772 quia
2018 2738 2134 2762 ornnes

1255 2782 1354 2816 etiam
1376 2778 1712 2814 Con-Provinciales
1730 2778 1891 2813 unionem
1917 2778 2133 2818 admiserant,

1256 2830 1382 2867 vacavit
1403 2829 1504 2872 usque
1525 2829 1565 2863 ad
1577 2829 1675 2863 unius
1697 2827 1902 2873 eBulgaria,
1929 2826 2135 2865 &alteriuse

1256 2879 1416 2923 Naupaffl
1430 2877 1607 2913 Provincia
1626 2877 1831 2914 Schismatici
1842 2879 1996 2923 Episcopi
2015 2877 2136 2912 adven-

1257 2938 1328 2964 tum
1352 2942 1359 2962 :
1386 2930 1436 2963 Hi
1458 2941 1499 2963 ex
1533 2930 1700 2972 Imperiali
1719 2929 1803 2972 jussu
1824 2930 2052 2963 consecrarunt
2078 2939 2136 2961 no-

1258 2990 1337 3017 vum
1349 2980 1515 3014 Heracleae
1538 2978 1789 3023 Metropolitam
1801 3005 1812 3021 ‚
1837 2980 1872 3016 ὃς
1884 2977 1939 3013 hic
1950 2978 2135 3023 Georgium

1259 3029 1480 3065 patriarcham
1507 3054 1516 3062 .
1555 3029 1658 3076 Quod
1681 3030 1779 3064 satius
1803 3029 1842 3064 fit
1862 3029 1967 3073 spinas
1990 3050 2003 3067 ‚
2036 3038 2135 3070 quam

1261 3081 1413 3115 Haeretici
1426 3079 1578 3124 Episcopi
1591 3090 1706 3114 manus
1716 3080 1749 3114 in
1762 3089 1858 3122 caput
1869 3078 2041 3113 admittere
2051 3102 2063 3118 ,
2090 3079 2136 3112 af-

1261 3132 1390 3165 firmant
1411 3131 1540 3174 antiqui
1561 3130 1736 3165 Canones.
1761 3130 1841 3164 Hoc
1860 3129 1965 3171 ipsum
1976 3127 2137 3163 Schisma-

1262 3182 1319 3216 tici
1343 3181 1449 3215 Graeci
1472 3181 1617 3222 clamant
1638 3181 1681 3215 de
1699 3180 1823 3213 Latino
1836 3190 1904 3213 non
1917 3178 2048 3214 tantum
2061 3178 2137 3221 Epi-

1263 3234 1362 3276 scopo
1375 3256 1386 3271 ,
1412 3231 1464 3266 sed
1488 3231 1588 3266 etiam
1609 3229 1648 3265 de
1669 3230 1780 3265 Gra-co
1795 3239 1852 3273 per
1871 3228 2136 3264 LatinamCom-

1264 3283 1458 3317 munionem
1481 3281 1609 3324 polluto
1621 3305 1629 3313 .

1314 3332 1464 3366 Tertiam
1479 3332 1626 3374 injuriam
1638 3328 1771 3364 adducit
1790 3330 1982 3375 incognitus
1992 3322 2138 3360 Michae-

1266 3382 1305 3417 lis
1329 3383 1431 3416 Ducae
1453 3383 1582 3424 Nepos.
1612 3380 1761 3416 Gravidae
1782 3381 1967 3415 Graecorum
1988 3373 2138 3410 mulieres

1267 3445 1308 3468 ex
1328 3433 1414 3469 avita
1453 3434 1570 3479 pietate
1606 3430 1849 3468 consueverunt.
1879 3426 2029 3463 confiteri
2061 3423 2139 3459 ante

1948 3484 2088 3521 partum,

2165 979 2226 1013 Lib.
2235 984 2264 1012 6.
