2352 3736
91 305 165 342 Cap.
187 317 216 334 ιτ.

91 610 151 644 Sess‘.
162 607 209 648 36'.

339 163 439 209 234
646 144 978 187 SANcr1

268 228 334 265 coli
347 229 364 263 ὲ
375 229 528 263 Romana
543 223 684 259 Ecclefia
695 247 709 264 ‚
735 222 859 258 dudum
874 221 943 264 post
957 219 1015 254 sub
1037 219 1149 254 Urba-

267 282 303 314 ni
332 280 413 314 sexti
427 276 632 311 Pontificatu
645 275 763 318 scripfit
776 275 811 307 in
830 271 915 304 libro
926 270 966 304 de
978 269 1152 305 observan-

266 331 312 363 tia
324 331 504 364 Canonum
516 324 711 369 Radulphus
726 320 932 366 Tongrenfis
944 345 951 353 .
981 321 1068 369 Qis
1081 321 1149 356 Ro-

266 390 383 415 manus
405 377 566 411 Pontifex
586 372 773 411 admiserit,
801 372 942 416 ignoro:
970 372 1079 415 Ipsum
1100 373 1149 407 in-

266 430 359 464 terim
385 428 419 462 &
434 428 469 462 in
482 427 635 461 Romana
651 424 685 457 &
699 423 733 457 in
747 422 819 456 aliis
832 421 983 456 Ecclefiis
994 447 1005 462 ‚
1030 423 1065 457 &
1075 423 1146 467 qui-

265 482 341 513 dem
352 490 390 512 ex
400 484 527 520 antiqua
536 474 742 518 confitetudine
761 497 771 514 ,
799 474 858 507 suo
872 481 1020 516 tempore
1030 472 1149 517 viguis-

265 530 296 563 se
307 529 466 568 affirmat,
494 527 633 568 ideoque
646 525 686 559 ad
698 534 815 558 omnes
838 523 897 557 sub
917 533 1076 566 praecepto
1096 534 1149 557 ex-

266 580 371 614 tendit
383 577 564 616 Ecclefias,
589 574 734 619 &largis
754 573 969 618 indulgentiis
994 573 1148 618 perpetuo

266 640 360 664 ornat
372 626 526 671 synodus
538 626 740 660 Bafilecnfis.
768 624 886 669 Longe
907 624 1048 667 amplius
1067 624 1149 657 exal-

265 682 348 713 tavit
364 677 477 712 Sixtus
543 687 654 717 artus,
681 676 804 710 addens
828 677 997 715 octavam,
1024 675 1150 708 &istas

263 730 344 771 ipsas
365 686 588 811 indulgss'iias
619 751 631 768 ,
656 726 774 771 quibus
792 725 966 761 Dominici
990 724 1150 768 Corporis

263 778 491 813 festivitatemr
520 778 674 812 onoravit
701 777 861 812 Urbanus
873 785 1025 818 quartus.
1054 774 1149 809 Atta-

261 842 340 864 men
361 829 429 864 fine
441 837 618 873 praecepto.
644 827 748 873 Qod
776 825 907 861 tandem
929 825 1084 861 omnibus
1109 825 1151 859 ad

259 877 473 916 Catholicam
488 877 660 923 Hispaniae
684 875 918 913 Monarchiam
934 875 1151 921 spectantibus

1048 138 1392 183 Leonts

1463 140 1715 198 NON1‚

1213 221 1345 266 populis
1366 220 1412 255 ob
1432 220 1569 256 devotas
1594 221 1740 267 Philippi
1764 225 1871 270 quarti
1887 224 1988 271 Regis
2009 220 2104 258 in'sa·

1210 283 1298 306 cram
1313 272 1490 316 Virginem
1504 283 1612 315 preces
1624 273 1784 315 imposuit
1797 275 1982 310 Alexander
2006 276 2101 318 septi-

1212 333 1303 356 mus.
1334 322 1377 356 Et
1404 321 1471 365 ejus
1499 322 1533 355 in
1547 321 1679 364 Populo
1692 323 1933 363 celebritatem,
1957 325 2032 359 licet
2053 326 2104 359 ln—

1211 374 1385 407 nocentius
1401 371 1548 406 decimus
1560 371 1752 407 exstinxerit
1765 373 1810 407 ob
1834 376 1944 408 causas
1956 399 1966 414 ,
1991 376 2104 409 multae

1212 423 1360 457 Ecclefiae
1373 422 1562 457 constanter
1583 422 1789 458 retinuerunt
1807 449 1814 457 .
1841 425 1950 459 Sanfli
1972 423 2103 466 Bernar-

1209 474 1244 508 di
1266 472 1448 508 interceffio
1472 473 1555 508 adeo
1567 485 1636 508 uon
1661 473 1854 513 fuitsefficax
1870 497 1878 506 .
1907 474 1981 509 Nec
1994 484 2103 509 tamen

1209 522 1390 567 culpandus
1418 523 1463 558 est
1475 525 1564 559 zelus
1577 549 1584 557 .
1614 522 1705 558 Nam
1732 524 1824 570 quod
1835 524 1935 559 etiam
1951 523 2099 559 adversus

1210 573 1401 608 Dominicae
1414 573 1610 609 Nativitatis
1620 574 1738 610 festum
1751 599 1762 615 ,
1771 576 1853 610 dum
1867 575 1971 619 ipsum
1984 582 2101 618 quarto

1210 624 1298 668 prius
1312 624 1426 658 saeculo
1439 625 1566 659 admisit
1579 624 1794 661 Antiochena
1823 626 1962 661 Ecclefia
1978 650 1990 665 ,
2015 622 2106 662 dosti

1211 675 1244 709 ὃ(
1255 686 1368 721 graves
1379 675 1440 708 viri
1454 676 1692 711 intercesserint
1705 701 1716 716 ‚
1744 677 1880 711 testatur
1891 679 2024 711 Sanetus
2050 673 2105 716 Jo-

1212 736 1314 760 annes
1338 722 1596 769 Chrysostomus
1617 750 1625 758 .
1654 727 1756 761 Plura
1782 739 1874 762 nova
1894 728 1973 761 festa
1996 726 2103 760 zelum

1212 775 1309 809 istum
1327 775 1546 810 sustinuerunt
1562 802 1569 809 .
1596 776 1702 811 Porro
1724 776 1768 811 ad
1780 778 1869 821 cujus
1891 789 1997 821 preces
2011 801 2022 817 ‚
2050 776 2102 813 vel

1209 824 1256 860 ob
1266 836 1347 870 quas
1365 825 1509 861 rationes
1534 827 1605 862 Leo
1618 838 1727 863 nonus
1748 825 1813 864 hoc
1824 828 1941 864 festum
1954 827 2102 862 institue*

1209 876 1273 918 rit,
1297 876 1489 923 ignoramus
1502 903 1510 911 .

264 1005 2107 1234 §LEONISNONI

430 1296 1129 1355 SECUNDUM
1202 1297 1959 1360 CONCILIUM

490 1441 573 1524 R
690 1439 1001 1522 OM
1118 1439 1206 1525 A
1322 1443 1420 1523 N
1536 1442 1627 1528 U
1742 1447 1875 1530 ΜΑ

505 1625 610 1660 uinta
632 1623 758 1659 Leonis
779 1623 881 1669 nostri
902 1622 1057 1668 synodus
1085 1624 1147 1660 fuit

532 1677 686 1711 Romana
710 1674 853 1708 secunda
875 1698 886 1713 ,
922 1673 1034 1709 habita
1057 1685 1147 1709 anno

534 1724 603 1769 post
624 1723 836 1759 millesimum
857 1722 1149 1768 quinquagefimo‚

494 1779 496 1781 '
532 1773 742 1810 hebdomada
776 1773 846 1818 post
870 1774 1088 1808 Dominicam
1114 1773 1149 1807 in

535 1825 649 1861 Albis.
675 1824 745 1858 Hic
765 1823 883 1858 iterum
906 1824 970 1858 effe
989 1822 1030 1858 de
1048 1824 1155 1859 Simo·

532 1875 637 1910 niacis
648 1876 750 1909 tertiae
759 1874 874 1918 speciei
888 1872 1154 1909 ordinationibus

262 1926 465 1970 aisputatum
479 1953 489 1967 ‚
516 1927 549 1960 &
562 1936 677 1960 contra
702 1925 799 1968 ipfius
811 1924 984 1959 Pontificis
1005 1934 1151 1959 mentem

265 1979 350 2021 ipsas
361 1975 596 2020 dispensatorie
607 1975 820 2010 confirmatas
829 2000 840 2015 ‚
860 1975 954 2018 supr&
967 1974 1154 2012 audivimus

263 2029 304 2062 ex
330 2027 491 2072 opusculo
500 2026 684 2071 gratiffimo
696 2025 786 2059 Petri
799 2025 957 2060 Damiani
978 2026 1019 2060 ad
1032 2026 1156 2060 Henti-

264 2084 340 2114 curn
365 2078 536 2112 Ravennae
549 2075 845 2120 Arcbiepiscopum
859 2100 869 2117 ,
895 2076 931 2110 δε
941 2086 984 2110 ex
996 2075 1155 2119 opusculo

265 2129 306 2168 ele
328 2128 425 2173 ipfius
450 2127 637 2172 Legatione
661 2125 902 2161 adAEcclefiam
924 2124 1157 2160 Mediolanen-

268 2182 353 2213 sem.
383 2179 533 2214 Laudata
559 2176 624 2212 buc
644 2178 745 2218 usque
768 2174 939 2210 adversum
959 2176 1156 2221 conjugatos

268 2230 418 2264 Clericos
432 2254 443 2269 ,
470 2228 632 2272 reliquam
654 2227 839 2263 simoniam
858 2251 870 2267 ‚
893 2226 1042 2269 aliosque
1065 2226 1156 2260 istius

268 2281 376 2314 seculi
390 2279 507 2313 abusus
520 2280 660 2313 Decreta
672 2278 770 2313 etiam
792 2276 847 2312 hic
857 2277 992 2312 fuerunt
1012 2274 1157 2311 omnino

268 2330 461 2366 confirmata
475 2353 483 2360 .
506 2328 690 2363 palmarem
713 2327 876 2362 astionem
895 2327 998 2366 edicit
1022 2328 1056 2361 in
1070 2327 1161 2362 libro.

267 2379 311 2415 de
332 2380 530 2415 sacrosanfia
556 2378 760 2414 Eucharistia
793 2379 928 2413 Sanetus
951 2378 1157 2412 Lanfrancus

272 2430 546 2475 Archiepiscopus
579 2429 822 2464 Cantuarienfis
843 2441 850 2461 ε
889 2431 1033 2471 Tempore
1054 2427 1158 2462 Sanc‘li

273 2485 381 2515 Leonis
406 2484 500 2522 Papae
522 2480 621 2512 delata
647 2478 703 2519 est,
729 2481 917 2522 Berengmt,
944 2478 1072 2520 Haerefis
1106 2488 1159 2512 tua

272 2532 317 2564 ad
335 2530 522 2572 apostolicam
532 2531 657 2563 Sedem.
686 2531 826 2571 ,Quicum
836 2530 943 2567 synodo
960 2528 1133 2571 praefideret
1146 2553 1156 2569 ‚

273 2592 308 2614 ac
329 2578 461 2623 resideret
480 2590 545 2612 cum
566 2581 615 2613 illo
634 2590 693 2612 non
708 2587 814 2620 parva
837 2579 995 2611 multitudo
1006 2576 1158 2620 Episcopo-

273 2643 363 2671 rum,
392 2630 559 2668 abbatum,
586 2628 749 2670 diverfique
771 2625 887 2661 ordinis
911 2630 931 2659 ἃ
953 2627 1079 2669 diversis
1102 2631 1159 2660 Re-

271 2681 407 2726 gionibus
421 2677 631 2724 Religiosarum
635 2677 853 2721 personarum,
870 2677 1029 2720 juffumest
1055 2684 1088 2710 ln
1102 2689 1160 2710 om-

277 2739 359 2766 nium
383 2733 540 2764 audientia
561 2734 682 2764 recitari
716 2740 792 2772 quas
818 2728 892 2761 mihi
912 2729 950 2761 a'e
972 2731 1099 2770 Corpore
1124 2729 1159 2764 (α

276 2785 296 2815 5
298 2787 425 2826 anguine
437 2784 558 2814 Domini
574 2781 693 2814 litteras
705 2776 797 2822 trans
793 2777 903 2820 mtjfifli.
930 2778 1062 2812 Portitor
1074 2784 1160 2822 quip-

274 2841 313 2874 pe
331 2844 457 2873 earum,
483 2834 615 2875 Legatus
637 2839 709 2863 tuus
722 2853 733 2870 ,
758 2840 805 2862 me
826 2834 859 2862 in
879 2831 1074 2862 Normandia
1100 2840 1160 2862 non

280 2891 393 2924 reperto
413 2907 425 2923 ,
462 2882 594 2915 tradidit
614 2892 668 2914 eas
690 2877 868 2923 quibusdam
888 2879 1012 2913 Clericis
1034 2903 1041 2911 .
1069 2880 1159 2921 ,Quas

280 2943 341 2965 cum
354 2933 482 2977 legissent
493 2955 505 2972 ‚
531 2933 682 2966 &contra
691 2929 900 2972 ufitatiffimam
913 2927 1047 2969 Ecclefiae
1066 2927 1159 2970 fidem

277 2980 406 3024 scriptas
419 2981 716 3026 animadvertiffirnt‚
742 2982 798 3013 Dei
823 2981 884 3013 zelo
901 2977 1030 3020 accensi,
1056 2978 1159 3021 quibus

282 3032 324 3062 ad
344 3033 496 3074 legendum
508 3044 558 3066 eas
565 3039 789 3075 porrexerunt,
814 3031 954 3072 plurimis
975 3041 1078 3063 earum
1092 3027 1159 3071 sen-

273 3086 391 3129 'tentius
413 3083 513 3115 verbis
537 3080 753 3125 exposuerunt.
780 3085 886 3123 Itaque
912 3079 1034 3122 faHum
1045 3079 1103 3120 est,
1127 3088 1160 3112 ue

283 3130 408 3162 deterior
419 3132 455 3163 de
469 3141 515 3171 te,
542 3144 629 3174 quam
642 3133 680 3166 de
691 3144 737 3165 me
741 3131 841 3174 fuerit
862 3140 928 3164 orta
947 3129 1093 3174 suspicio,
1119 3129 1163 3162 ad

284 3190 372 3222 quem
394 3181 531 3213 videlicet
554 3183 631 3215 tales
644 3183 764 3217 litteras
785 3181 993 3222 destinaretis:
1021 3184 1158 3214 Putanti·

285 3229 339 3262 bus
351 3231 452 3262 multis
463 3241 507 3262 me
511 3229 623 3270 favere
649 3243 684 3264 cic
689 3232 796 3272 fovere
815 3242 881 3274 quae
902 3233 922 3264 ἃ
934 3241 962 3265 te
971 3232 1137 3265 dicerentur
1150 3252 1171 3275 ,γ

284 3279 338 3314 vel
339 3285 446 3324 gratia
454 3288 513 3319 qua
525 3288 553 3311 te
563 3281 713 3322 diligerem
726 3305 736 3320 ,
761 3283 814 3315 vel
819 3282 882 3324 fide
906 3293 969 3324 qua
991 3292 1096 3317 revera
1118 3285 1162 3312 ita

284 3330 338 3372 effe
346 3328 554 3363 indubitanter
566 3336 710 3362 tenerem.
740 3334 833 3372 Igitur
844 3343 907 3364 cum
930 3333 949 3363 ᾶ
971 3334 1097 3374 quodam
1106 3332 1164 3364 Re·

284 3379 375 3421 mensi
391 3379 500 3414 Clerico
526 3380 652 3410 Romam
685 3380 819 3419 perlatas
851 3384 1004 3415 Recitator
1033 3382 1139 3425 legeret
1153 3403 1161 3418 ,

283 3430 426 3466 intellello
438 3429 515 3472 quod
516 3430 546 3473 J
551 3437 674 3462 oannem
697 3428 810 3461 Scotum
834 3431 986 3464 extolleres
999 3456 1010 3472 ‚
1038 3429 1161 3475 Pascha>

1210 1624 1284 1667 stum
1293 1627 1456 1661 damnares
1469 1652 1480 1668 ‚
1505 1636 1653 1664 communi
1662 1632 1699 1665 de
1712 1630 1901 1672 Eucbaerssta
1907 1631 1984 1673 fidei
1993 1634 2108 1668 adver-

1215 1676 1252 1719 sa
1267 1674 1396 1719 sentires
1411 1701 1423 1718 ,
1445 1680 1635 1724 promulgata
1655 1681 1695 1722 est
1718 1687 1752 1714 ln
1766 1691 1795 1714 te
1813 1683 2019 1717 damnationis
2039 1681 2108 1726 sen·

1217 1731 1314 1759 tentia
1337 1750 1349 1766 ,
1385 1732 1521 1768 privans
1542 1738 1571 1763 te
1591 1737 1791 1764 communione
1809 1729 1927 1774 sanHae
1951 1730 2108 1773 Ecclefiae,

1215 1787 1305 1818 quam
1317 1785 1350 1810 tu
1358 1781 1487 1818 privare
1503 1776 1612 1821 sanlla
1637 1782 1701 1821 ejus
1725 1780 2106 1826 commumonesatagebae»

1218 1825 1282 1867 Pest
1291 1826 1354 1860 haec
1362 1834 1508 1870 praecepit
1522 1832 1612 1871 Papa
1634 1840 1667 1864 ut
1690 1842 1741 1874 ego
1752 1828 1900 1875 surgerem
1912 1855 1922 1872 ‚
1942 1837 2041 1874 pravi
2060 1842 2112 1866 ru·-

1216 1882 1306 1909 moris
1318 1878 1337 1909 ἃ
1348 1886 1379 1910 te
1399 1878 1546 1911 maculam
1558 1878 1750 1925 abstergerem
1767 1904 1778 1921 ,
1799 1881 1894 1923 fidem
1912 1893 2011 1916 meam
2018 1891 2106 1925 expo·

1217 1938 1317 1960 nerem
1342 1951 1354 1967 ‚
1380 1927 1540 1971 expositam
1555 1931 1629 1972 plus
1648 1929 1747 1973 sacris
1765 1931 1995 1965 auetoritatibus
2016 1943 2109 1974 qum

1216 1985 1402 2021 argumentis
1422 1979 1604 2021 probarem.
1630 1983 1736 2024 Itaque
1753 1978 1894 2023 surrexi;
1922 1983 2003 2023 quod
2009 1980 2089 2024 senfi
2093 1999 2105 2022 φ

1217 2029 1287 2060 dixi
1300 2040 1315 2070 ;
1341 2030 1423 2070 quod
1432 2030 1500 2063 dixi
1513 2054 1521 2069 ‚
1535 2029 1671 2073 probavi
1682 2043 1697 2072 ;
1722 2032 1804 2074 quod
1807 2031 1937 2073 probavi
1950 2031 2108 2071 ,omnibus

1213 2080 1341 2119 placuit,
1353 2079 1432 2113 nulli
1444 2078 1606 2122 displicuit.
1638 2081 1681 2115 Et
1693 2082 1727 2116 in
1741 2080 1831 2117 libris
1843 2082 1883 2116 de
1896 2080 2106 2117 Eucharistiae

1218 2127 1352 2162 veritate
1368 2130 1502 2164 San&us
1516 2130 1746 2178 Guitmondus
1766 2131 1947 2175 Episcopus
1970 2132 2108 2171 Aversa·

1219 2189 1280 2212 nus
1293 2191 1304 2210 .-
1332 2177 1459 2220 Ecclefia
1465 2187 1522 2222 per
1532 2182 1665 2214 Beatum
1683 2185 1812 2216 Leonem
1824 2185 1945 2223 Papam
1961 2182 2025 2216 baec
2049 2186 2110 2218 Be-

1217 2229 1550 2273 rengarianafigmenta
1576 2243 1646 2264 mox
1662 2237 1695 2265 in
1702 2231 1757 2275 suo
1763 2240 1865 2265 exortu
1877 2234 2050 2267 damnavit.
2065 2234 2110 2269 Et

1220 2280 1254 2312 in
1278 2279 1386 2313 Sancti
1415 2279 1595 2316 Lanfranci
1621 2282 1687 2315 vita
1701 2282 1789 2317 Milo
1808 2281 1997 2326 Crispinus:
2027 2286 2112 2318 Lan-

1211 2329 1342 2371 srancus
1357 2333 1483 2363 Romam
1490 2337 1583 2374 petiit
1593 2331 1682 2375 causa
1695 2331 1854 2375 cujusdam
1872 2333 1980 2367 Clerici
1993 2340 2111 2369 nomme

1220 2382 1399 2424 Berengarli
1415 2405 1427 2422 ‚
1454 2387 1506 2423 qui
1526 2384 1563 2415 de
1586 2384 1776 2417 sacramento
1795 2384 1911 2416 altaris
1933 2385 2022 2418 alim
2042 2386 2111 2429 dog·

1218 2430 1386 2465 matizabar
1397 2454 1407 2470 ,
1418 2468 1421 2470 ‚
1432 2443 1525 2473 quam
1542 2431 1669 2473 Ecclesia
1680 2442 1761 2467 tenet
1775 2458 1782 2465 .
1807 2434 1933 2467 Dicebat
1951 2440 2033 2468 enim
2051 2441 2110 2476 pa-

1220 2491 1287 2513 nem
1308 2481 1342 2514 (5
1352 2486 1458 2514 vinum
1466 2481 1531 2524 post
1539 2481 1782 2525 consecrationem
1804 2484 2025 2516 Sacramentum
2041 2492 2109 2516 tan-

1219 2540 1281 2563 tum
1296 2555 1306 2571 ‚
1323 2543 1381 2564 non
1393 2540 1492 2565 autem
1500 2533 1552 2575 effe
1562 2544 1669 2566 verum
1682 2532 1792 2570 chrisi}
1803 2536 1916 2573 Corpus
1939 2534 1974 2566 (tt
1984 2535 2112 2577 Sangui-

1219 2592 1287 2614 nem
1301 2606 1307 2613 .
1335 2581 1390 2621 Jste
1400 2583 1533 2616 Clericus
1546 2582 1720 2623 Lanftanco
1731 2581 1969 2624 quafifamlliari
1994 2581 2049 2625 suo
2057 2586 2109 2617 lit·

1219 2640 1298 2663 teras
1308 2631 1431 2674 miftrat
1441 2643 1540 2665 errore
1550 2630 1612 2674 ipso
1621 2630 1770 2674 respersas
1781 2644 1787 2663 :
1816 2634 1886 2664 Eas
1897 2638 1949 2674 qui
1961 2633 2104 2676 legerunt,

1220 2681 1429 2721 Lanfrancum
1440 2680 1634 2724 taliasentIre
1644 2687 1761 2722 opinati
1769 2679 1843 2724 sunt
1855 2705 1866 2721 ‚
1892 2680 2040 2724 &socium
2061 2695 2110 2718 er·

1220 2740 1298 2763 roris
1316 2731 1555 2770 diffamaverunt
1568 2754 1576 2763 .
1605 2735 1644 2762 At
1663 2739 1729 2764 tum
1744 2731 1831 2773 forte
1857 2732 2052 2773 Lanfrancus
2065 2735 2112 2768 ad

1219 2780 1319 2813 urbem
1326 2779 1480 2821 profh‘lus
1489 2779 1595 2821 fuerat
1606 2782 1806 2824 Pontificante
1816 2789 1888 2814 tum·
1896 2783 1999 2816 sedem
2013 2785 2109 2817 Beati

1223 2833 1308 2863 Petri
1324 2833 1421 2863 Leone
1430 2829 1552 2864 ottavo.
1579 2834 1698 2870 Amici,
1724 2838 1775 2874 qui
1788 2831 1950 2875 infamiam
1965 2832 2023 2875 fibi
2044 2844 2110 2867 con-

1217 2879 1325 2922 flatam
1347 2881 1530 2920 audierunt,
1554 2882 1673 2914 litteras
1693 2880 1776 2925 ipsas
1785 2881 1849 2924 pest
1872 2893 1938 2915 eum
1960 2881 2105 2925 miftrunt

1221 2932 1368 2970 Romam,
1395 2930 1494 2973 ibique
1509 2929 1706 2974 suspicionem
1730 2934 1769 2966 de
1797 2932 1970 2974 Lanftanco
1990 2932 2110 2976 quibus-

1223 2982 1293 3012 dam
1298 2988 1481 3022 pepererunt
1491 3006 1499 3013 .
1527 2984 1614 3024 Papa
1630 2984 1845 3026 Berengarium
1864 2984 1909 3014 ad
1917 2983 1996 3014 diem
2022 2994 2109 3015 voca-

1223 3037 1288 3064 vit.
1317 3031 1424 3064 Verum
1445 3032 1493 3065 ille
1517 3036 1624 3065 timens
1645 3040 1749 3066 venire
1762 3057 1774 3073 ,
1797 3031 1906 3072 distulit
1923 3054 1933 3069 ,
1956 3030 2017 3074 sed
2036 3032 2110 3076 Res-

1222 3079 1354 3124 ponsales
1360 3090 1417 3124 pro
1422 3080 1455 3124 se
1467 3082 1540 3115 duos
1553 3083 1682 3116 clericos
1695 3082 1769 3124 mifit
1781 3105 1794 3122 ‚
1819 3087 1871 3123 qul
1899 3090 1971 3115 ante
1986 3086 2109 3125 Papam

1224 3138 1377 3164 venientes
1388 3155 1397 3170 ‚
1425 3133 1458 3165 (φ’
1470 3138 1504 3164 in
1520 3131 1608 3176 causa
1618 3133 1783 3176 deficientes
1797 3155 1808 3169 ‚
1832 3132 1981 3173 reprobati
2008 3135 2042 3167 Θ
2061 3144 2109 3167 ca-

1223 3187 1269 3223 pti
1278 3181 1352 3224 sunt
1364 3206 1372 3213 .
1400 3182 1593 3224 Lanfrancus
1600 3180 1830 3226 juffurfierrexit
1838 3207 1848 3221 ,
1872 3189 1969 3223 pravi
1981 3189 2107 3217 rumori:

1225 3234 1242 3262 A
1256 3231 1288 3274 se
1302 3234 1451 3265 maculam
1461 3231 1607 3273 abstersit,
1629 3227 1815 3274 fidemsuam
1837 3231 1972 3276 exposuit
1985 3258 1995 3273 ,
2019 3240 2111 3273 expo-

1228 3281 1307 3314 fftam
1323 3284 1393 3324 plus
1408 3281 1504 3326 sacris
1524 3281 1749 3316 auderitatibus
1764 3306 1775 3322 ‚
1801 3293 1892 3323 quam
1925 3279 2106 3325 argumentis

1229 3332 1383 3366 orobavit.
1412 3334 1506 3376 ‚Quod
1523 3333 1607 3364 dixit
1633 3332 1667 3365 (9
1688 3332 1832 3373 probavit
1851 3356 1862 3372 ‚
1888 3332 2020 3366 omnibus
2038 3334 2108 3373 pla-

1229 3389 1285 3416 :·ui't
1298 3408 1308 3424 ‚
1337 3385 1409 3416 nulli
1429 3381 1595 3425 displicuit.

1888 3482 1918 3511 Ε
1921 3486 2062 3523 inponitur

2124 2269 2197 2308 cap.
2211 2276 2240 2305 3.
