<?xml version="1.0" encoding="UTF-8"?>
<!DOCTYPE html PUBLIC "-//W3C//DTD XHTML 1.0 Transitional//EN"
    "http://www.w3.org/TR/xhtml1/DTD/xhtml1-transitional.dtd">
<html xmlns="http://www.w3.org/1999/xhtml" xml:lang="en" lang="en">
 <head>
  <title>
</title>
<meta http-equiv="Content-Type" content="text/html;charset=utf-8" />
  <meta name='ocr-system' content='tesseract 3.04.00' />
  <meta name='ocr-capabilities' content='ocr_page ocr_carea ocr_par ocr_line ocrx_word'/>
</head>
<body>
  <div class='ocr_page' id='page_1' title='image "./operaomniastudio04lupuuoft/operaomniastudio04lupuuoft_0446.png"; bbox 0 0 2352 3736; ppageno 0'>
   <div class='ocr_carea' id='block_1_1' title="bbox 104 1062 241 1141">
    <p class='ocr_par' dir='ltr' id='par_1_1' title="bbox 104 1062 241 1141">
     <span class='ocr_line' id='line_1_1' title="bbox 105 1062 238 1100; baseline -0.015 -8"><span class='ocrx_word' id='word_1_1' title='bbox 105 1062 167 1092; x_wconf 80' lang='lat' dir='ltr'>Lib.</span> <span class='ocrx_word' id='word_1_2' title='bbox 195 1074 238 1100; x_wconf 74' lang='lat'>¹4·</span> 
     </span>
     <span class='ocr_line' id='line_1_2' title="bbox 104 1105 241 1141; baseline -0.022 -8"><span class='ocrx_word' id='word_1_3' title='bbox 104 1105 178 1141; x_wconf 77' lang='lat' dir='ltr'>Cap.</span> <span class='ocrx_word' id='word_1_4' title='bbox 200 1114 241 1134; x_wconf 81' lang='lat' dir='ltr'>ic.</span> 
     </span>
    </p>
   </div>
   <div class='ocr_carea' id='block_1_2' title="bbox 97 1569 232 1648">
    <p class='ocr_par' dir='ltr' id='par_1_2' title="bbox 97 1569 232 1648">
     <span class='ocr_line' id='line_1_3' title="bbox 98 1569 230 1604; baseline -0.023 -4"><span class='ocrx_word' id='word_1_5' title='bbox 98 1569 160 1600; x_wconf 63' lang='lat' dir='ltr'>Lib.</span> <span class='ocrx_word' id='word_1_6' title='bbox 186 1579 230 1604; x_wconf 79' lang='lat'>15·</span> 
     </span>
     <span class='ocr_line' id='line_1_4' title="bbox 97 1612 232 1648; baseline -0.022 -8"><span class='ocrx_word' id='word_1_7' title='bbox 97 1612 171 1648; x_wconf 64' lang='lat' dir='ltr'>Cap»</span> <span class='ocrx_word' id='word_1_8' title='bbox 190 1621 232 1639; x_wconf 75' lang='grc' dir='ltr'>ιι,</span> 
     </span>
    </p>
   </div>
   <div class='ocr_carea' id='block_1_3' title="bbox 355 126 460 176">
    <p class='ocr_par' dir='ltr' id='par_1_3' title="bbox 355 126 460 176">
     <span class='ocr_line' id='line_1_5' title="bbox 355 126 460 176; baseline 0 0"><span class='ocrx_word' id='word_1_9' title='bbox 355 126 460 176; x_wconf 78' lang='lat'>436</span> 
     </span>
    </p>
   </div>
   <div class='ocr_carea' id='block_1_4' title="bbox 264 198 1179 3452">
    <p class='ocr_par' dir='ltr' id='par_1_4' title="bbox 281 198 1179 891">
     <span class='ocr_line' id='line_1_6' title="bbox 288 198 1179 243; baseline -0.006 -6"><span class='ocrx_word' id='word_1_10' title='bbox 288 201 449 237; x_wconf 84' lang='lat' dir='ltr'>Primates</span> <span class='ocrx_word' id='word_1_11' title='bbox 471 226 484 243; x_wconf 86' lang='lat'><strong>,</strong></span> <span class='ocrx_word' id='word_1_12' title='bbox 508 211 563 235; x_wconf 82' lang='lat' dir='ltr'>aut</span> <span class='ocrx_word' id='word_1_13' title='bbox 584 198 835 241; x_wconf 81' lang='lat' dir='ltr'>Metropolitas:</span> <span class='ocrx_word' id='word_1_14' title='bbox 874 199 951 233; x_wconf 84' lang='lat' dir='ltr'>Hos</span> <span class='ocrx_word' id='word_1_15' title='bbox 970 210 1087 233; x_wconf 82' lang='lat' dir='ltr'>omnes</span> <span class='ocrx_word' id='word_1_16' title='bbox 1109 210 1179 243; x_wconf 92' lang='lat' dir='ltr'>pro-</span> 
     </span>
     <span class='ocr_line' id='line_1_7' title="bbox 288 247 1178 293; baseline -0.002 -7"><span class='ocrx_word' id='word_1_17' title='bbox 288 262 413 287; x_wconf 86' lang='lat' dir='ltr'>creatos</span> <span class='ocrx_word' id='word_1_18' title='bbox 436 256 455 286; x_wconf 70' lang='lat' dir='ltr'>a</span> <span class='ocrx_word' id='word_1_19' title='bbox 464 260 587 293; x_wconf 81' lang='lat' dir='ltr'>magno</span> <span class='ocrx_word' id='word_1_20' title='bbox 599 247 821 283; x_wconf 79' lang='lat' dir='ltr'>Constantino</span> <span class='ocrx_word' id='word_1_21' title='bbox 832 249 867 283; x_wconf 77' lang='grc' dir='ltr'>δε</span> <span class='ocrx_word' id='word_1_22' title='bbox 877 248 914 282; x_wconf 91' lang='lat' dir='ltr'>N</span> <span class='ocrx_word' id='word_1_23' title='bbox 917 249 1014 283; x_wconf 82' lang='lat' dir='ltr'>icaena</span> <span class='ocrx_word' id='word_1_24' title='bbox 1026 249 1178 291; x_wconf 83' lang='lat' dir='ltr'>synodo,</span> 
     </span>
     <span class='ocr_line' id='line_1_8' title="bbox 287 297 1178 345; baseline -0.002 -9"><span class='ocrx_word' id='word_1_25' title='bbox 287 301 429 345; x_wconf 72' lang='lat' dir='ltr'>ideoque</span> <span class='ocrx_word' id='word_1_26' title='bbox 439 299 572 342; x_wconf 81' lang='lat' dir='ltr'>Papalia</span> <span class='ocrx_word' id='word_1_27' title='bbox 587 297 756 343; x_wconf 80' lang='lat' dir='ltr'>privilegia</span> <span class='ocrx_word' id='word_1_28' title='bbox 770 310 826 343; x_wconf 89' lang='lat' dir='ltr'>per</span> <span class='ocrx_word' id='word_1_29' title='bbox 839 298 1030 342; x_wconf 85' lang='lat' dir='ltr'>posteriores</span> <span class='ocrx_word' id='word_1_30' title='bbox 1051 299 1178 335; x_wconf 87' lang='lat' dir='ltr'>Princi-</span> 
     </span>
     <span class='ocr_line' id='line_1_9' title="bbox 287 348 1177 395; baseline 0 -11"><span class='ocrx_word' id='word_1_31' title='bbox 287 362 343 395; x_wconf 85' lang='lat' dir='ltr'>pes</span> <span class='ocrx_word' id='word_1_32' title='bbox 367 361 404 382; x_wconf 83' lang='lat' dir='ltr'>ac</span> <span class='ocrx_word' id='word_1_33' title='bbox 430 349 584 392; x_wconf 85' lang='lat' dir='ltr'>synodos</span> <span class='ocrx_word' id='word_1_34' title='bbox 611 349 752 393; x_wconf 77' lang='lat' dir='ltr'>potuisse</span> <span class='ocrx_word' id='word_1_35' title='bbox 777 348 954 391; x_wconf 80' lang='lat' dir='ltr'>contrahi,</span> <span class='ocrx_word' id='word_1_36' title='bbox 990 350 1141 393; x_wconf 86' lang='lat' dir='ltr'>ampliari</span> <span class='ocrx_word' id='word_1_37' title='bbox 1165 375 1177 391; x_wconf 91' lang='lat'>,</span> 
     </span>
     <span class='ocr_line' id='line_1_10' title="bbox 286 398 1175 444; baseline 0 -10"><span class='ocrx_word' id='word_1_38' title='bbox 286 399 474 440; x_wconf 84' lang='lat' dir='ltr'>transferri,</span> <span class='ocrx_word' id='word_1_39' title='bbox 499 400 689 444; x_wconf 84' lang='lat' dir='ltr'>exstingui,</span> <span class='ocrx_word' id='word_1_40' title='bbox 715 398 821 442; x_wconf 77' lang='lat' dir='ltr'>&amp;jam</span> <span class='ocrx_word' id='word_1_41' title='bbox 833 399 949 434; x_wconf 81' lang='lat' dir='ltr'>Romae</span> <span class='ocrx_word' id='word_1_42' title='bbox 961 411 1015 444; x_wconf 84' lang='lat' dir='ltr'>per</span> <span class='ocrx_word' id='word_1_43' title='bbox 1036 398 1175 435; x_wconf 83' lang='lat' dir='ltr'>haerefim</span> 
     </span>
     <span class='ocr_line' id='line_1_11' title="bbox 286 448 1175 496; baseline -0.002 -10"><span class='ocrx_word' id='word_1_44' title='bbox 286 452 347 487; x_wconf 81' lang='lat' dir='ltr'>effe</span> <span class='ocrx_word' id='word_1_45' title='bbox 370 450 500 496; x_wconf 87' lang='lat' dir='ltr'>penitus</span> <span class='ocrx_word' id='word_1_46' title='bbox 520 451 697 485; x_wconf 67' lang='lat' dir='ltr'>exstincta.</span> <span class='ocrx_word' id='word_1_47' title='bbox 723 449 767 483; x_wconf 88' lang='lat' dir='ltr'>Et</span> <span class='ocrx_word' id='word_1_48' title='bbox 787 448 853 483; x_wconf 77' lang='lat' dir='ltr'>haec</span> <span class='ocrx_word' id='word_1_49' title='bbox 876 451 970 491; x_wconf 83' lang='lat' dir='ltr'>sunt,</span> <span class='ocrx_word' id='word_1_50' title='bbox 998 450 1074 485; x_wconf 90' lang='lat' dir='ltr'>licet</span> <span class='ocrx_word' id='word_1_51' title='bbox 1096 449 1175 485; x_wconf 91' lang='lat' dir='ltr'>hinc</span> 
     </span>
     <span class='ocr_line' id='line_1_12' title="bbox 284 497 1175 541; baseline -0.006 -3"><span class='ocrx_word' id='word_1_52' title='bbox 284 501 363 538; x_wconf 77' lang='lat' dir='ltr'>inde</span> <span class='ocrx_word' id='word_1_53' title='bbox 378 502 526 541; x_wconf 77' lang='lat' dir='ltr'>varient,</span> <span class='ocrx_word' id='word_1_54' title='bbox 552 499 709 536; x_wconf 90' lang='lat' dir='ltr'>hodierna</span> <span class='ocrx_word' id='word_1_55' title='bbox 730 497 1007 535; x_wconf 83' lang='lat' dir='ltr'>schismaticorum</span> <span class='ocrx_word' id='word_1_56' title='bbox 1028 502 1155 536; x_wconf 88' lang='lat' dir='ltr'>somnia</span> <span class='ocrx_word' id='word_1_57' title='bbox 1168 525 1175 532; x_wconf 92' lang='lat'><strong>.</strong></span> 
     </span>
     <span class='ocr_line' id='line_1_13' title="bbox 284 550 1175 594; baseline -0.001 -8"><span class='ocrx_word' id='word_1_58' title='bbox 284 553 337 586; x_wconf 82' lang='lat' dir='ltr'>Ex</span> <span class='ocrx_word' id='word_1_59' title='bbox 350 550 402 587; x_wconf 89' lang='lat' dir='ltr'>his</span> <span class='ocrx_word' id='word_1_60' title='bbox 411 552 637 586; x_wconf 74' lang='lat' dir='ltr'><strong>provinciales</strong></span> <span class='ocrx_word' id='word_1_61' title='bbox 662 551 815 594; x_wconf 84' lang='lat' dir='ltr'>Episcopi</span> <span class='ocrx_word' id='word_1_62' title='bbox 835 552 901 585; x_wconf 92' lang='lat' dir='ltr'>suis</span> <span class='ocrx_word' id='word_1_63' title='bbox 925 551 1150 594; x_wconf 87' lang='lat' dir='ltr'>Metropolitis</span> <span class='ocrx_word' id='word_1_64' title='bbox 1164 575 1175 592; x_wconf 92' lang='lat'>,</span> 
     </span>
     <span class='ocr_line' id='line_1_14' title="bbox 284 600 1176 645; baseline -0.003 -7"><span class='ocrx_word' id='word_1_65' title='bbox 284 603 452 638; x_wconf 86' lang='lat' dir='ltr'>autetiam</span> <span class='ocrx_word' id='word_1_66' title='bbox 465 600 661 637; x_wconf 73' lang='lat' dir='ltr'>patriarchis</span> <span class='ocrx_word' id='word_1_67' title='bbox 672 602 729 635; x_wconf 82' lang='lat' dir='ltr'>vix</span> <span class='ocrx_word' id='word_1_68' title='bbox 749 601 927 645; x_wconf 84' lang='lat' dir='ltr'>dignantur</span> <span class='ocrx_word' id='word_1_69' title='bbox 947 601 1100 636; x_wconf 88' lang='lat' dir='ltr'>obedire.</span> <span class='ocrx_word' id='word_1_70' title='bbox 1129 602 1176 635; x_wconf 88' lang='lat' dir='ltr'>lta</span> 
     </span>
     <span class='ocr_line' id='line_1_15' title="bbox 283 652 1176 697; baseline -0.003 -9"><span class='ocrx_word' id='word_1_71' title='bbox 283 665 372 688; x_wconf 90' lang='lat' dir='ltr'>error</span> <span class='ocrx_word' id='word_1_72' title='bbox 382 656 506 697; x_wconf 85' lang='lat' dir='ltr'>semper</span> <span class='ocrx_word' id='word_1_73' title='bbox 517 653 695 697; x_wconf 80' lang='lat' dir='ltr'>praecipitat</span> <span class='ocrx_word' id='word_1_74' title='bbox 718 652 752 686; x_wconf 90' lang='lat' dir='ltr'>in</span> <span class='ocrx_word' id='word_1_75' title='bbox 778 662 942 693; x_wconf 86' lang='lat' dir='ltr'>errorem,</span> <span class='ocrx_word' id='word_1_76' title='bbox 968 653 1003 686; x_wconf 73' lang='grc' dir='ltr'>ἀ</span> <span class='ocrx_word' id='word_1_77' title='bbox 1029 652 1176 686; x_wconf 84' lang='lat' dir='ltr'>miseran-</span> 
     </span>
     <span class='ocr_line' id='line_1_16' title="bbox 283 700 1176 738; baseline -0.001 -1"><span class='ocrx_word' id='word_1_78' title='bbox 283 703 359 738; x_wconf 87' lang='lat' dir='ltr'>dam</span> <span class='ocrx_word' id='word_1_79' title='bbox 380 705 533 738; x_wconf 88' lang='lat' dir='ltr'>omniurn</span> <span class='ocrx_word' id='word_1_80' title='bbox 557 714 662 737; x_wconf 87' lang='lat' dir='ltr'>rerum</span> <span class='ocrx_word' id='word_1_81' title='bbox 685 702 927 736; x_wconf 77' lang='lat' dir='ltr'>confufionem.</span> <span class='ocrx_word' id='word_1_82' title='bbox 957 702 1001 736; x_wconf 88' lang='lat' dir='ltr'>Et</span> <span class='ocrx_word' id='word_1_83' title='bbox 1022 714 1064 736; x_wconf 86' lang='lat' dir='ltr'>ex</span> <span class='ocrx_word' id='word_1_84' title='bbox 1089 700 1176 736; x_wconf 87' lang='lat' dir='ltr'>hisce</span> 
     </span>
     <span class='ocr_line' id='line_1_17' title="bbox 282 751 1175 799; baseline -0.002 -10"><span class='ocrx_word' id='word_1_85' title='bbox 282 755 387 789; x_wconf 85' lang='lat' dir='ltr'>deviis</span> <span class='ocrx_word' id='word_1_86' title='bbox 410 753 578 799; x_wconf 81' lang='lat' dir='ltr'>principiis</span> <span class='ocrx_word' id='word_1_87' title='bbox 600 753 812 797; x_wconf 81' lang='lat' dir='ltr'>praecipitatus</span> <span class='ocrx_word' id='word_1_88' title='bbox 834 753 934 787; x_wconf 86' lang='lat' dir='ltr'>etiam</span> <span class='ocrx_word' id='word_1_89' title='bbox 956 751 1019 786; x_wconf 90' lang='lat' dir='ltr'>fuit</span> <span class='ocrx_word' id='word_1_90' title='bbox 1043 752 1175 787; x_wconf 89' lang='lat' dir='ltr'>Marcus</span> 
     </span>
     <span class='ocr_line' id='line_1_18' title="bbox 282 801 1174 848; baseline -0.002 -9"><span class='ocrx_word' id='word_1_91' title='bbox 282 805 454 841; x_wconf 84' lang='lat' dir='ltr'>Antonius</span> <span class='ocrx_word' id='word_1_92' title='bbox 477 805 517 840; x_wconf 86' lang='lat' dir='ltr'>de</span> <span class='ocrx_word' id='word_1_93' title='bbox 538 804 696 840; x_wconf 81' lang='lat' dir='ltr'>Dominis</span> <span class='ocrx_word' id='word_1_94' title='bbox 720 826 733 843; x_wconf 92' lang='lat'>,</span> <span class='ocrx_word' id='word_1_95' title='bbox 767 801 1042 847; x_wconf 77' lang='lat' dir='ltr'>Archiepiscopus</span> <span class='ocrx_word' id='word_1_96' title='bbox 1069 802 1174 848; x_wconf 86' lang='lat' dir='ltr'>Spala-</span> 
     </span>
     <span class='ocr_line' id='line_1_19' title="bbox 281 858 398 891; baseline 0 -1"><span class='ocrx_word' id='word_1_97' title='bbox 281 858 398 891; x_wconf 84' lang='lat' dir='ltr'>tenfis.</span> 
     </span>
    </p>

    <p class='ocr_par' dir='ltr' id='par_1_5' title="bbox 332 902 1173 947">
     <span class='ocr_line' id='line_1_20' title="bbox 332 902 1173 947; baseline -0.004 -6"><span class='ocrx_word' id='word_1_98' title='bbox 332 908 384 941; x_wconf 85' lang='lat' dir='ltr'>Ex</span> <span class='ocrx_word' id='word_1_99' title='bbox 395 907 512 941; x_wconf 86' lang='lat' dir='ltr'>eodem</span> <span class='ocrx_word' id='word_1_100' title='bbox 526 907 619 940; x_wconf 90' lang='lat' dir='ltr'>fonte</span> <span class='ocrx_word' id='word_1_101' title='bbox 630 902 791 939; x_wconf 87' lang='lat' dir='ltr'>secundus</span> <span class='ocrx_word' id='word_1_102' title='bbox 812 912 977 947; x_wconf 69' lang='lat' dir='ltr'>occupatae</span> <span class='ocrx_word' id='word_1_103' title='bbox 998 902 1016 937; x_wconf 67' lang='lat' dir='ltr'>a</span> <span class='ocrx_word' id='word_1_104' title='bbox 1040 903 1173 938; x_wconf 83' lang='lat' dir='ltr'>Francis</span> 
     </span>
    </p>

    <p class='ocr_par' dir='ltr' id='par_1_6' title="bbox 268 952 1174 2949">
     <span class='ocr_line' id='line_1_21' title="bbox 282 952 1172 997; baseline -0.006 -4"><span class='ocrx_word' id='word_1_105' title='bbox 282 956 475 994; x_wconf 81' lang='lat' dir='ltr'>Antiocbiae</span> <span class='ocrx_word' id='word_1_106' title='bbox 498 956 637 990; x_wconf 85' lang='lat' dir='ltr'>Latinus</span> <span class='ocrx_word' id='word_1_107' title='bbox 660 952 845 988; x_wconf 78' lang='lat' dir='ltr'>patriarcha</span> <span class='ocrx_word' id='word_1_108' title='bbox 864 952 1062 997; x_wconf 87' lang='lat' dir='ltr'>Radulphus</span> <span class='ocrx_word' id='word_1_109' title='bbox 1089 953 1172 988; x_wconf 84' lang='lat' dir='ltr'>bibit</span> 
     </span>
     <span class='ocr_line' id='line_1_22' title="bbox 281 1002 1174 1048; baseline -0.008 -4"><span class='ocrx_word' id='word_1_110' title='bbox 281 1007 367 1044; x_wconf 82' lang='lat' dir='ltr'>istud</span> <span class='ocrx_word' id='word_1_111' title='bbox 388 1018 549 1043; x_wconf 79' lang='lat' dir='ltr'>venenum</span> <span class='ocrx_word' id='word_1_112' title='bbox 566 1031 576 1047; x_wconf 89' lang='lat'>,</span> <span class='ocrx_word' id='word_1_113' title='bbox 601 1005 642 1039; x_wconf 89' lang='lat' dir='ltr'>de</span> <span class='ocrx_word' id='word_1_114' title='bbox 654 1003 721 1048; x_wconf 83' lang='lat' dir='ltr'>quo</span> <span class='ocrx_word' id='word_1_115' title='bbox 733 1002 842 1038; x_wconf 89' lang='lat' dir='ltr'>scribit</span> <span class='ocrx_word' id='word_1_116' title='bbox 859 1004 993 1038; x_wconf 87' lang='lat' dir='ltr'>in.sacri</span> <span class='ocrx_word' id='word_1_117' title='bbox 1014 1003 1090 1038; x_wconf 89' lang='lat' dir='ltr'>belli</span> <span class='ocrx_word' id='word_1_118' title='bbox 1111 1004 1174 1038; x_wconf 91' lang='lat' dir='ltr'>Hi-</span> 
     </span>
     <span class='ocr_line' id='line_1_23' title="bbox 280 1054 1172 1098; baseline -0.007 -3"><span class='ocrx_word' id='word_1_119' title='bbox 280 1059 377 1094; x_wconf 81' lang='lat' dir='ltr'>storia</span> <span class='ocrx_word' id='word_1_120' title='bbox 391 1058 589 1092; x_wconf 85' lang='lat' dir='ltr'>Guilielmus</span> <span class='ocrx_word' id='word_1_121' title='bbox 602 1054 817 1098; x_wconf 84' lang='lat' dir='ltr'>Metropolita</span> <span class='ocrx_word' id='word_1_122' title='bbox 829 1054 1012 1098; x_wconf 86' lang='lat' dir='ltr'>Tyriorum</span> <span class='ocrx_word' id='word_1_123' title='bbox 1026 1067 1032 1087; x_wconf 90' lang='lat'>:</span> <span class='ocrx_word' id='word_1_124' title='bbox 1059 1056 1172 1089; x_wconf 82' lang='lat' dir='ltr'>Radal-</span> 
     </span>
     <span class='ocr_line' id='line_1_24' title="bbox 274 1104 1171 1154; baseline -0.004 -11"><span class='ocrx_word' id='word_1_125' title='bbox 274 1111 381 1154; x_wconf 83' lang='lat' dir='ltr'>pbus,</span> <span class='ocrx_word' id='word_1_126' title='bbox 408 1120 475 1143; x_wconf 89' lang='lat' dir='ltr'>non</span> <span class='ocrx_word' id='word_1_127' title='bbox 490 1108 529 1142; x_wconf 88' lang='lat' dir='ltr'>ab</span> <span class='ocrx_word' id='word_1_128' title='bbox 542 1106 731 1150; x_wconf 68' lang='lat' dir='ltr'>Epffcopis,</span> <span class='ocrx_word' id='word_1_129' title='bbox 757 1105 809 1140; x_wconf 90' lang='lat' dir='ltr'>sed</span> <span class='ocrx_word' id='word_1_130' title='bbox 834 1104 852 1138; x_wconf 70' lang='grc' dir='ltr'>ἐι</span> <span class='ocrx_word' id='word_1_131' title='bbox 876 1105 946 1139; x_wconf 90' lang='lat' dir='ltr'>solo</span> <span class='ocrx_word' id='word_1_132' title='bbox 967 1106 1090 1148; x_wconf 89' lang='lat' dir='ltr'>populo</span> <span class='ocrx_word' id='word_1_133' title='bbox 1110 1105 1171 1139; x_wconf 86' lang='lat' dir='ltr'>elc-</span> 
     </span>
     <span class='ocr_line' id='line_1_25' title="bbox 280 1154 1172 1200; baseline -0.006 -6"><span class='ocrx_word' id='word_1_134' title='bbox 280 1163 366 1200; x_wconf 69' lang='grc' dir='ltr'>ἂυε,</span> <span class='ocrx_word' id='word_1_135' title='bbox 394 1157 551 1199; x_wconf 80' lang='lat' dir='ltr'>Ecclesiam</span> <span class='ocrx_word' id='word_1_136' title='bbox 575 1158 609 1191; x_wconf 67' lang='lat'>&lt;5</span> <span class='ocrx_word' id='word_1_137' title='bbox 632 1157 782 1189; x_wconf 83' lang='lat' dir='ltr'>Palatium</span> <span class='ocrx_word' id='word_1_138' title='bbox 805 1163 968 1197; x_wconf 86' lang='lat' dir='ltr'>occupans,</span> <span class='ocrx_word' id='word_1_139' title='bbox 990 1156 1094 1195; x_wconf 83' lang='lat' dir='ltr'>statim</span> <span class='ocrx_word' id='word_1_140' title='bbox 1109 1154 1172 1196; x_wconf 86' lang='lat' dir='ltr'>sine</span> 
     </span>
     <span class='ocr_line' id='line_1_26' title="bbox 278 1206 1171 1246; baseline -0.003 -4"><span class='ocrx_word' id='word_1_141' title='bbox 278 1223 361 1243; x_wconf 86' lang='lat' dir='ltr'>mora</span> <span class='ocrx_word' id='word_1_142' title='bbox 388 1211 516 1243; x_wconf 81' lang='lat' dir='ltr'>Pallium</span> <span class='ocrx_word' id='word_1_143' title='bbox 539 1209 576 1240; x_wconf 90' lang='lat' dir='ltr'>de</span> <span class='ocrx_word' id='word_1_144' title='bbox 597 1208 688 1240; x_wconf 85' lang='lat' dir='ltr'>altari</span> <span class='ocrx_word' id='word_1_145' title='bbox 708 1206 788 1240; x_wconf 83' lang='lat' dir='ltr'>beati</span> <span class='ocrx_word' id='word_1_146' title='bbox 813 1208 918 1246; x_wconf 81' lang='lat' dir='ltr'>Petri,</span> <span class='ocrx_word' id='word_1_147' title='bbox 945 1207 1027 1239; x_wconf 86' lang='lat' dir='ltr'>nulla</span> <span class='ocrx_word' id='word_1_148' title='bbox 1050 1207 1094 1239; x_wconf 85' lang='lat' dir='ltr'>ad</span> <span class='ocrx_word' id='word_1_149' title='bbox 1114 1209 1171 1239; x_wconf 86' lang='lat' dir='ltr'>Ec-</span> 
     </span>
     <span class='ocr_line' id='line_1_27' title="bbox 279 1254 1170 1303; baseline -0.006 -10"><span class='ocrx_word' id='word_1_150' title='bbox 279 1261 389 1303; x_wconf 80' lang='lat' dir='ltr'>cleſsam</span> <span class='ocrx_word' id='word_1_151' title='bbox 400 1264 567 1292; x_wconf 83' lang='lat' dir='ltr'>Romanam</span> <span class='ocrx_word' id='word_1_152' title='bbox 579 1256 684 1289; x_wconf 84' lang='lat' dir='ltr'>habita</span> <span class='ocrx_word' id='word_1_153' title='bbox 696 1263 866 1290; x_wconf 82' lang='lat' dir='ltr'>reverentia</span> <span class='ocrx_word' id='word_1_154' title='bbox 879 1280 888 1296; x_wconf 87' lang='lat'>,</span> <span class='ocrx_word' id='word_1_155' title='bbox 908 1254 965 1297; x_wconf 76' lang='lat' dir='ltr'>sibi</span> <span class='ocrx_word' id='word_1_156' title='bbox 987 1254 1146 1299; x_wconf 79' lang='lat' dir='ltr'><em>adsumpsit</em></span> <span class='ocrx_word' id='word_1_157' title='bbox 1163 1281 1170 1288; x_wconf 92' lang='lat'><strong>.</strong></span> 
     </span>
     <span class='ocr_line' id='line_1_28' title="bbox 278 1306 1168 1345; baseline -0.007 0"><span class='ocrx_word' id='word_1_158' title='bbox 278 1312 357 1345; x_wconf 86' lang='lat' dir='ltr'>Erat</span> <span class='ocrx_word' id='word_1_159' title='bbox 385 1310 633 1345; x_wconf 69' lang='lat' dir='ltr'>audacissimum</span> <span class='ocrx_word' id='word_1_160' title='bbox 656 1308 783 1341; x_wconf 75' lang='lat' dir='ltr'>facinus</span> <span class='ocrx_word' id='word_1_161' title='bbox 804 1331 812 1339; x_wconf 92' lang='lat'>.</span> <span class='ocrx_word' id='word_1_162' title='bbox 843 1307 977 1340; x_wconf 85' lang='lat' dir='ltr'>Etenim</span> <span class='ocrx_word' id='word_1_163' title='bbox 1000 1306 1041 1340; x_wconf 89' lang='lat' dir='ltr'>de</span> <span class='ocrx_word' id='word_1_164' title='bbox 1063 1307 1168 1340; x_wconf 71' lang='lat' dir='ltr'>Sansti</span> 
     </span>
     <span class='ocr_line' id='line_1_29' title="bbox 277 1354 1168 1404; baseline -0.007 -9"><span class='ocrx_word' id='word_1_165' title='bbox 277 1362 365 1396; x_wconf 73' lang='lat' dir='ltr'>Petri</span> <span class='ocrx_word' id='word_1_166' title='bbox 380 1370 580 1404; x_wconf 79' lang='lat' dir='ltr'>corporeaut</span> <span class='ocrx_word' id='word_1_167' title='bbox 603 1358 696 1392; x_wconf 88' lang='lat' dir='ltr'>altari</span> <span class='ocrx_word' id='word_1_168' title='bbox 720 1359 863 1395; x_wconf 86' lang='lat' dir='ltr'>sumere,</span> <span class='ocrx_word' id='word_1_169' title='bbox 888 1367 925 1390; x_wconf 85' lang='lat' dir='ltr'>ac</span> <span class='ocrx_word' id='word_1_170' title='bbox 947 1354 1003 1390; x_wconf 84' lang='lat' dir='ltr'>fibi</span> <span class='ocrx_word' id='word_1_171' title='bbox 1027 1356 1081 1400; x_wconf 78' lang='lat' dir='ltr'>ipsi</span> <span class='ocrx_word' id='word_1_172' title='bbox 1107 1358 1168 1399; x_wconf 86' lang='lat' dir='ltr'>pal-</span> 
     </span>
     <span class='ocr_line' id='line_1_30' title="bbox 277 1405 1170 1454; baseline -0.004 -10"><span class='ocrx_word' id='word_1_173' title='bbox 277 1413 356 1446; x_wconf 83' lang='lat' dir='ltr'>lium</span> <span class='ocrx_word' id='word_1_174' title='bbox 373 1411 540 1454; x_wconf 86' lang='lat' dir='ltr'>imponere</span> <span class='ocrx_word' id='word_1_175' title='bbox 552 1434 561 1449; x_wconf 90' lang='lat'>‚</span> <span class='ocrx_word' id='word_1_176' title='bbox 582 1409 625 1443; x_wconf 88' lang='lat' dir='ltr'>est</span> <span class='ocrx_word' id='word_1_177' title='bbox 640 1409 793 1452; x_wconf 81' lang='lat' dir='ltr'>supremae</span> <span class='ocrx_word' id='word_1_178' title='bbox 806 1406 978 1450; x_wconf 81' lang='lat' dir='ltr'>majestatis</span> <span class='ocrx_word' id='word_1_179' title='bbox 989 1405 1148 1441; x_wconf 67' lang='lat' dir='ltr'>chara-{ier</span> <span class='ocrx_word' id='word_1_180' title='bbox 1160 1432 1170 1448; x_wconf 92' lang='lat'>‚</span> 
     </span>
     <span class='ocr_line' id='line_1_31' title="bbox 277 1457 1169 1506; baseline -0.004 -11"><span class='ocrx_word' id='word_1_181' title='bbox 277 1464 425 1506; x_wconf 74' lang='lat' dir='ltr'>proprius</span> <span class='ocrx_word' id='word_1_182' title='bbox 438 1461 498 1495; x_wconf 91' lang='lat' dir='ltr'>soli</span> <span class='ocrx_word' id='word_1_183' title='bbox 521 1460 678 1493; x_wconf 89' lang='lat' dir='ltr'>Romano</span> <span class='ocrx_word' id='word_1_184' title='bbox 703 1458 881 1493; x_wconf 87' lang='lat' dir='ltr'>Pontifici.</span> <span class='ocrx_word' id='word_1_185' title='bbox 912 1457 1004 1492; x_wconf 90' lang='lat' dir='ltr'>Hinc</span> <span class='ocrx_word' id='word_1_186' title='bbox 1025 1457 1169 1491; x_wconf 85' lang='lat' dir='ltr'>Romam</span> 
     </span>
     <span class='ocr_line' id='line_1_32' title="bbox 276 1506 1170 1553; baseline -0.007 -7"><span class='ocrx_word' id='word_1_187' title='bbox 276 1523 430 1547; x_wconf 84' lang='lat' dir='ltr'>evocatus</span> <span class='ocrx_word' id='word_1_188' title='bbox 443 1508 715 1553; x_wconf 86' lang='lat' dir='ltr'>fuitRadulphus</span> <span class='ocrx_word' id='word_1_189' title='bbox 738 1510 755 1542; x_wconf 73' lang='grc' dir='ltr'>ὲ</span> <span class='ocrx_word' id='word_1_190' title='bbox 776 1506 1091 1542; x_wconf 80' lang='lat' dir='ltr'>Paschali‘secundo</span> <span class='ocrx_word' id='word_1_191' title='bbox 1113 1507 1170 1541; x_wconf 88' lang='lat' dir='ltr'>Pa·</span> 
     </span>
     <span class='ocr_line' id='line_1_33' title="bbox 276 1557 1168 1606; baseline -0.01 -9"><span class='ocrx_word' id='word_1_192' title='bbox 276 1574 315 1605; x_wconf 86' lang='lat' dir='ltr'>pa</span> <span class='ocrx_word' id='word_1_193' title='bbox 328 1587 337 1602; x_wconf 94' lang='lat'>,</span> <span class='ocrx_word' id='word_1_194' title='bbox 366 1563 536 1606; x_wconf 84' lang='lat' dir='ltr'>pergitque</span> <span class='ocrx_word' id='word_1_195' title='bbox 558 1560 707 1593; x_wconf 84' lang='lat' dir='ltr'>laudatus</span> <span class='ocrx_word' id='word_1_196' title='bbox 722 1559 938 1601; x_wconf 89' lang='lat' dir='ltr'>Metropolita</span> <span class='ocrx_word' id='word_1_197' title='bbox 952 1557 1168 1590; x_wconf 80' lang='lat' dir='ltr'>Guilielmus:</span> 
     </span>
     <span class='ocr_line' id='line_1_34' title="bbox 275 1605 1168 1654; baseline -0.009 -8"><span class='ocrx_word' id='word_1_198' title='bbox 275 1611 459 1654; x_wconf 81' lang='lat' dir='ltr'>Radulphus</span> <span class='ocrx_word' id='word_1_199' title='bbox 480 1615 604 1643; x_wconf 84' lang='lat' dir='ltr'><em>Romam</em></span> <span class='ocrx_word' id='word_1_200' title='bbox 612 1614 792 1650; x_wconf 77' lang='lat' dir='ltr'>perveniens</span> <span class='ocrx_word' id='word_1_201' title='bbox 806 1631 816 1647; x_wconf 89' lang='lat'>,</span> <span class='ocrx_word' id='word_1_202' title='bbox 838 1612 940 1648; x_wconf 84' lang='lat' dir='ltr'>prima</span> <span class='ocrx_word' id='word_1_203' title='bbox 941 1605 1025 1647; x_wconf 85' lang='lat' dir='ltr'>faci&#39;e</span> <span class='ocrx_word' id='word_1_204' title='bbox 1040 1608 1072 1638; x_wconf 85' lang='lat' dir='ltr'>di</span> <span class='ocrx_word' id='word_1_205' title='bbox 1122 1611 1168 1638; x_wconf 79' lang='lat' dir='ltr'>‘es</span> 
     </span>
     <span class='ocr_line' id='line_1_35' title="bbox 276 1659 1167 1698; baseline -0.015 -2"><span class='ocrx_word' id='word_1_206' title='bbox 276 1663 384 1696; x_wconf 83' lang='lat' dir='ltr'>hahuit</span> <span class='ocrx_word' id='word_1_207' title='bbox 405 1664 450 1694; x_wconf 85' lang='lat' dir='ltr'>ad</span> <span class='ocrx_word' id='word_1_208' title='bbox 462 1665 620 1693; x_wconf 84' lang='lat' dir='ltr'>Dominum</span> <span class='ocrx_word' id='word_1_209' title='bbox 632 1661 751 1698; x_wconf 83' lang='lat' dir='ltr'>Papam</span> <span class='ocrx_word' id='word_1_210' title='bbox 761 1662 901 1687; x_wconf 66' lang='lat' dir='ltr'>introitus</span> <span class='ocrx_word' id='word_1_211' title='bbox 912 1678 924 1693; x_wconf 86' lang='lat'><strong><em>‚</em></strong></span> <span class='ocrx_word' id='word_1_212' title='bbox 948 1663 1104 1694; x_wconf 79' lang='lat' dir='ltr'>tamquam</span> <span class='ocrx_word' id='word_1_213' title='bbox 1116 1659 1167 1685; x_wconf 60' lang='lat' dir='ltr'>Ro</span> 
     </span>
     <span class='ocr_line' id='line_1_36' title="bbox 274 1701 1168 1751; baseline -0.015 -5"><span class='ocrx_word' id='word_1_214' title='bbox 274 1724 377 1746; x_wconf 81' lang='lat' dir='ltr'>manae</span> <span class='ocrx_word' id='word_1_215' title='bbox 403 1708 539 1751; x_wconf 76' lang='lat' dir='ltr'>Ecclesfae</span> <span class='ocrx_word' id='word_1_216' title='bbox 557 1705 720 1749; x_wconf 83' lang='lat' dir='ltr'>persecutor</span> <span class='ocrx_word' id='word_1_217' title='bbox 736 1727 747 1744; x_wconf 91' lang='lat'><strong>,</strong></span> <span class='ocrx_word' id='word_1_218' title='bbox 773 1706 806 1738; x_wconf 69' lang='lat'>&lt;05</span> <span class='ocrx_word' id='word_1_219' title='bbox 827 1708 880 1746; x_wconf 77' lang='lat' dir='ltr'>qui</span> <span class='ocrx_word' id='word_1_220' title='bbox 896 1702 1072 1745; x_wconf 77' lang='lat' dir='ltr'>singularem</span> <span class='ocrx_word' id='word_1_221' title='bbox 1085 1701 1168 1745; x_wconf 88' lang='lat' dir='ltr'>sedis</span> 
     </span>
     <span class='ocr_line' id='line_1_37' title="bbox 275 1752 1167 1805; baseline -0.011 -9"><span class='ocrx_word' id='word_1_222' title='bbox 275 1762 441 1805; x_wconf 82' lang='lat' dir='ltr'>Apostolicae</span> <span class='ocrx_word' id='word_1_223' title='bbox 457 1763 624 1793; x_wconf 75' lang='lat' dir='ltr'>Primatum</span> <span class='ocrx_word' id='word_1_224' title='bbox 633 1761 820 1789; x_wconf 85' lang='lat' dir='ltr'>comminuere</span> <span class='ocrx_word' id='word_1_225' title='bbox 833 1754 867 1787; x_wconf 68' lang='lat'>(5</span> <span class='ocrx_word' id='word_1_226' title='bbox 888 1752 1053 1796; x_wconf 76' lang='lat' dir='ltr'>infringere</span> <span class='ocrx_word' id='word_1_227' title='bbox 1075 1752 1167 1786; x_wconf 77' lang='lat' dir='ltr'>volue-</span> 
     </span>
     <span class='ocr_line' id='line_1_38' title="bbox 273 1803 1168 1855; baseline -0.017 -9"><span class='ocrx_word' id='word_1_228' title='bbox 273 1822 335 1853; x_wconf 88' lang='lat' dir='ltr'>rit,</span> <span class='ocrx_word' id='word_1_229' title='bbox 358 1811 460 1855; x_wconf 80' lang='lat' dir='ltr'>sedem</span> <span class='ocrx_word' id='word_1_230' title='bbox 473 1809 613 1844; x_wconf 78' lang='lat' dir='ltr'>aemulam</span> <span class='ocrx_word' id='word_1_231' title='bbox 624 1807 724 1839; x_wconf 67' lang='lat' dir='ltr'>contra?</span> <span class='ocrx_word' id='word_1_232' title='bbox 734 1808 900 1837; x_wconf 78' lang='lat' dir='ltr'>Romanam</span> <span class='ocrx_word' id='word_1_233' title='bbox 921 1809 1035 1846; x_wconf 79' lang='lat' dir='ltr'>erigens</span> <span class='ocrx_word' id='word_1_234' title='bbox 1059 1803 1093 1836; x_wconf 65' lang='grc' dir='ltr'>(ς</span> <span class='ocrx_word' id='word_1_235' title='bbox 1110 1810 1168 1844; x_wconf 81' lang='lat' dir='ltr'>pa-</span> 
     </span>
     <span class='ocr_line' id='line_1_39' title="bbox 274 1852 1167 1906; baseline -0.013 -10"><span class='ocrx_word' id='word_1_236' title='bbox 274 1863 396 1906; x_wconf 81' lang='lat' dir='ltr'>rificans</span> <span class='ocrx_word' id='word_1_237' title='bbox 423 1857 580 1901; x_wconf 70' lang='lat' dir='ltr'>Ecclefiam</span> <span class='ocrx_word' id='word_1_238' title='bbox 593 1879 603 1895; x_wconf 93' lang='lat'><strong>,</strong></span> <span class='ocrx_word' id='word_1_239' title='bbox 627 1864 772 1898; x_wconf 79' lang='lat' dir='ltr'>tanquam</span> <span class='ocrx_word' id='word_1_240' title='bbox 781 1852 860 1896; x_wconf 85' lang='lat' dir='ltr'>laesae</span> <span class='ocrx_word' id='word_1_241' title='bbox 873 1853 1039 1894; x_wconf 72' lang='lat' dir='ltr'>majestatis</span> <span class='ocrx_word' id='word_1_242' title='bbox 1048 1863 1115 1885; x_wconf 88' lang='lat' dir='ltr'>reus</span> <span class='ocrx_word' id='word_1_243' title='bbox 1129 1852 1167 1885; x_wconf 89' lang='lat' dir='ltr'>ab</span> 
     </span>
     <span class='ocr_line' id='line_1_40' title="bbox 275 1903 1168 1957; baseline -0.015 -11"><span class='ocrx_word' id='word_1_244' title='bbox 275 1912 396 1957; x_wconf 80' lang='lat' dir='ltr'>ingreffu</span> <span class='ocrx_word' id='word_1_245' title='bbox 404 1910 484 1954; x_wconf 81' lang='lat' dir='ltr'>sacri</span> <span class='ocrx_word' id='word_1_246' title='bbox 493 1917 609 1941; x_wconf 85' lang='lat' dir='ltr'>arcetur</span> <span class='ocrx_word' id='word_1_247' title='bbox 621 1907 760 1944; x_wconf 82' lang='lat' dir='ltr'>Palatii,</span> <span class='ocrx_word' id='word_1_248' title='bbox 787 1905 852 1937; x_wconf 70' lang='lat' dir='ltr'>&amp;ei</span> <span class='ocrx_word' id='word_1_249' title='bbox 867 1906 986 1935; x_wconf 84' lang='lat' dir='ltr'>Domini</span> <span class='ocrx_word' id='word_1_250' title='bbox 998 1905 1094 1944; x_wconf 80' lang='lat' dir='ltr'>Papae</span> <span class='ocrx_word' id='word_1_251' title='bbox 1114 1903 1168 1935; x_wconf 88' lang='lat' dir='ltr'>col-</span> 
     </span>
     <span class='ocr_line' id='line_1_41' title="bbox 275 1955 1168 2006; baseline -0.012 -11"><span class='ocrx_word' id='word_1_252' title='bbox 275 1966 369 2006; x_wconf 80' lang='lat' dir='ltr'>loquio</span> <span class='ocrx_word' id='word_1_253' title='bbox 376 1959 567 2004; x_wconf 78' lang='lat' dir='ltr'>suspenditur</span> <span class='ocrx_word' id='word_1_254' title='bbox 580 1981 587 1987; x_wconf 93' lang='lat'><strong><em>.</em></strong></span> <span class='ocrx_word' id='word_1_255' title='bbox 618 1957 709 1988; x_wconf 70' lang='lat' dir='ltr'>Porro</span> <span class='ocrx_word' id='word_1_256' title='bbox 720 1956 786 1986; x_wconf 74' lang='lat' dir='ltr'>tam</span> <span class='ocrx_word' id='word_1_257' title='bbox 798 1956 944 1986; x_wconf 80' lang='lat' dir='ltr'>Dominus</span> <span class='ocrx_word' id='word_1_258' title='bbox 957 1955 1046 1994; x_wconf 79' lang='lat' dir='ltr'>Papa</span> <span class='ocrx_word' id='word_1_259' title='bbox 1056 1975 1067 1991; x_wconf 91' lang='lat'>,</span> <span class='ocrx_word' id='word_1_260' title='bbox 1077 1955 1168 1995; x_wconf 81' lang='lat' dir='ltr'>qucim</span> 
     </span>
     <span class='ocr_line' id='line_1_42' title="bbox 275 2001 1167 2054; baseline -0.008 -13"><span class='ocrx_word' id='word_1_261' title='bbox 275 2020 385 2047; x_wconf 65' lang='lat' dir='ltr'>univer</span> <span class='ocrx_word' id='word_1_262' title='bbox 387 2012 422 2054; x_wconf 84' lang='lat' dir='ltr'>sa</span> <span class='ocrx_word' id='word_1_263' title='bbox 434 2006 558 2050; x_wconf 79' lang='lat' dir='ltr'>Ecclesia</span> <span class='ocrx_word' id='word_1_264' title='bbox 577 2014 665 2040; x_wconf 85' lang='lat' dir='ltr'>erant</span> <span class='ocrx_word' id='word_1_265' title='bbox 681 2003 881 2046; x_wconf 76' lang='lat' dir='ltr'>procliviores·</span> <span class='ocrx_word' id='word_1_266' title='bbox 891 2004 937 2035; x_wconf 82' lang='lat' dir='ltr'>ad</span> <span class='ocrx_word' id='word_1_267' title='bbox 956 2001 1006 2035; x_wconf 80' lang='lat' dir='ltr'>hoc</span> <span class='ocrx_word' id='word_1_268' title='bbox 1022 2027 1032 2043; x_wconf 93' lang='lat'>,</span> <span class='ocrx_word' id='word_1_269' title='bbox 1057 2011 1090 2035; x_wconf 92' lang='lat' dir='ltr'>ut</span> <span class='ocrx_word' id='word_1_270' title='bbox 1112 2006 1167 2035; x_wconf 89' lang='lat' dir='ltr'>Do-</span> 
     </span>
     <span class='ocr_line' id='line_1_43' title="bbox 274 2051 1167 2098; baseline -0.015 -2"><span class='ocrx_word' id='word_1_271' title='bbox 274 2070 388 2097; x_wconf 85' lang='lat' dir='ltr'>minum</span> <span class='ocrx_word' id='word_1_272' title='bbox 402 2056 618 2094; x_wconf 74' lang='lat' dir='ltr'>Patriarcham</span> <span class='ocrx_word' id='word_1_273' title='bbox 625 2054 747 2098; x_wconf 82' lang='lat' dir='ltr'>sumpta</span> <span class='ocrx_word' id='word_1_274' title='bbox 758 2053 889 2096; x_wconf 80' lang='lat' dir='ltr'>qualibet</span> <span class='ocrx_word' id='word_1_275' title='bbox 901 2052 1018 2092; x_wconf 84' lang='lat' dir='ltr'>honesta</span> <span class='ocrx_word' id='word_1_276' title='bbox 1031 2051 1167 2094; x_wconf 77' lang='lat' dir='ltr'>occasione</span> 
     </span>
     <span class='ocr_line' id='line_1_44' title="bbox 271 2102 1166 2159; baseline -0.013 -13"><span class='ocrx_word' id='word_1_277' title='bbox 271 2121 440 2159; x_wconf 83' lang='lat' dir='ltr'>gravarent</span> <span class='ocrx_word' id='word_1_278' title='bbox 452 2137 462 2152; x_wconf 85' lang='lat'><em>,</em></span> <span class='ocrx_word' id='word_1_279' title='bbox 489 2106 608 2152; x_wconf 83' lang='lat' dir='ltr'>ejusque</span> <span class='ocrx_word' id='word_1_280' title='bbox 618 2103 803 2147; x_wconf 76' lang='lat' dir='ltr'>adversariis</span> <span class='ocrx_word' id='word_1_281' title='bbox 811 2104 976 2146; x_wconf 78' lang='lat' dir='ltr'>plurimum</span> <span class='ocrx_word' id='word_1_282' title='bbox 987 2102 1166 2136; x_wconf 73' lang='lat' dir='ltr'>exhibebant</span> 
     </span>
     <span class='ocr_line' id='line_1_45' title="bbox 268 2153 1166 2207; baseline -0.013 -11"><span class='ocrx_word' id='word_1_283' title='bbox 268 2165 432 2207; x_wconf 53' lang='lat' dir='ltr'>savorem.</span> <span class='ocrx_word' id='word_1_284' title='bbox 458 2158 612 2203; x_wconf 69' lang='lat' dir='ltr'>SuspeHus</span> <span class='ocrx_word' id='word_1_285' title='bbox 626 2162 705 2190; x_wconf 79' lang='lat' dir='ltr'>enim</span> <span class='ocrx_word' id='word_1_286' title='bbox 727 2161 770 2189; x_wconf 84' lang='lat' dir='ltr'>eis</span> <span class='ocrx_word' id='word_1_287' title='bbox 791 2153 958 2202; x_wconf 78' lang='lat' dir='ltr'>habebatur</span> <span class='ocrx_word' id='word_1_288' title='bbox 980 2154 1140 2186; x_wconf 78' lang='lat' dir='ltr'>admodum</span> <span class='ocrx_word' id='word_1_289' title='bbox 1156 2177 1166 2193; x_wconf 86' lang='lat'>‚</span> 
     </span>
     <span class='ocr_line' id='line_1_46' title="bbox 275 2201 1166 2257; baseline -0.015 -9"><span class='ocrx_word' id='word_1_290' title='bbox 275 2215 397 2257; x_wconf 64' lang='lat' dir='ltr'>(equod</span> <span class='ocrx_word' id='word_1_291' title='bbox 406 2218 456 2246; x_wconf 86' lang='lat' dir='ltr'>vir</span> <span class='ocrx_word' id='word_1_292' title='bbox 478 2212 565 2244; x_wconf 85' lang='lat' dir='ltr'>dives</span> <span class='ocrx_word' id='word_1_293' title='bbox 585 2207 649 2252; x_wconf 73' lang='lat' dir='ltr'>effer</span> <span class='ocrx_word' id='word_1_294' title='bbox 672 2208 705 2240; x_wconf 67' lang='lat' dir='ltr'>t&amp;</span> <span class='ocrx_word' id='word_1_295' title='bbox 727 2204 922 2249; x_wconf 79' lang='lat' dir='ltr'>magnificus,</span> <span class='ocrx_word' id='word_1_296' title='bbox 948 2204 982 2237; x_wconf 69' lang='grc' dir='ltr'>ὀ*</span> <span class='ocrx_word' id='word_1_297' title='bbox 999 2201 1101 2246; x_wconf 83' lang='lat' dir='ltr'>sedem</span> <span class='ocrx_word' id='word_1_298' title='bbox 1120 2209 1166 2236; x_wconf 80' lang='lat' dir='ltr'>cui</span> 
     </span>
     <span class='ocr_line' id='line_1_47' title="bbox 274 2252 1165 2307; baseline -0.013 -9"><span class='ocrx_word' id='word_1_299' title='bbox 274 2273 407 2307; x_wconf 82' lang='lat' dir='ltr'>praeerat</span> <span class='ocrx_word' id='word_1_300' title='bbox 419 2289 428 2303; x_wconf 93' lang='lat'>,</span> <span class='ocrx_word' id='word_1_301' title='bbox 458 2258 666 2295; x_wconf 73' lang='lat' dir='ltr'>Antiochenam</span> <span class='ocrx_word' id='word_1_302' title='bbox 679 2257 821 2290; x_wconf 82' lang='lat' dir='ltr'>videlicet</span> <span class='ocrx_word' id='word_1_303' title='bbox 838 2277 849 2294; x_wconf 92' lang='lat'>‚</span> <span class='ocrx_word' id='word_1_304' title='bbox 873 2257 1019 2288; x_wconf 84' lang='lat' dir='ltr'>Romanae</span> <span class='ocrx_word' id='word_1_305' title='bbox 1033 2252 1165 2298; x_wconf 80' lang='lat' dir='ltr'>subjace-</span> 
     </span>
     <span class='ocr_line' id='line_1_48' title="bbox 276 2301 1164 2358; baseline -0.014 -9"><span class='ocrx_word' id='word_1_306' title='bbox 276 2327 307 2349; x_wconf 85' lang='lat' dir='ltr'>re</span> <span class='ocrx_word' id='word_1_307' title='bbox 316 2313 536 2358; x_wconf 72' lang='lat' dir='ltr'>dedignabatur</span> <span class='ocrx_word' id='word_1_308' title='bbox 563 2335 575 2352; x_wconf 87' lang='lat'>,</span> <span class='ocrx_word' id='word_1_309' title='bbox 596 2307 653 2353; x_wconf 83' lang='lat' dir='ltr'>sed</span> <span class='ocrx_word' id='word_1_310' title='bbox 660 2313 687 2342; x_wconf 88' lang='lat' dir='ltr'>ei</span> <span class='ocrx_word' id='word_1_311' title='bbox 697 2307 822 2341; x_wconf 84' lang='lat' dir='ltr'>eandem</span> <span class='ocrx_word' id='word_1_312' title='bbox 835 2310 868 2338; x_wconf 88' lang='lat' dir='ltr'>in</span> <span class='ocrx_word' id='word_1_313' title='bbox 877 2304 1011 2338; x_wconf 85' lang='lat' dir='ltr'>omnibus</span> <span class='ocrx_word' id='word_1_314' title='bbox 1027 2301 1164 2347; x_wconf 80' lang='lat' dir='ltr'>parifica-</span> 
     </span>
     <span class='ocr_line' id='line_1_49' title="bbox 276 2354 1165 2400; baseline -0.015 -1"><span class='ocrx_word' id='word_1_315' title='bbox 276 2378 308 2399; x_wconf 78' lang='lat' dir='ltr'>re</span> <span class='ocrx_word' id='word_1_316' title='bbox 334 2362 525 2399; x_wconf 78' lang='lat' dir='ltr'>contendebat</span> <span class='ocrx_word' id='word_1_317' title='bbox 537 2384 549 2400; x_wconf 93' lang='lat'>,</span> <span class='ocrx_word' id='word_1_318' title='bbox 572 2361 673 2393; x_wconf 82' lang='lat' dir='ltr'>dicens</span> <span class='ocrx_word' id='word_1_319' title='bbox 693 2367 849 2400; x_wconf 83' lang='lat' dir='ltr'>utramque</span> <span class='ocrx_word' id='word_1_320' title='bbox 870 2355 924 2399; x_wconf 84' lang='lat' dir='ltr'>effe</span> <span class='ocrx_word' id='word_1_321' title='bbox 945 2357 1030 2389; x_wconf 83' lang='lat' dir='ltr'>Petri</span> <span class='ocrx_word' id='word_1_322' title='bbox 1053 2354 1165 2388; x_wconf 83' lang='lat' dir='ltr'>Cathe-</span> 
     </span>
     <span class='ocr_line' id='line_1_50' title="bbox 277 2404 1171 2456; baseline -0.012 -7"><span class='ocrx_word' id='word_1_323' title='bbox 277 2418 367 2449; x_wconf 83' lang='lat' dir='ltr'>dram</span> <span class='ocrx_word' id='word_1_324' title='bbox 380 2439 390 2455; x_wconf 88' lang='lat'>,</span> <span class='ocrx_word' id='word_1_325' title='bbox 418 2424 539 2456; x_wconf 82' lang='lat' dir='ltr'>eamque</span> <span class='ocrx_word' id='word_1_326' title='bbox 547 2409 635 2453; x_wconf 70' lang='lat' dir='ltr'>quasi</span> <span class='ocrx_word' id='word_1_327' title='bbox 642 2411 850 2452; x_wconf 82' lang='lat' dir='ltr'>Primogenitae</span> <span class='ocrx_word' id='word_1_328' title='bbox 859 2404 998 2449; x_wconf 78' lang='lat' dir='ltr'>infignem</span> <span class='ocrx_word' id='word_1_329' title='bbox 1015 2413 1171 2449; x_wconf 71' lang='lat' dir='ltr'>preroga-</span> 
     </span>
     <span class='ocr_line' id='line_1_51' title="bbox 278 2455 1166 2499; baseline -0.012 0"><span class='ocrx_word' id='word_1_330' title='bbox 278 2472 365 2499; x_wconf 82' lang='lat' dir='ltr'>tiva.</span> <span class='ocrx_word' id='word_1_331' title='bbox 391 2463 494 2498; x_wconf 85' lang='lat' dir='ltr'>Haud</span> <span class='ocrx_word' id='word_1_332' title='bbox 507 2457 681 2496; x_wconf 74' lang='lat' dir='ltr'>dubiehaec</span> <span class='ocrx_word' id='word_1_333' title='bbox 693 2460 711 2494; x_wconf 62' lang='lat' dir='ltr'>a</span> <span class='ocrx_word' id='word_1_334' title='bbox 723 2456 944 2492; x_wconf 77' lang='lat' dir='ltr'>schismaticis</span> <span class='ocrx_word' id='word_1_335' title='bbox 970 2455 1089 2490; x_wconf 82' lang='lat' dir='ltr'>Graecis</span> <span class='ocrx_word' id='word_1_336' title='bbox 1111 2456 1166 2489; x_wconf 87' lang='lat' dir='ltr'>do-</span> 
     </span>
     <span class='ocr_line' id='line_1_52' title="bbox 277 2505 1166 2552; baseline -0.013 -2"><span class='ocrx_word' id='word_1_337' title='bbox 277 2518 348 2549; x_wconf 70' lang='lat' dir='ltr'>(lus</span> <span class='ocrx_word' id='word_1_338' title='bbox 373 2525 428 2548; x_wconf 80' lang='lat' dir='ltr'>aut</span> <span class='ocrx_word' id='word_1_339' title='bbox 453 2514 563 2547; x_wconf 77' lang='lat' dir='ltr'>suasus</span> <span class='ocrx_word' id='word_1_340' title='bbox 587 2511 691 2545; x_wconf 66' lang='lat' dir='ltr'>fuerat</span> <span class='ocrx_word' id='word_1_341' title='bbox 714 2505 930 2552; x_wconf 78' lang='lat' dir='ltr'>Radulphus,</span> <span class='ocrx_word' id='word_1_342' title='bbox 956 2506 1012 2550; x_wconf 85' lang='lat' dir='ltr'>qui</span> <span class='ocrx_word' id='word_1_343' title='bbox 1035 2507 1166 2540; x_wconf 67' lang='lat' dir='ltr'>cunctos</span> 
     </span>
     <span class='ocr_line' id='line_1_53' title="bbox 276 2554 1166 2602; baseline -0.012 -3"><span class='ocrx_word' id='word_1_344' title='bbox 276 2563 480 2600; x_wconf 84' lang='lat' dir='ltr'>Patriarchas</span> <span class='ocrx_word' id='word_1_345' title='bbox 517 2562 680 2595; x_wconf 74' lang='lat' dir='ltr'>affirmant</span> <span class='ocrx_word' id='word_1_346' title='bbox 704 2568 795 2602; x_wconf 84' lang='lat' dir='ltr'>pares</span> <span class='ocrx_word' id='word_1_347' title='bbox 814 2583 825 2599; x_wconf 91' lang='lat'><strong>,</strong></span> <span class='ocrx_word' id='word_1_348' title='bbox 860 2558 893 2591; x_wconf 91' lang='lat'>&amp;</span> <span class='ocrx_word' id='word_1_349' title='bbox 921 2557 1048 2590; x_wconf 85' lang='lat' dir='ltr'>nullum</span> <span class='ocrx_word' id='word_1_350' title='bbox 1075 2554 1166 2589; x_wconf 87' lang='lat' dir='ltr'>alteri</span> 
     </span>
     <span class='ocr_line' id='line_1_54' title="bbox 278 2606 1166 2661; baseline -0.011 -12"><span class='ocrx_word' id='word_1_351' title='bbox 278 2614 402 2661; x_wconf 79' lang='lat' dir='ltr'>praeeffe</span> <span class='ocrx_word' id='word_1_352' title='bbox 423 2623 480 2647; x_wconf 83' lang='lat' dir='ltr'>aut</span> <span class='ocrx_word' id='word_1_353' title='bbox 500 2610 637 2645; x_wconf 77' lang='lat' dir='ltr'>subeffe.</span> <span class='ocrx_word' id='word_1_354' title='bbox 669 2609 713 2642; x_wconf 88' lang='lat' dir='ltr'>Et</span> <span class='ocrx_word' id='word_1_355' title='bbox 727 2607 809 2641; x_wconf 81' lang='lat' dir='ltr'>hinc</span> <span class='ocrx_word' id='word_1_356' title='bbox 830 2607 871 2641; x_wconf 88' lang='lat' dir='ltr'>de</span> <span class='ocrx_word' id='word_1_357' title='bbox 885 2606 947 2638; x_wconf 82' lang='lat' dir='ltr'>illo</span> <span class='ocrx_word' id='word_1_358' title='bbox 967 2606 1007 2639; x_wconf 85' lang='lat' dir='ltr'>ad</span> <span class='ocrx_word' id='word_1_359' title='bbox 1032 2606 1166 2639; x_wconf 79' lang='lat' dir='ltr'>meliora</span> 
     </span>
     <span class='ocr_line' id='line_1_55' title="bbox 279 2653 1167 2706; baseline -0.016 -6"><span class='ocrx_word' id='word_1_360' title='bbox 279 2665 439 2700; x_wconf 84' lang='lat' dir='ltr'>converso</span> <span class='ocrx_word' id='word_1_361' title='bbox 461 2660 564 2706; x_wconf 84' lang='lat' dir='ltr'>pergit</span> <span class='ocrx_word' id='word_1_362' title='bbox 593 2657 812 2694; x_wconf 85' lang='lat' dir='ltr'>Gui-lielmus:</span> <span class='ocrx_word' id='word_1_363' title='bbox 840 2654 1017 2697; x_wconf 83' lang='lat' dir='ltr'>Radulphus</span> <span class='ocrx_word' id='word_1_364' title='bbox 1027 2653 1167 2698; x_wconf 71' lang='lat' dir='ltr'>resignato</span> 
     </span>
     <span class='ocr_line' id='line_1_56' title="bbox 280 2703 1167 2756; baseline -0.014 -8"><span class='ocrx_word' id='word_1_365' title='bbox 280 2715 399 2753; x_wconf 78' lang='lat' dir='ltr'>Pallio,</span> <span class='ocrx_word' id='word_1_366' title='bbox 424 2713 504 2756; x_wconf 84' lang='lat' dir='ltr'>quod</span> <span class='ocrx_word' id='word_1_367' title='bbox 513 2713 550 2743; x_wconf 83' lang='lat' dir='ltr'>de</span> <span class='ocrx_word' id='word_1_368' title='bbox 573 2711 667 2743; x_wconf 73' lang='lat' dir='ltr'>altari</span> <span class='ocrx_word' id='word_1_369' title='bbox 680 2706 867 2740; x_wconf 73' lang='lat' dir='ltr'>Antiochen-e</span> <span class='ocrx_word' id='word_1_370' title='bbox 887 2703 1022 2746; x_wconf 81' lang='lat' dir='ltr'>Ecclefiae</span> <span class='ocrx_word' id='word_1_371' title='bbox 1038 2704 1097 2747; x_wconf 83' lang='lat' dir='ltr'>sua</span> <span class='ocrx_word' id='word_1_372' title='bbox 1112 2704 1167 2746; x_wconf 79' lang='lat' dir='ltr'>fibi</span> 
     </span>
     <span class='ocr_line' id='line_1_57' title="bbox 275 2754 1165 2810; baseline -0.013 -11"><span class='ocrx_word' id='word_1_373' title='bbox 275 2763 441 2810; x_wconf 78' lang='lat' dir='ltr'>sumpserat</span> <span class='ocrx_word' id='word_1_374' title='bbox 463 2762 660 2798; x_wconf 62' lang='lat' dir='ltr'>audieram,</span> <span class='ocrx_word' id='word_1_375' title='bbox 683 2765 717 2791; x_wconf 76' lang='lat' dir='ltr'>in</span> <span class='ocrx_word' id='word_1_376' title='bbox 743 2759 910 2800; x_wconf 78' lang='lat' dir='ltr'>injuriam,</span> <span class='ocrx_word' id='word_1_377' title='bbox 936 2763 971 2788; x_wconf 81' lang='lat' dir='ltr'>ut</span> <span class='ocrx_word' id='word_1_378' title='bbox 995 2754 1165 2796; x_wconf 71' lang='lat' dir='ltr'>dicebatur,</span> 
     </span>
     <span class='ocr_line' id='line_1_58' title="bbox 280 2805 1168 2858; baseline -0.014 -8"><span class='ocrx_word' id='word_1_379' title='bbox 280 2816 444 2858; x_wconf 80' lang='lat' dir='ltr'>Apostolicae</span> <span class='ocrx_word' id='word_1_380' title='bbox 450 2811 535 2857; x_wconf 84' lang='lat' dir='ltr'>sedis</span> <span class='ocrx_word' id='word_1_381' title='bbox 546 2836 557 2852; x_wconf 94' lang='lat'>,</span> <span class='ocrx_word' id='word_1_382' title='bbox 587 2811 620 2844; x_wconf 61' lang='grc' dir='ltr'>ά</span> <span class='ocrx_word' id='word_1_383' title='bbox 633 2807 848 2843; x_wconf 78' lang='lat' dir='ltr'>Cardinalibus</span> <span class='ocrx_word' id='word_1_384' title='bbox 859 2806 972 2839; x_wconf 79' lang='lat' dir='ltr'>tradito</span> <span class='ocrx_word' id='word_1_385' title='bbox 983 2830 993 2845; x_wconf 95' lang='lat'>,</span> <span class='ocrx_word' id='word_1_386' title='bbox 1019 2805 1105 2838; x_wconf 85' lang='lat' dir='ltr'>aliud</span> <span class='ocrx_word' id='word_1_387' title='bbox 1116 2811 1143 2839; x_wconf 85' lang='lat' dir='ltr'>ei</span> <span class='ocrx_word' id='word_1_388' title='bbox 1157 2829 1168 2845; x_wconf 80' lang='lat'>‚</span> 
     </span>
     <span class='ocr_line' id='line_1_59' title="bbox 276 2853 1168 2909; baseline -0.013 -10"><span class='ocrx_word' id='word_1_389' title='bbox 276 2866 427 2909; x_wconf 71' lang='lat' dir='ltr'>ficmptum</span> <span class='ocrx_word' id='word_1_390' title='bbox 449 2865 486 2897; x_wconf 82' lang='lat' dir='ltr'>de</span> <span class='ocrx_word' id='word_1_391' title='bbox 511 2868 625 2902; x_wconf 83' lang='lat' dir='ltr'>corpore</span> <span class='ocrx_word' id='word_1_392' title='bbox 647 2859 723 2892; x_wconf 74' lang='lat' dir='ltr'>beati</span> <span class='ocrx_word' id='word_1_393' title='bbox 742 2861 851 2897; x_wconf 75' lang='lat' dir='ltr'>Petri,</span> <span class='ocrx_word' id='word_1_394' title='bbox 876 2867 954 2889; x_wconf 82' lang='lat' dir='ltr'>more</span> <span class='ocrx_word' id='word_1_395' title='bbox 977 2853 1094 2895; x_wconf 76' lang='lat' dir='ltr'>solemni</span> <span class='ocrx_word' id='word_1_396' title='bbox 1111 2865 1168 2898; x_wconf 88' lang='lat' dir='ltr'>per</span> 
     </span>
     <span class='ocr_line' id='line_1_60' title="bbox 282 2910 790 2949; baseline -0.022 1"><span class='ocrx_word' id='word_1_397' title='bbox 282 2919 415 2949; x_wconf 72' lang='lat' dir='ltr'>Priorem</span> <span class='ocrx_word' id='word_1_398' title='bbox 426 2917 619 2946; x_wconf 80' lang='lat' dir='ltr'>Diaconorum</span> <span class='ocrx_word' id='word_1_399' title='bbox 631 2910 765 2943; x_wconf 76' lang='lat' dir='ltr'>traditur</span> <span class='ocrx_word' id='word_1_400' title='bbox 783 2933 790 2940; x_wconf 88' lang='lat'><strong>.</strong></span> 
     </span>
    </p>

    <p class='ocr_par' dir='ltr' id='par_1_7' title="bbox 284 2955 1169 3402">
     <span class='ocr_line' id='line_1_61' title="bbox 329 2955 1167 3008; baseline -0.014 -7"><span class='ocrx_word' id='word_1_401' title='bbox 329 2966 438 3000; x_wconf 84' lang='lat' dir='ltr'>Devia</span> <span class='ocrx_word' id='word_1_402' title='bbox 465 2961 623 3008; x_wconf 88' lang='lat' dir='ltr'>principia</span> <span class='ocrx_word' id='word_1_403' title='bbox 649 2961 682 2993; x_wconf 90' lang='lat' dir='ltr'>in</span> <span class='ocrx_word' id='word_1_404' title='bbox 718 2960 852 2992; x_wconf 64' lang='lat' dir='ltr'>transsatu</span> <span class='ocrx_word' id='word_1_405' title='bbox 878 2955 1026 2991; x_wconf 75' lang='lat' dir='ltr'>adversus</span> <span class='ocrx_word' id='word_1_406' title='bbox 1052 2955 1167 2990; x_wconf 84' lang='lat' dir='ltr'>Aeacii</span> 
     </span>
     <span class='ocr_line' id='line_1_62' title="bbox 284 3006 1168 3057; baseline -0.014 -7"><span class='ocrx_word' id='word_1_407' title='bbox 284 3010 645 3057; x_wconf 85' lang='lat' dir='ltr'>Constantinopolitani</span> <span class='ocrx_word' id='word_1_408' title='bbox 669 3009 824 3053; x_wconf 74' lang='lat' dir='ltr'>Episcopi</span> <span class='ocrx_word' id='word_1_409' title='bbox 843 3006 1015 3041; x_wconf 78' lang='lat' dir='ltr'>audaciam</span> <span class='ocrx_word' id='word_1_410' title='bbox 1037 3006 1168 3050; x_wconf 78' lang='lat' dir='ltr'>insigni·</span> 
     </span>
     <span class='ocr_line' id='line_1_63' title="bbox 285 3057 1167 3108; baseline -0.011 -9"><span class='ocrx_word' id='word_1_411' title='bbox 285 3076 330 3098; x_wconf 85' lang='lat' dir='ltr'>ter</span> <span class='ocrx_word' id='word_1_412' title='bbox 358 3063 542 3108; x_wconf 81' lang='lat' dir='ltr'>praefocavit</span> <span class='ocrx_word' id='word_1_413' title='bbox 568 3062 704 3095; x_wconf 73' lang='lat' dir='ltr'>sanstus</span> <span class='ocrx_word' id='word_1_414' title='bbox 735 3058 822 3101; x_wconf 85' lang='lat' dir='ltr'>Papa</span> <span class='ocrx_word' id='word_1_415' title='bbox 834 3057 996 3091; x_wconf 83' lang='lat' dir='ltr'>Gelafius.</span> <span class='ocrx_word' id='word_1_416' title='bbox 1027 3057 1167 3090; x_wconf 80' lang='lat' dir='ltr'>Alexan·</span> 
     </span>
     <span class='ocr_line' id='line_1_64' title="bbox 285 3106 1168 3148; baseline -0.01 0"><span class='ocrx_word' id='word_1_417' title='bbox 285 3114 385 3148; x_wconf 74' lang='lat' dir='ltr'>drinae</span> <span class='ocrx_word' id='word_1_418' title='bbox 431 3112 580 3148; x_wconf 74' lang='lat' dir='ltr'>Ecclesiae</span> <span class='ocrx_word' id='word_1_419' title='bbox 614 3111 775 3145; x_wconf 89' lang='lat' dir='ltr'>intrusum</span> <span class='ocrx_word' id='word_1_420' title='bbox 818 3109 1000 3142; x_wconf 79' lang='lat' dir='ltr'>invasorem</span> <span class='ocrx_word' id='word_1_421' title='bbox 1034 3106 1168 3140; x_wconf 82' lang='lat' dir='ltr'>Petrum</span> 
     </span>
     <span class='ocr_line' id='line_1_65' title="bbox 291 3157 1169 3207; baseline -0.01 -10"><span class='ocrx_word' id='word_1_422' title='bbox 291 3163 434 3207; x_wconf 86' lang='lat' dir='ltr'>Mogum</span> <span class='ocrx_word' id='word_1_423' title='bbox 459 3188 470 3203; x_wconf 91' lang='lat'><strong>,</strong></span> <span class='ocrx_word' id='word_1_424' title='bbox 506 3173 602 3207; x_wconf 83' lang='lat' dir='ltr'>quern</span> <span class='ocrx_word' id='word_1_425' title='bbox 639 3160 697 3195; x_wconf 90' lang='lat' dir='ltr'>sub</span> <span class='ocrx_word' id='word_1_426' title='bbox 725 3158 926 3203; x_wconf 78' lang='lat' dir='ltr'>poenitentiae</span> <span class='ocrx_word' id='word_1_427' title='bbox 952 3157 1029 3191; x_wconf 84' lang='lat' dir='ltr'>fuco</span> <span class='ocrx_word' id='word_1_428' title='bbox 1058 3168 1169 3190; x_wconf 89' lang='lat' dir='ltr'>recon-</span> 
     </span>
     <span class='ocr_line' id='line_1_66' title="bbox 289 3206 1169 3247; baseline -0.009 0"><span class='ocrx_word' id='word_1_429' title='bbox 289 3213 435 3247; x_wconf 84' lang='lat' dir='ltr'>ciliatum</span> <span class='ocrx_word' id='word_1_430' title='bbox 457 3214 489 3245; x_wconf 87' lang='lat' dir='ltr'>in</span> <span class='ocrx_word' id='word_1_431' title='bbox 514 3212 636 3247; x_wconf 85' lang='lat' dir='ltr'>throno</span> <span class='ocrx_word' id='word_1_432' title='bbox 663 3210 806 3244; x_wconf 87' lang='lat' dir='ltr'>stabilire</span> <span class='ocrx_word' id='word_1_433' title='bbox 817 3218 995 3242; x_wconf 80' lang='lat' dir='ltr'>tentaverat</span> <span class='ocrx_word' id='word_1_434' title='bbox 1010 3206 1169 3246; x_wconf 79' lang='lat' dir='ltr'>Aeacius,</span> 
     </span>
     <span class='ocr_line' id='line_1_67' title="bbox 291 3257 1168 3299; baseline -0.009 -2"><span class='ocrx_word' id='word_1_435' title='bbox 291 3262 403 3297; x_wconf 86' lang='lat' dir='ltr'>multis</span> <span class='ocrx_word' id='word_1_436' title='bbox 422 3260 560 3294; x_wconf 85' lang='lat' dir='ltr'>ostendit</span> <span class='ocrx_word' id='word_1_437' title='bbox 581 3273 649 3295; x_wconf 91' lang='lat' dir='ltr'>non</span> <span class='ocrx_word' id='word_1_438' title='bbox 676 3260 734 3295; x_wconf 79' lang='lat' dir='ltr'>nisi</span> <span class='ocrx_word' id='word_1_439' title='bbox 754 3261 773 3293; x_wconf 76' lang='lat' dir='ltr'>a</span> <span class='ocrx_word' id='word_1_440' title='bbox 797 3259 950 3292; x_wconf 80' lang='lat' dir='ltr'>Romana</span> <span class='ocrx_word' id='word_1_441' title='bbox 963 3257 1103 3291; x_wconf 86' lang='lat' dir='ltr'>Ecclesia</span> <span class='ocrx_word' id='word_1_442' title='bbox 1116 3267 1168 3299; x_wconf 91' lang='lat' dir='ltr'>po-</span> 
     </span>
     <span class='ocr_line' id='line_1_68' title="bbox 291 3307 1167 3349; baseline -0.01 -2"><span class='ocrx_word' id='word_1_443' title='bbox 291 3312 385 3347; x_wconf 68' lang='lat' dir='ltr'>tuille</span> <span class='ocrx_word' id='word_1_444' title='bbox 405 3309 454 3343; x_wconf 86' lang='lat' dir='ltr'>vel</span> <span class='ocrx_word' id='word_1_445' title='bbox 484 3309 627 3342; x_wconf 80' lang='lat' dir='ltr'>damnari</span> <span class='ocrx_word' id='word_1_446' title='bbox 643 3312 691 3344; x_wconf 87' lang='lat' dir='ltr'>vel</span> <span class='ocrx_word' id='word_1_447' title='bbox 705 3310 827 3344; x_wconf 87' lang='lat' dir='ltr'>absolvi</span> <span class='ocrx_word' id='word_1_448' title='bbox 841 3334 851 3349; x_wconf 93' lang='lat'>,</span> <span class='ocrx_word' id='word_1_449' title='bbox 877 3310 909 3342; x_wconf 71' lang='grc' dir='ltr'>ἀ</span> <span class='ocrx_word' id='word_1_450' title='bbox 924 3309 977 3341; x_wconf 86' lang='lat' dir='ltr'>dat</span> <span class='ocrx_word' id='word_1_451' title='bbox 991 3307 1167 3340; x_wconf 83' lang='lat' dir='ltr'>rationem:</span> 
     </span>
     <span class='ocr_line' id='line_1_69' title="bbox 293 3355 1167 3402; baseline -0.009 -6"><span class='ocrx_word' id='word_1_452' title='bbox 293 3367 311 3396; x_wconf 85' lang='lat'><em>5</em></span> <span class='ocrx_word' id='word_1_453' title='bbox 315 3362 434 3396; x_wconf 83' lang='lat' dir='ltr'>ecundae</span> <span class='ocrx_word' id='word_1_454' title='bbox 440 3357 521 3402; x_wconf 86' lang='lat' dir='ltr'>sedis</span> <span class='ocrx_word' id='word_1_455' title='bbox 537 3358 698 3396; x_wconf 67' lang='lat' dir='ltr'>Antfiitem</span> <span class='ocrx_word' id='word_1_456' title='bbox 710 3371 759 3392; x_wconf 84' lang='lat' dir='ltr'>nec</span> <span class='ocrx_word' id='word_1_457' title='bbox 769 3360 910 3401; x_wconf 80' lang='lat' dir='ltr'>expellere</span> <span class='ocrx_word' id='word_1_458' title='bbox 920 3355 1068 3399; x_wconf 74' lang='lat' dir='ltr'>quispiam</span> <span class='ocrx_word' id='word_1_459' title='bbox 1080 3382 1090 3397; x_wconf 90' lang='lat'>,</span> <span class='ocrx_word' id='word_1_460' title='bbox 1118 3367 1167 3388; x_wconf 82' lang='lat' dir='ltr'>nec</span> 
     </span>
    </p>

    <p class='ocr_par' dir='ltr' id='par_1_8' title="bbox 264 3404 1167 3452">
     <span class='ocr_line' id='line_1_70' title="bbox 264 3404 1167 3452; baseline -0.007 -5"><span class='ocrx_word' id='word_1_461' title='bbox 264 3417 267 3421; x_wconf 78' lang='grc'>’</span> <span class='ocrx_word' id='word_1_462' title='bbox 293 3422 426 3447; x_wconf 78' lang='lat' dir='ltr'>revocare</span> <span class='ocrx_word' id='word_1_463' title='bbox 430 3408 491 3452; x_wconf 77' lang='lat' dir='ltr'>fine</span> <span class='ocrx_word' id='word_1_464' title='bbox 498 3413 606 3451; x_wconf 74' lang='lat' dir='ltr'>prima·</span> <span class='ocrx_word' id='word_1_465' title='bbox 613 3404 696 3450; x_wconf 72' lang='lat' dir='ltr'>sedis</span> <span class='ocrx_word' id='word_1_466' title='bbox 709 3407 815 3450; x_wconf 58' lang='lat' dir='ltr'>‘&#39;ffenfis</span> <span class='ocrx_word' id='word_1_467' title='bbox 828 3409 879 3443; x_wconf 86' lang='lat' dir='ltr'>vel</span> <span class='ocrx_word' id='word_1_468' title='bbox 882 3414 981 3451; x_wconf 81' lang='lat' dir='ltr'>potuit</span> <span class='ocrx_word' id='word_1_469' title='bbox 991 3407 1042 3443; x_wconf 74' lang='lat' dir='ltr'>vel</span> <span class='ocrx_word' id='word_1_470' title='bbox 1047 3407 1148 3442; x_wconf 79' lang='lat' dir='ltr'>debuit</span> <span class='ocrx_word' id='word_1_471' title='bbox 1156 3430 1167 3450; x_wconf 93' lang='lat'><em>,</em></span> 
     </span>
    </p>
   </div>
   <div class='ocr_carea' id='block_1_5' title="bbox 878 114 1521 164">
    <p class='ocr_par' dir='ltr' id='par_1_9' title="bbox 878 114 1521 164">
     <span class='ocr_line' id='line_1_71' title="bbox 878 114 1521 164; baseline 0.009 -6"><span class='ocrx_word' id='word_1_472' title='bbox 878 114 1521 164; x_wconf 70' lang='lat' dir='ltr'>Dlsse‘RTArro</span> 
     </span>
    </p>
   </div>
   <div class='ocr_carea' id='block_1_6' title="bbox 1233 201 2125 1406">
    <p class='ocr_par' dir='ltr' id='par_1_10' title="bbox 1233 201 2125 1406">
     <span class='ocr_line' id='line_1_72' title="bbox 1242 201 2120 254; baseline 0.018 -19"><span class='ocrx_word' id='word_1_473' title='bbox 1242 201 1299 244; x_wconf 74' lang='lat' dir='ltr'>nisi*</span> <span class='ocrx_word' id='word_1_474' title='bbox 1296 202 1380 244; x_wconf 76' lang='lat' dir='ltr'>forte</span> <span class='ocrx_word' id='word_1_475' title='bbox 1389 203 1504 247; x_wconf 80' lang='lat' dir='ltr'>conficso</span> <span class='ocrx_word' id='word_1_476' title='bbox 1508 206 1579 246; x_wconf 81' lang='lat' dir='ltr'>jam</span> <span class='ocrx_word' id='word_1_477' title='bbox 1591 206 1691 239; x_wconf 79' lang='lat' dir='ltr'>ordine</span> <span class='ocrx_word' id='word_1_478' title='bbox 1700 217 1796 240; x_wconf 82' lang='lat' dir='ltr'>rerum</span> <span class='ocrx_word' id='word_1_479' title='bbox 1807 219 1895 251; x_wconf 84' lang='lat' dir='ltr'>atque</span> <span class='ocrx_word' id='word_1_480' title='bbox 1905 213 2021 247; x_wconf 73' lang='lat' dir='ltr'>tui-bato</span> <span class='ocrx_word' id='word_1_481' title='bbox 2032 239 2043 254; x_wconf 92' lang='lat'>‚</span> <span class='ocrx_word' id='word_1_482' title='bbox 2068 227 2120 250; x_wconf 85' lang='lat' dir='ltr'>nec</span> 
     </span>
     <span class='ocr_line' id='line_1_73' title="bbox 1239 252 2119 306; baseline 0.015 -21"><span class='ocrx_word' id='word_1_483' title='bbox 1239 258 1342 294; x_wconf 88' lang='lat' dir='ltr'>prima</span> <span class='ocrx_word' id='word_1_484' title='bbox 1354 277 1365 293; x_wconf 93' lang='lat'>,</span> <span class='ocrx_word' id='word_1_485' title='bbox 1391 265 1440 287; x_wconf 86' lang='lat' dir='ltr'>nec</span> <span class='ocrx_word' id='word_1_486' title='bbox 1446 252 1577 298; x_wconf 77' lang='lat' dir='ltr'>secunda</span> <span class='ocrx_word' id='word_1_487' title='bbox 1588 279 1597 294; x_wconf 93' lang='lat'><em>,</em></span> <span class='ocrx_word' id='word_1_488' title='bbox 1612 267 1665 290; x_wconf 85' lang='lat' dir='ltr'>nec</span> <span class='ocrx_word' id='word_1_489' title='bbox 1672 263 1763 290; x_wconf 82' lang='lat' dir='ltr'>tertia</span> <span class='ocrx_word' id='word_1_490' title='bbox 1769 259 1858 291; x_wconf 82' lang='lat' dir='ltr'>sedes</span> <span class='ocrx_word' id='word_1_491' title='bbox 1870 260 1974 295; x_wconf 80' lang='lat' dir='ltr'>debeat</span> <span class='ocrx_word' id='word_1_492' title='bbox 1987 261 2119 306; x_wconf 81' lang='lat' dir='ltr'>observa-</span> 
     </span>
     <span class='ocr_line' id='line_1_74' title="bbox 1240 302 2120 357; baseline 0.01 -22"><span class='ocrx_word' id='word_1_493' title='bbox 1240 309 1292 343; x_wconf 88' lang='lat' dir='ltr'>ri,</span> <span class='ocrx_word' id='word_1_494' title='bbox 1318 305 1372 337; x_wconf 86' lang='lat' dir='ltr'>vel</span> <span class='ocrx_word' id='word_1_495' title='bbox 1376 302 1486 348; x_wconf 59' lang='lat' dir='ltr'>suscipi</span> <span class='ocrx_word' id='word_1_496' title='bbox 1490 303 1653 348; x_wconf 74' lang='lat' dir='ltr'>secundum</span> <span class='ocrx_word' id='word_1_497' title='bbox 1664 312 1790 349; x_wconf 78' lang='lat' dir='ltr'>antiqua</span> <span class='ocrx_word' id='word_1_498' title='bbox 1812 310 1935 343; x_wconf 83' lang='lat' dir='ltr'>statuta</span> <span class='ocrx_word' id='word_1_499' title='bbox 1957 313 2120 357; x_wconf 76' lang='lat' dir='ltr'>Majorum,</span> 
     </span>
     <span class='ocr_line' id='line_1_75' title="bbox 1240 351 2122 399; baseline 0.01 -14"><span class='ocrx_word' id='word_1_500' title='bbox 1240 351 1400 396; x_wconf 75' lang='lat' dir='ltr'>&amp;sublato</span> <span class='ocrx_word' id='word_1_501' title='bbox 1419 361 1517 399; x_wconf 84' lang='lat' dir='ltr'>capite</span> <span class='ocrx_word' id='word_1_502' title='bbox 1529 380 1540 397; x_wconf 88' lang='lat'>,</span> <span class='ocrx_word' id='word_1_503' title='bbox 1562 358 1742 390; x_wconf 81' lang='lat' dir='ltr'>utvidemus</span> <span class='ocrx_word' id='word_1_504' title='bbox 1755 382 1766 397; x_wconf 85' lang='lat'><strong>,</strong></span> <span class='ocrx_word' id='word_1_505' title='bbox 1792 364 1891 392; x_wconf 83' lang='lat' dir='ltr'>omnia</span> <span class='ocrx_word' id='word_1_506' title='bbox 1911 361 2045 394; x_wconf 85' lang='lat' dir='ltr'>membra</span> <span class='ocrx_word' id='word_1_507' title='bbox 2065 375 2122 398; x_wconf 67' lang='lat' dir='ltr'>va.</span> 
     </span>
     <span class='ocr_line' id='line_1_76' title="bbox 1239 403 2122 454; baseline 0.012 -19"><span class='ocrx_word' id='word_1_508' title='bbox 1239 410 1281 436; x_wconf 84' lang='lat' dir='ltr'>rio</span> <span class='ocrx_word' id='word_1_509' title='bbox 1302 409 1381 437; x_wconf 83' lang='lat' dir='ltr'>inter</span> <span class='ocrx_word' id='word_1_510' title='bbox 1412 403 1446 448; x_wconf 71' lang='lat' dir='ltr'>se</span> <span class='ocrx_word' id='word_1_511' title='bbox 1479 414 1670 451; x_wconf 83' lang='lat' dir='ltr'>compugnent</span> <span class='ocrx_word' id='word_1_512' title='bbox 1692 415 1852 443; x_wconf 80' lang='lat' dir='ltr'>certamine</span> <span class='ocrx_word' id='word_1_513' title='bbox 1865 433 1876 449; x_wconf 86' lang='lat'><strong>,</strong></span> <span class='ocrx_word' id='word_1_514' title='bbox 1896 409 2012 453; x_wconf 79' lang='lat' dir='ltr'>fiatque</span> <span class='ocrx_word' id='word_1_515' title='bbox 2026 411 2122 454; x_wconf 83' lang='lat' dir='ltr'>illud,</span> 
     </span>
     <span class='ocr_line' id='line_1_77' title="bbox 1239 453 2123 505; baseline 0.012 -19"><span class='ocrx_word' id='word_1_516' title='bbox 1239 454 1319 496; x_wconf 88' lang='lat' dir='ltr'>quod</span> <span class='ocrx_word' id='word_1_517' title='bbox 1338 455 1376 488; x_wconf 89' lang='lat' dir='ltr'>de</span> <span class='ocrx_word' id='word_1_518' title='bbox 1390 457 1498 499; x_wconf 81' lang='lat' dir='ltr'>populo</span> <span class='ocrx_word' id='word_1_519' title='bbox 1505 453 1800 501; x_wconf 65' lang='lat' dir='ltr'>scriptumqsilsrael</span> <span class='ocrx_word' id='word_1_520' title='bbox 1810 473 1825 501; x_wconf 92' lang='lat'><em>;</em></span> <span class='ocrx_word' id='word_1_521' title='bbox 1851 460 1891 494; x_wconf 82' lang='lat' dir='ltr'>ln</span> <span class='ocrx_word' id='word_1_522' title='bbox 1913 460 1974 495; x_wconf 84' lang='lat' dir='ltr'>illo</span> <span class='ocrx_word' id='word_1_523' title='bbox 1996 471 2123 505; x_wconf 85' lang='lat' dir='ltr'>tempo-</span> 
     </span>
     <span class='ocr_line' id='line_1_78' title="bbox 1238 506 2124 556; baseline 0.01 -19"><span class='ocrx_word' id='word_1_524' title='bbox 1238 515 1270 537; x_wconf 88' lang='lat' dir='ltr'>re</span> <span class='ocrx_word' id='word_1_525' title='bbox 1284 516 1352 538; x_wconf 90' lang='lat' dir='ltr'>non</span> <span class='ocrx_word' id='word_1_526' title='bbox 1367 517 1434 540; x_wconf 87' lang='lat' dir='ltr'>erat</span> <span class='ocrx_word' id='word_1_527' title='bbox 1449 506 1528 541; x_wconf 83' lang='lat' dir='ltr'>Dux</span> <span class='ocrx_word' id='word_1_528' title='bbox 1540 508 1573 540; x_wconf 87' lang='lat' dir='ltr'>in</span> <span class='ocrx_word' id='word_1_529' title='bbox 1586 507 1680 542; x_wconf 88' lang='lat' dir='ltr'>Israel</span> <span class='ocrx_word' id='word_1_530' title='bbox 1693 533 1704 549; x_wconf 89' lang='lat'><strong>,</strong></span> <span class='ocrx_word' id='word_1_531' title='bbox 1730 511 1950 554; x_wconf 87' lang='lat' dir='ltr'>unusquisque</span> <span class='ocrx_word' id='word_1_532' title='bbox 1959 512 2048 554; x_wconf 82' lang='lat' dir='ltr'>quod</span> <span class='ocrx_word' id='word_1_533' title='bbox 2059 513 2124 556; x_wconf 81' lang='lat' dir='ltr'>pla.-</span> 
     </span>
     <span class='ocr_line' id='line_1_79' title="bbox 1238 554 2122 604; baseline 0.008 -16"><span class='ocrx_word' id='word_1_534' title='bbox 1238 554 1339 589; x_wconf 89' lang='lat' dir='ltr'>citum</span> <span class='ocrx_word' id='word_1_535' title='bbox 1351 565 1417 590; x_wconf 90' lang='lat' dir='ltr'>erat</span> <span class='ocrx_word' id='word_1_536' title='bbox 1428 558 1461 590; x_wconf 89' lang='lat' dir='ltr'>in</span> <span class='ocrx_word' id='word_1_537' title='bbox 1474 558 1578 591; x_wconf 89' lang='lat' dir='ltr'>oculis</span> <span class='ocrx_word' id='word_1_538' title='bbox 1593 559 1654 592; x_wconf 90' lang='lat' dir='ltr'>suis</span> <span class='ocrx_word' id='word_1_539' title='bbox 1664 558 1801 594; x_wconf 83' lang='lat' dir='ltr'>faciebat</span> <span class='ocrx_word' id='word_1_540' title='bbox 1812 588 1821 594; x_wconf 93' lang='lat'><em>.</em></span> <span class='ocrx_word' id='word_1_541' title='bbox 1849 562 1922 604; x_wconf 77' lang='lat' dir='ltr'>,Qua</span> <span class='ocrx_word' id='word_1_542' title='bbox 1934 567 2014 594; x_wconf 76' lang='lat' dir='ltr'>enim</span> <span class='ocrx_word' id='word_1_543' title='bbox 2033 568 2122 596; x_wconf 80' lang='lat' dir='ltr'>ratio-</span> 
     </span>
     <span class='ocr_line' id='line_1_80' title="bbox 1238 605 2125 656; baseline 0.009 -19"><span class='ocrx_word' id='word_1_544' title='bbox 1238 613 1274 638; x_wconf 85' lang='lat' dir='ltr'>ne</span> <span class='ocrx_word' id='word_1_545' title='bbox 1283 606 1335 638; x_wconf 84' lang='lat' dir='ltr'>vel</span> <span class='ocrx_word' id='word_1_546' title='bbox 1343 605 1544 650; x_wconf 72' lang='lat' dir='ltr'>consequentia</span> <span class='ocrx_word' id='word_1_547' title='bbox 1554 609 1622 642; x_wconf 70' lang='lat' dir='ltr'>alilr</span> <span class='ocrx_word' id='word_1_548' title='bbox 1627 608 1747 652; x_wconf 78' lang='lat' dir='ltr'>sedibus</span> <span class='ocrx_word' id='word_1_549' title='bbox 1770 610 1990 652; x_wconf 65' lang='lat' dir='ltr'>defendendum</span> <span class='ocrx_word' id='word_1_550' title='bbox 2017 612 2055 653; x_wconf 86' lang='lat' dir='ltr'>est</span> <span class='ocrx_word' id='word_1_551' title='bbox 2068 637 2079 652; x_wconf 96' lang='lat'>,</span> <span class='ocrx_word' id='word_1_552' title='bbox 2097 611 2125 656; x_wconf 87' lang='lat' dir='ltr'><em>fi</em></span> 
     </span>
     <span class='ocr_line' id='line_1_81' title="bbox 1233 659 2120 704; baseline 0.011 -18"><span class='ocrx_word' id='word_1_553' title='bbox 1233 660 1339 697; x_wconf 84' lang='lat' dir='ltr'>primae</span> <span class='ocrx_word' id='word_1_554' title='bbox 1353 659 1514 698; x_wconf 81' lang='lat' dir='ltr'>Beatiffimi</span> <span class='ocrx_word' id='word_1_555' title='bbox 1539 660 1624 692; x_wconf 85' lang='lat' dir='ltr'>Petri</span> <span class='ocrx_word' id='word_1_556' title='bbox 1641 662 1712 694; x_wconf 74' lang='lat' dir='ltr'>sedi</span> <span class='ocrx_word' id='word_1_557' title='bbox 1733 667 1861 704; x_wconf 86' lang='lat' dir='ltr'>antiqua</span> <span class='ocrx_word' id='word_1_558' title='bbox 1881 663 1915 695; x_wconf 70' lang='lat'>(5</span> <span class='ocrx_word' id='word_1_559' title='bbox 1938 661 2055 701; x_wconf 77' lang='lat' dir='ltr'>vetusta</span> <span class='ocrx_word' id='word_1_560' title='bbox 2077 675 2120 696; x_wconf 85' lang='lat' dir='ltr'>re-</span> 
     </span>
     <span class='ocr_line' id='line_1_82' title="bbox 1238 708 2121 752; baseline 0.008 -14"><span class='ocrx_word' id='word_1_561' title='bbox 1238 711 1372 739; x_wconf 84' lang='lat' dir='ltr'>verentia</span> <span class='ocrx_word' id='word_1_562' title='bbox 1395 720 1452 741; x_wconf 85' lang='lat' dir='ltr'>non</span> <span class='ocrx_word' id='word_1_563' title='bbox 1474 708 1607 752; x_wconf 80' lang='lat' dir='ltr'>defertur</span> <span class='ocrx_word' id='word_1_564' title='bbox 1621 735 1630 751; x_wconf 92' lang='lat'><strong>,</strong></span> <span class='ocrx_word' id='word_1_565' title='bbox 1650 718 1709 752; x_wconf 87' lang='lat' dir='ltr'>per</span> <span class='ocrx_word' id='word_1_566' title='bbox 1725 721 1814 752; x_wconf 88' lang='lat' dir='ltr'>quam</span> <span class='ocrx_word' id='word_1_567' title='bbox 1834 717 1963 744; x_wconf 88' lang='lat' dir='ltr'>omnium</span> <span class='ocrx_word' id='word_1_568' title='bbox 1982 714 2121 746; x_wconf 81' lang='lat' dir='ltr'>Sacerdo-</span> 
     </span>
     <span class='ocr_line' id='line_1_83' title="bbox 1238 757 2119 804; baseline 0.009 -16"><span class='ocrx_word' id='word_1_569' title='bbox 1238 765 1303 788; x_wconf 86' lang='lat' dir='ltr'>tum</span> <span class='ocrx_word' id='word_1_570' title='bbox 1313 757 1444 800; x_wconf 75' lang='lat' dir='ltr'>dignitas</span> <span class='ocrx_word' id='word_1_571' title='bbox 1453 757 1567 802; x_wconf 87' lang='lat' dir='ltr'>semper</span> <span class='ocrx_word' id='word_1_572' title='bbox 1578 759 1616 801; x_wconf 74' lang='lat' dir='ltr'>est</span> <span class='ocrx_word' id='word_1_573' title='bbox 1627 762 1762 795; x_wconf 85' lang='lat' dir='ltr'>roborata</span> <span class='ocrx_word' id='word_1_574' title='bbox 1780 771 1869 804; x_wconf 85' lang='lat' dir='ltr'>atque</span> <span class='ocrx_word' id='word_1_575' title='bbox 1883 761 2011 803; x_wconf 81' lang='lat' dir='ltr'>firmata</span> <span class='ocrx_word' id='word_1_576' title='bbox 2022 787 2033 802; x_wconf 93' lang='lat'><em>‚</em></span> <span class='ocrx_word' id='word_1_577' title='bbox 2059 770 2119 796; x_wconf 88' lang='lat' dir='ltr'>tre·</span> 
     </span>
     <span class='ocr_line' id='line_1_84' title="bbox 1235 811 2120 857; baseline 0.009 -19"><span class='ocrx_word' id='word_1_578' title='bbox 1235 814 1438 851; x_wconf 84' lang='lat' dir='ltr'>centorumque</span> <span class='ocrx_word' id='word_1_579' title='bbox 1451 812 1545 843; x_wconf 83' lang='lat' dir='ltr'>decem</span> <span class='ocrx_word' id='word_1_580' title='bbox 1559 813 1593 844; x_wconf 67' lang='grc' dir='ltr'>Θ·</span> <span class='ocrx_word' id='word_1_581' title='bbox 1602 811 1662 845; x_wconf 70' lang='grc' dir='ltr'>οέίο</span> <span class='ocrx_word' id='word_1_582' title='bbox 1675 815 1803 845; x_wconf 88' lang='lat' dir='ltr'>l’atrum</span> <span class='ocrx_word' id='word_1_583' title='bbox 1822 811 1932 845; x_wconf 67' lang='lat' dir='ltr'>invilla</span> <span class='ocrx_word' id='word_1_584' title='bbox 1943 814 1977 846; x_wconf 62' lang='lat' dir='ltr'>(vt</span> <span class='ocrx_word' id='word_1_585' title='bbox 1994 811 2120 857; x_wconf 80' lang='lat' dir='ltr'>fingula·</span> 
     </span>
     <span class='ocr_line' id='line_1_85' title="bbox 1236 859 2120 902; baseline 0.011 -15"><span class='ocrx_word' id='word_1_586' title='bbox 1236 861 1262 888; x_wconf 78' lang='lat' dir='ltr'>ri</span> <span class='ocrx_word' id='word_1_587' title='bbox 1276 859 1389 897; x_wconf 84' lang='lat' dir='ltr'>judicio</span> <span class='ocrx_word' id='word_1_588' title='bbox 1412 860 1609 901; x_wconf 81' lang='lat' dir='ltr'>vetustiffimus</span> <span class='ocrx_word' id='word_1_589' title='bbox 1621 863 1778 902; x_wconf 80' lang='lat' dir='ltr'>judicatus</span> <span class='ocrx_word' id='word_1_590' title='bbox 1796 861 1833 902; x_wconf 84' lang='lat' dir='ltr'>est</span> <span class='ocrx_word' id='word_1_591' title='bbox 1855 861 1945 895; x_wconf 85' lang='lat' dir='ltr'>honor</span> <span class='ocrx_word' id='word_1_592' title='bbox 1967 862 1984 894; x_wconf 68' lang='grc' dir='ltr'><em>ἒ</em></span> <span class='ocrx_word' id='word_1_593' title='bbox 2022 864 2120 897; x_wconf 79' lang='lat' dir='ltr'>Affir-</span> 
     </span>
     <span class='ocr_line' id='line_1_86' title="bbox 1236 908 2121 947; baseline 0.008 -8"><span class='ocrx_word' id='word_1_594' title='bbox 1236 918 1302 941; x_wconf 86' lang='lat' dir='ltr'>mat</span> <span class='ocrx_word' id='word_1_595' title='bbox 1325 908 1529 943; x_wconf 74' lang='lat' dir='ltr'>Alexandr-iat</span> <span class='ocrx_word' id='word_1_596' title='bbox 1549 911 1583 945; x_wconf 88' lang='lat'>&amp;</span> <span class='ocrx_word' id='word_1_597' title='bbox 1602 912 1790 947; x_wconf 70' lang='lat' dir='ltr'>Antiochiae</span> <span class='ocrx_word' id='word_1_598' title='bbox 1810 910 2051 946; x_wconf 84' lang='lat' dir='ltr'>Patriarchales</span> <span class='ocrx_word' id='word_1_599' title='bbox 2069 924 2121 946; x_wconf 83' lang='lat' dir='ltr'>ca-</span> 
     </span>
     <span class='ocr_line' id='line_1_87' title="bbox 1234 955 2120 1006; baseline 0.008 -16"><span class='ocrx_word' id='word_1_600' title='bbox 1234 955 1362 991; x_wconf 84' lang='lat' dir='ltr'>thedras</span> <span class='ocrx_word' id='word_1_601' title='bbox 1382 958 1539 993; x_wconf 81' lang='lat' dir='ltr'>Romanae</span> <span class='ocrx_word' id='word_1_602' title='bbox 1574 963 1715 995; x_wconf 79' lang='lat' dir='ltr'>omnino</span> <span class='ocrx_word' id='word_1_603' title='bbox 1749 961 1935 996; x_wconf 87' lang='lat' dir='ltr'>coordinari</span> <span class='ocrx_word' id='word_1_604' title='bbox 1955 960 1982 1002; x_wconf 67' lang='lat'>‚&#39;</span> <span class='ocrx_word' id='word_1_605' title='bbox 2003 973 2120 1006; x_wconf 86' lang='lat' dir='ltr'>nequa-</span> 
     </span>
     <span class='ocr_line' id='line_1_88' title="bbox 1233 1009 2118 1052; baseline 0.007 -12"><span class='ocrx_word' id='word_1_606' title='bbox 1233 1018 1330 1051; x_wconf 88' lang='lat' dir='ltr'>quam</span> <span class='ocrx_word' id='word_1_607' title='bbox 1354 1010 1423 1042; x_wconf 93' lang='lat' dir='ltr'>solo</span> <span class='ocrx_word' id='word_1_608' title='bbox 1446 1009 1608 1052; x_wconf 84' lang='lat' dir='ltr'>praecessus</span> <span class='ocrx_word' id='word_1_609' title='bbox 1627 1033 1638 1050; x_wconf 89' lang='lat'>,</span> <span class='ocrx_word' id='word_1_610' title='bbox 1664 1010 1717 1044; x_wconf 86' lang='lat' dir='ltr'>sed</span> <span class='ocrx_word' id='word_1_611' title='bbox 1736 1011 1837 1044; x_wconf 86' lang='lat' dir='ltr'>etiarn</span> <span class='ocrx_word' id='word_1_612' title='bbox 1861 1011 2055 1046; x_wconf 67' lang='lat' dir='ltr'>Praefeourae</span> <span class='ocrx_word' id='word_1_613' title='bbox 2080 1024 2118 1047; x_wconf 85' lang='lat' dir='ltr'>ac</span> 
     </span>
     <span class='ocr_line' id='line_1_89' title="bbox 1235 1057 2117 1104; baseline 0.006 -13"><span class='ocrx_word' id='word_1_614' title='bbox 1235 1057 1440 1101; x_wconf 59' lang='lat' dir='ltr'>subjectionis</span> <span class='ocrx_word' id='word_1_615' title='bbox 1461 1059 1578 1094; x_wconf 86' lang='lat' dir='ltr'>ordine</span> <span class='ocrx_word' id='word_1_616' title='bbox 1600 1084 1611 1100; x_wconf 87' lang='lat'><strong>,</strong></span> <span class='ocrx_word' id='word_1_617' title='bbox 1648 1060 1787 1102; x_wconf 88' lang='lat' dir='ltr'>ideoque</span> <span class='ocrx_word' id='word_1_618' title='bbox 1822 1060 1915 1104; x_wconf 78' lang='lat' dir='ltr'>plene</span> <span class='ocrx_word' id='word_1_619' title='bbox 1941 1060 2052 1104; x_wconf 81' lang='lat' dir='ltr'>subjici</span> <span class='ocrx_word' id='word_1_620' title='bbox 2079 1074 2117 1096; x_wconf 91' lang='lat' dir='ltr'>ac</span> 
     </span>
     <span class='ocr_line' id='line_1_90' title="bbox 1236 1108 2116 1154; baseline 0.005 -12"><span class='ocrx_word' id='word_1_621' title='bbox 1236 1108 1457 1143; x_wconf 84' lang='lat' dir='ltr'>subordinari.</span> <span class='ocrx_word' id='word_1_622' title='bbox 1485 1110 1698 1145; x_wconf 83' lang='lat' dir='ltr'>Demonstrat</span> <span class='ocrx_word' id='word_1_623' title='bbox 1727 1109 1791 1144; x_wconf 91' lang='lat' dir='ltr'>hoc</span> <span class='ocrx_word' id='word_1_624' title='bbox 1813 1121 1855 1144; x_wconf 87' lang='lat' dir='ltr'>ex</span> <span class='ocrx_word' id='word_1_625' title='bbox 1877 1110 2116 1154; x_wconf 80' lang='lat' dir='ltr'>antiquiffima,</span> 
     </span>
     <span class='ocr_line' id='line_1_91' title="bbox 1234 1159 2117 1204; baseline 0.003 -12"><span class='ocrx_word' id='word_1_626' title='bbox 1234 1170 1331 1201; x_wconf 86' lang='lat' dir='ltr'>quarn</span> <span class='ocrx_word' id='word_1_627' title='bbox 1359 1160 1392 1194; x_wconf 90' lang='lat'>&amp;</span> <span class='ocrx_word' id='word_1_628' title='bbox 1419 1159 1595 1203; x_wconf 78' lang='lat' dir='ltr'>Apostoli,</span> <span class='ocrx_word' id='word_1_629' title='bbox 1621 1161 1655 1194; x_wconf 77' lang='grc' dir='ltr'>ἀ</span> <span class='ocrx_word' id='word_1_630' title='bbox 1680 1162 1792 1195; x_wconf 89' lang='lat' dir='ltr'>Patres</span> <span class='ocrx_word' id='word_1_631' title='bbox 1811 1182 1822 1199; x_wconf 91' lang='lat'>‚</span> <span class='ocrx_word' id='word_1_632' title='bbox 1859 1161 1893 1194; x_wconf 71' lang='grc' dir='ltr'>ὅ(</span> <span class='ocrx_word' id='word_1_633' title='bbox 1921 1161 1986 1204; x_wconf 82' lang='lat' dir='ltr'>ipsa</span> <span class='ocrx_word' id='word_1_634' title='bbox 2017 1162 2117 1196; x_wconf 90' lang='lat' dir='ltr'>etiam</span> 
     </span>
     <span class='ocr_line' id='line_1_92' title="bbox 1236 1210 2118 1255; baseline 0.003 -12"><span class='ocrx_word' id='word_1_635' title='bbox 1236 1210 1369 1244; x_wconf 86' lang='lat' dir='ltr'>Nicaena</span> <span class='ocrx_word' id='word_1_636' title='bbox 1397 1210 1526 1253; x_wconf 88' lang='lat' dir='ltr'>Syodus</span> <span class='ocrx_word' id='word_1_637' title='bbox 1551 1210 1692 1246; x_wconf 83' lang='lat' dir='ltr'>firmavit</span> <span class='ocrx_word' id='word_1_638' title='bbox 1712 1236 1723 1253; x_wconf 92' lang='lat'>,</span> <span class='ocrx_word' id='word_1_639' title='bbox 1750 1211 1987 1246; x_wconf 86' lang='lat' dir='ltr'>consuetudine</span> <span class='ocrx_word' id='word_1_640' title='bbox 2003 1236 2013 1251; x_wconf 92' lang='lat'><em>,</em></span> <span class='ocrx_word' id='word_1_641' title='bbox 2049 1222 2118 1255; x_wconf 70' lang='lat' dir='ltr'>quar</span> 
     </span>
     <span class='ocr_line' id='line_1_93' title="bbox 1235 1259 2118 1297; baseline 0.005 -5"><span class='ocrx_word' id='word_1_642' title='bbox 1235 1259 1494 1295; x_wconf 85' lang='lat' dir='ltr'>Alexandrinum</span> <span class='ocrx_word' id='word_1_643' title='bbox 1531 1261 1678 1296; x_wconf 79' lang='lat' dir='ltr'>secunda:</span> <span class='ocrx_word' id='word_1_644' title='bbox 1716 1261 1799 1297; x_wconf 85' lang='lat' dir='ltr'>sedis</span> <span class='ocrx_word' id='word_1_645' title='bbox 1824 1261 2017 1295; x_wconf 82' lang='lat' dir='ltr'>Antissitem</span> <span class='ocrx_word' id='word_1_646' title='bbox 2047 1273 2118 1296; x_wconf 83' lang='lat' dir='ltr'>non</span> 
     </span>
     <span class='ocr_line' id='line_1_94' title="bbox 1236 1310 2117 1354; baseline 0.005 -12"><span class='ocrx_word' id='word_1_647' title='bbox 1236 1310 1290 1343; x_wconf 83' lang='lat' dir='ltr'>nifi</span> <span class='ocrx_word' id='word_1_648' title='bbox 1315 1311 1334 1344; x_wconf 71' lang='lat' dir='ltr'>a</span> <span class='ocrx_word' id='word_1_649' title='bbox 1362 1311 1518 1345; x_wconf 87' lang='lat' dir='ltr'>Romano</span> <span class='ocrx_word' id='word_1_650' title='bbox 1544 1311 1707 1346; x_wconf 82' lang='lat' dir='ltr'>Pontifice</span> <span class='ocrx_word' id='word_1_651' title='bbox 1722 1337 1738 1354; x_wconf 18' lang='lat' dir='ltr'>v,</span> <span class='ocrx_word' id='word_1_652' title='bbox 1776 1322 1832 1345; x_wconf 88' lang='lat' dir='ltr'>aut</span> <span class='ocrx_word' id='word_1_653' title='bbox 1852 1322 1893 1345; x_wconf 86' lang='lat' dir='ltr'>ex</span> <span class='ocrx_word' id='word_1_654' title='bbox 1917 1311 1985 1354; x_wconf 87' lang='lat' dir='ltr'>ejus</span> <span class='ocrx_word' id='word_1_655' title='bbox 2009 1310 2050 1344; x_wconf 87' lang='lat' dir='ltr'>ad</span> <span class='ocrx_word' id='word_1_656' title='bbox 2074 1312 2117 1346; x_wconf 87' lang='lat' dir='ltr'>fa·</span> 
     </span>
     <span class='ocr_line' id='line_1_95' title="bbox 1234 1361 2119 1406; baseline 0.001 -12"><span class='ocrx_word' id='word_1_657' title='bbox 1234 1363 1316 1394; x_wconf 67' lang='lat' dir='ltr'>stam</span> <span class='ocrx_word' id='word_1_658' title='bbox 1338 1361 1551 1396; x_wconf 80' lang='lat' dir='ltr'>Relationem</span> <span class='ocrx_word' id='word_1_659' title='bbox 1574 1363 1746 1406; x_wconf 85' lang='lat' dir='ltr'>Rescripto</span> <span class='ocrx_word' id='word_1_660' title='bbox 1768 1363 1892 1405; x_wconf 86' lang='lat' dir='ltr'>semper</span> <span class='ocrx_word' id='word_1_661' title='bbox 1915 1361 2054 1405; x_wconf 79' lang='lat' dir='ltr'>permisit</span> <span class='ocrx_word' id='word_1_662' title='bbox 2070 1361 2119 1405; x_wconf 82' lang='lat' dir='ltr'>ju-</span> 
     </span>
    </p>
   </div>
   <div class='ocr_carea' id='block_1_7' title="bbox 1233 1400 2263 1459">
    <p class='ocr_par' dir='ltr' id='par_1_11' title="bbox 1233 1400 2263 1459">
     <span class='ocr_line' id='line_1_96' title="bbox 1233 1400 2263 1459; baseline 0.001 -15"><span class='ocrx_word' id='word_1_663' title='bbox 1233 1411 1331 1444; x_wconf 87' lang='lat' dir='ltr'>dicari</span> <span class='ocrx_word' id='word_1_664' title='bbox 1347 1435 1354 1443; x_wconf 92' lang='lat'>.</span> <span class='ocrx_word' id='word_1_665' title='bbox 1382 1411 1485 1459; x_wconf 85' lang='lat' dir='ltr'>Qod</span> <span class='ocrx_word' id='word_1_666' title='bbox 1510 1412 1615 1456; x_wconf 86' lang='lat' dir='ltr'>ipsum</span> <span class='ocrx_word' id='word_1_667' title='bbox 1637 1413 1787 1447; x_wconf 83' lang='lat' dir='ltr'>Gelafius</span> <span class='ocrx_word' id='word_1_668' title='bbox 1806 1411 1993 1446; x_wconf 86' lang='lat' dir='ltr'>constanter</span> <span class='ocrx_word' id='word_1_669' title='bbox 2013 1411 2117 1446; x_wconf 90' lang='lat' dir='ltr'>incul-</span> <span class='ocrx_word' id='word_1_670' title='bbox 2137 1400 2218 1440; x_wconf 62' lang='lat' dir='ltr'>Epist·</span> <span class='ocrx_word' id='word_1_671' title='bbox 2235 1406 2263 1434; x_wconf 78' lang='lat'>⁸·</span> 
     </span>
    </p>
   </div>
   <div class='ocr_carea' id='block_1_8' title="bbox 1222 1461 2115 2502">
    <p class='ocr_par' dir='ltr' id='par_1_12' title="bbox 1222 1461 2115 2502">
     <span class='ocr_line' id='line_1_97' title="bbox 1233 1461 2115 1506; baseline 0.002 -12"><span class='ocrx_word' id='word_1_672' title='bbox 1233 1471 1284 1495; x_wconf 85' lang='lat' dir='ltr'>cat</span> <span class='ocrx_word' id='word_1_673' title='bbox 1306 1461 1341 1495; x_wconf 91' lang='lat' dir='ltr'>in</span> <span class='ocrx_word' id='word_1_674' title='bbox 1363 1461 1477 1495; x_wconf 85' lang='lat' dir='ltr'>litteris</span> <span class='ocrx_word' id='word_1_675' title='bbox 1495 1462 1534 1496; x_wconf 90' lang='lat' dir='ltr'>ad</span> <span class='ocrx_word' id='word_1_676' title='bbox 1559 1463 1735 1497; x_wconf 81' lang='lat' dir='ltr'>Dardaniae</span> <span class='ocrx_word' id='word_1_677' title='bbox 1757 1462 1936 1506; x_wconf 87' lang='lat' dir='ltr'>Episcopos</span> <span class='ocrx_word' id='word_1_678' title='bbox 1959 1486 1970 1502; x_wconf 90' lang='lat'>,</span> <span class='ocrx_word' id='word_1_679' title='bbox 2006 1472 2044 1496; x_wconf 85' lang='lat' dir='ltr'>ac</span> <span class='ocrx_word' id='word_1_680' title='bbox 2078 1461 2115 1496; x_wconf 82' lang='lat' dir='ltr'>in</span> 
     </span>
     <span class='ocr_line' id='line_1_98' title="bbox 1234 1511 2115 1556; baseline 0.003 -12"><span class='ocrx_word' id='word_1_681' title='bbox 1234 1512 1348 1545; x_wconf 83' lang='lat' dir='ltr'>litteris</span> <span class='ocrx_word' id='word_1_682' title='bbox 1369 1512 1408 1545; x_wconf 84' lang='lat' dir='ltr'>ad</span> <span class='ocrx_word' id='word_1_683' title='bbox 1431 1523 1546 1546; x_wconf 88' lang='lat' dir='ltr'>omnes</span> <span class='ocrx_word' id='word_1_684' title='bbox 1567 1512 1751 1548; x_wconf 82' lang='lat' dir='ltr'>orientales</span> <span class='ocrx_word' id='word_1_685' title='bbox 1767 1535 1778 1552; x_wconf 90' lang='lat'>‚</span> <span class='ocrx_word' id='word_1_686' title='bbox 1803 1511 2006 1547; x_wconf 82' lang='lat' dir='ltr'>exstantibus</span> <span class='ocrx_word' id='word_1_687' title='bbox 2027 1511 2115 1556; x_wconf 85' lang='lat' dir='ltr'>apud</span> 
     </span>
     <span class='ocr_line' id='line_1_99' title="bbox 1232 1561 2115 1608; baseline 0.002 -15"><span class='ocrx_word' id='word_1_688' title='bbox 1232 1561 1389 1603; x_wconf 84' lang='lat' dir='ltr'>Jacobum</span> <span class='ocrx_word' id='word_1_689' title='bbox 1413 1562 1624 1597; x_wconf 77' lang='lat' dir='ltr'>sirmondum</span> <span class='ocrx_word' id='word_1_690' title='bbox 1647 1564 1719 1608; x_wconf 86' lang='lat' dir='ltr'>post</span> <span class='ocrx_word' id='word_1_691' title='bbox 1745 1562 1958 1606; x_wconf 83' lang='lat' dir='ltr'>appendicem</span> <span class='ocrx_word' id='word_1_692' title='bbox 1989 1562 2115 1596; x_wconf 85' lang='lat' dir='ltr'>codicis</span> 
     </span>
     <span class='ocr_line' id='line_1_100' title="bbox 1231 1608 2114 1647; baseline 0.003 -5"><span class='ocrx_word' id='word_1_693' title='bbox 1231 1608 1457 1644; x_wconf 81' lang='lat' dir='ltr'>Theodofiani</span> <span class='ocrx_word' id='word_1_694' title='bbox 1478 1635 1485 1642; x_wconf 93' lang='lat'><strong>.</strong></span> <span class='ocrx_word' id='word_1_695' title='bbox 1524 1610 1567 1644; x_wconf 88' lang='lat' dir='ltr'>Et</span> <span class='ocrx_word' id='word_1_696' title='bbox 1586 1613 1736 1646; x_wconf 85' lang='lat' dir='ltr'>adversus</span> <span class='ocrx_word' id='word_1_697' title='bbox 1757 1612 1847 1646; x_wconf 83' lang='lat' dir='ltr'>istius</span> <span class='ocrx_word' id='word_1_698' title='bbox 1867 1610 2114 1647; x_wconf 88' lang='lat' dir='ltr'>consuetudinis</span> 
     </span>
     <span class='ocr_line' id='line_1_101' title="bbox 1233 1658 2113 1704; baseline 0.006 -15"><span class='ocrx_word' id='word_1_699' title='bbox 1233 1659 1507 1698; x_wconf 77' lang='lat' dir='ltr'>praevaricatorem</span> <span class='ocrx_word' id='word_1_700' title='bbox 1530 1658 1691 1694; x_wconf 78' lang='lat' dir='ltr'>Acacium</span> <span class='ocrx_word' id='word_1_701' title='bbox 1711 1660 1818 1704; x_wconf 86' lang='lat' dir='ltr'>pergit</span> <span class='ocrx_word' id='word_1_702' title='bbox 1838 1673 1846 1693; x_wconf 93' lang='lat'>:</span> <span class='ocrx_word' id='word_1_703' title='bbox 1886 1665 1933 1693; x_wconf 78' lang='lat' dir='ltr'>An</span> <span class='ocrx_word' id='word_1_704' title='bbox 1954 1662 2023 1695; x_wconf 84' lang='lat' dir='ltr'>duae</span> <span class='ocrx_word' id='word_1_705' title='bbox 2037 1660 2113 1703; x_wconf 78' lang='lat' dir='ltr'>sunt</span> 
     </span>
     <span class='ocr_line' id='line_1_102' title="bbox 1232 1703 2112 1752; baseline 0.006 -14"><span class='ocrx_word' id='word_1_706' title='bbox 1232 1703 1382 1747; x_wconf 79' lang='lat' dir='ltr'>Ecclefiae,</span> <span class='ocrx_word' id='word_1_707' title='bbox 1405 1708 1440 1740; x_wconf 66' lang='grc' dir='ltr'>ὑ</span> <span class='ocrx_word' id='word_1_708' title='bbox 1452 1708 1508 1739; x_wconf 89' lang='lat' dir='ltr'>duo</span> <span class='ocrx_word' id='word_1_709' title='bbox 1521 1706 1677 1747; x_wconf 70' lang='lat' dir='ltr'>pastores?</span> <span class='ocrx_word' id='word_1_710' title='bbox 1701 1708 1796 1749; x_wconf 73' lang='lat' dir='ltr'>Abfit:</span> <span class='ocrx_word' id='word_1_711' title='bbox 1823 1713 1905 1742; x_wconf 73' lang='lat' dir='ltr'>Unus</span> <span class='ocrx_word' id='word_1_712' title='bbox 1925 1709 2050 1750; x_wconf 73' lang='lat' dir='ltr'>estenim</span> <span class='ocrx_word' id='word_1_713' title='bbox 2061 1715 2112 1752; x_wconf 74' lang='lat' dir='ltr'>qui</span> 
     </span>
     <span class='ocr_line' id='line_1_103' title="bbox 1223 1755 2114 1799; baseline 0.003 -10"><span class='ocrx_word' id='word_1_714' title='bbox 1223 1755 1300 1798; x_wconf 83' lang='lat' dir='ltr'>fecit</span> <span class='ocrx_word' id='word_1_715' title='bbox 1312 1766 1438 1799; x_wconf 82' lang='lat' dir='ltr'>utraque</span> <span class='ocrx_word' id='word_1_716' title='bbox 1456 1768 1566 1796; x_wconf 88' lang='lat' dir='ltr'>unum,</span> <span class='ocrx_word' id='word_1_717' title='bbox 1590 1759 1691 1791; x_wconf 76' lang='lat' dir='ltr'>tollens</span> <span class='ocrx_word' id='word_1_718' title='bbox 1711 1758 1748 1791; x_wconf 87' lang='lat' dir='ltr'>de</span> <span class='ocrx_word' id='word_1_719' title='bbox 1768 1757 1862 1791; x_wconf 80' lang='lat' dir='ltr'>medio</span> <span class='ocrx_word' id='word_1_720' title='bbox 1886 1761 2114 1792; x_wconf 80' lang='lat' dir='ltr'>inimicitiarum</span> 
     </span>
     <span class='ocr_line' id='line_1_104' title="bbox 1227 1806 2114 1851; baseline 0.003 -12"><span class='ocrx_word' id='word_1_721' title='bbox 1227 1811 1374 1848; x_wconf 84' lang='lat' dir='ltr'>parietem</span> <span class='ocrx_word' id='word_1_722' title='bbox 1395 1812 1428 1840; x_wconf 81' lang='lat' dir='ltr'>in</span> <span class='ocrx_word' id='word_1_723' title='bbox 1443 1816 1559 1849; x_wconf 83' lang='lat' dir='ltr'>corpore</span> <span class='ocrx_word' id='word_1_724' title='bbox 1563 1806 1634 1851; x_wconf 88' lang='lat' dir='ltr'>suo.</span> <span class='ocrx_word' id='word_1_725' title='bbox 1666 1809 1709 1842; x_wconf 89' lang='lat' dir='ltr'>Et</span> <span class='ocrx_word' id='word_1_726' title='bbox 1731 1806 1786 1842; x_wconf 88' lang='lat' dir='ltr'>hic</span> <span class='ocrx_word' id='word_1_727' title='bbox 1811 1818 1879 1842; x_wconf 88' lang='lat' dir='ltr'>non</span> <span class='ocrx_word' id='word_1_728' title='bbox 1903 1807 2114 1842; x_wconf 65' lang='lat' dir='ltr'>solummodo</span> 
     </span>
     <span class='ocr_line' id='line_1_105' title="bbox 1232 1857 2113 1899; baseline 0.005 -10"><span class='ocrx_word' id='word_1_729' title='bbox 1232 1858 1262 1890; x_wconf 91' lang='lat' dir='ltr'>se</span> <span class='ocrx_word' id='word_1_730' title='bbox 1275 1858 1479 1899; x_wconf 84' lang='lat' dir='ltr'>supremum,</span> <span class='ocrx_word' id='word_1_731' title='bbox 1505 1858 1556 1892; x_wconf 90' lang='lat' dir='ltr'>sed</span> <span class='ocrx_word' id='word_1_732' title='bbox 1578 1858 1612 1892; x_wconf 69' lang='grc' dir='ltr'>ὅ(</span> <span class='ocrx_word' id='word_1_733' title='bbox 1638 1859 1730 1892; x_wconf 85' lang='lat' dir='ltr'>suum</span> <span class='ocrx_word' id='word_1_734' title='bbox 1751 1857 1922 1893; x_wconf 87' lang='lat' dir='ltr'>Vicarium</span> <span class='ocrx_word' id='word_1_735' title='bbox 1943 1857 2113 1893; x_wconf 83' lang='lat' dir='ltr'>Pastorem</span> 
     </span>
     <span class='ocr_line' id='line_1_106' title="bbox 1231 1906 2113 1953; baseline 0.002 -13"><span class='ocrx_word' id='word_1_736' title='bbox 1231 1907 1335 1940; x_wconf 78' lang='lat' dir='ltr'>sanxit</span> <span class='ocrx_word' id='word_1_737' title='bbox 1346 1906 1409 1941; x_wconf 78' lang='lat' dir='ltr'>effe</span> <span class='ocrx_word' id='word_1_738' title='bbox 1420 1917 1522 1940; x_wconf 88' lang='lat' dir='ltr'>unum</span> <span class='ocrx_word' id='word_1_739' title='bbox 1537 1931 1544 1940; x_wconf 92' lang='lat'><em>.</em></span> <span class='ocrx_word' id='word_1_740' title='bbox 1571 1908 1666 1941; x_wconf 91' lang='lat' dir='ltr'>Hinc</span> <span class='ocrx_word' id='word_1_741' title='bbox 1678 1906 1850 1953; x_wconf 75' lang='lat' dir='ltr'>singularia</span> <span class='ocrx_word' id='word_1_742' title='bbox 1870 1909 1990 1942; x_wconf 65' lang='lat' dir='ltr'>SanRo</span> <span class='ocrx_word' id='word_1_743' title='bbox 2040 1918 2113 1942; x_wconf 88' lang='lat' dir='ltr'>etro</span> 
     </span>
     <span class='ocr_line' id='line_1_107' title="bbox 1229 1956 2112 2002; baseline 0.003 -12"><span class='ocrx_word' id='word_1_744' title='bbox 1229 1967 1282 1999; x_wconf 88' lang='lat' dir='ltr'>per</span> <span class='ocrx_word' id='word_1_745' title='bbox 1307 1956 1526 2002; x_wconf 86' lang='lat' dir='ltr'>Evangelium</span> <span class='ocrx_word' id='word_1_746' title='bbox 1553 1958 1633 1992; x_wconf 70' lang='lat' dir='ltr'>facta</span> <span class='ocrx_word' id='word_1_747' title='bbox 1652 1959 1805 2001; x_wconf 68' lang='lat' dir='ltr'>promissa</span> <span class='ocrx_word' id='word_1_748' title='bbox 1835 1967 2004 1992; x_wconf 81' lang='lat' dir='ltr'>enumerat</span> <span class='ocrx_word' id='word_1_749' title='bbox 2036 1956 2112 1993; x_wconf 84' lang='lat' dir='ltr'>dem</span> 
     </span>
     <span class='ocr_line' id='line_1_108' title="bbox 1230 2006 2111 2052; baseline 0.002 -13"><span class='ocrx_word' id='word_1_750' title='bbox 1230 2006 1406 2048; x_wconf 74' lang='lat' dir='ltr'>Pontifex,</span> <span class='ocrx_word' id='word_1_751' title='bbox 1433 2016 1531 2050; x_wconf 82' lang='lat' dir='ltr'>atque</span> <span class='ocrx_word' id='word_1_752' title='bbox 1553 2008 1756 2052; x_wconf 87' lang='lat' dir='ltr'>prosequitur</span> <span class='ocrx_word' id='word_1_753' title='bbox 1773 2020 1781 2039; x_wconf 72' lang='grc' dir='ltr'>ι</span> <span class='ocrx_word' id='word_1_754' title='bbox 1808 2008 1914 2050; x_wconf 73' lang='lat' dir='ltr'>,Quare</span> <span class='ocrx_word' id='word_1_755' title='bbox 1926 2007 1969 2039; x_wconf 81' lang='lat' dir='ltr'>ad</span> <span class='ocrx_word' id='word_1_756' title='bbox 1987 2010 2111 2041; x_wconf 84' lang='lat' dir='ltr'>Petrum</span> 
     </span>
     <span class='ocr_line' id='line_1_109' title="bbox 1228 2055 2111 2102; baseline 0 -12"><span class='ocrx_word' id='word_1_757' title='bbox 1228 2066 1292 2090; x_wconf 83' lang='lat' dir='ltr'>tam</span> <span class='ocrx_word' id='word_1_758' title='bbox 1297 2057 1442 2100; x_wconf 79' lang='lat' dir='ltr'>frequens</span> <span class='ocrx_word' id='word_1_759' title='bbox 1457 2061 1576 2091; x_wconf 79' lang='lat' dir='ltr'>Domini</span> <span class='ocrx_word' id='word_1_760' title='bbox 1583 2056 1679 2101; x_wconf 85' lang='lat' dir='ltr'>sermo</span> <span class='ocrx_word' id='word_1_761' title='bbox 1698 2055 1864 2102; x_wconf 84' lang='lat' dir='ltr'>dirigitur?</span> <span class='ocrx_word' id='word_1_762' title='bbox 1890 2057 2111 2099; x_wconf 79' lang='lat' dir='ltr'>Nunquidnam</span> 
     </span>
     <span class='ocr_line' id='line_1_110' title="bbox 1228 2105 2111 2150; baseline 0.001 -11"><span class='ocrx_word' id='word_1_763' title='bbox 1228 2107 1333 2150; x_wconf 78' lang='lat' dir='ltr'>reliqui</span> <span class='ocrx_word' id='word_1_764' title='bbox 1345 2110 1365 2140; x_wconf 83' lang='lat'><em>5</em></span> <span class='ocrx_word' id='word_1_765' title='bbox 1365 2107 1445 2140; x_wconf 68' lang='lat' dir='ltr'>atilli</span> <span class='ocrx_word' id='word_1_766' title='bbox 1460 2120 1494 2141; x_wconf 89' lang='lat' dir='ltr'>ac</span> <span class='ocrx_word' id='word_1_767' title='bbox 1504 2108 1585 2141; x_wconf 86' lang='lat' dir='ltr'>beati</span> <span class='ocrx_word' id='word_1_768' title='bbox 1597 2107 1719 2150; x_wconf 72' lang='lat' dir='ltr'>Apostou</span> <span class='ocrx_word' id='word_1_769' title='bbox 1730 2119 1787 2140; x_wconf 90' lang='lat' dir='ltr'>non</span> <span class='ocrx_word' id='word_1_770' title='bbox 1800 2115 1886 2141; x_wconf 87' lang='lat' dir='ltr'>erant</span> <span class='ocrx_word' id='word_1_771' title='bbox 1889 2105 1979 2148; x_wconf 78' lang='lat' dir='ltr'>simili</span> <span class='ocrx_word' id='word_1_772' title='bbox 1996 2112 2111 2141; x_wconf 83' lang='lat' dir='ltr'>virtute</span> 
     </span>
     <span class='ocr_line' id='line_1_111' title="bbox 1223 2156 2110 2201; baseline -0.001 -10"><span class='ocrx_word' id='word_1_773' title='bbox 1223 2156 1363 2201; x_wconf 77' lang='lat' dir='ltr'>succinc‘li</span> <span class='ocrx_word' id='word_1_774' title='bbox 1374 2157 1390 2189; x_wconf 86' lang='lat'><em>?</em></span> <span class='ocrx_word' id='word_1_775' title='bbox 1415 2159 1494 2201; x_wconf 76' lang='lat' dir='ltr'>‚Quis</span> <span class='ocrx_word' id='word_1_776' title='bbox 1507 2158 1559 2191; x_wconf 85' lang='lat' dir='ltr'>boc</span> <span class='ocrx_word' id='word_1_777' title='bbox 1569 2159 1678 2191; x_wconf 84' lang='lat' dir='ltr'>audeat</span> <span class='ocrx_word' id='word_1_778' title='bbox 1689 2158 1860 2200; x_wconf 77' lang='lat' dir='ltr'>affirmare?</span> <span class='ocrx_word' id='word_1_779' title='bbox 1886 2157 1947 2191; x_wconf 86' lang='lat' dir='ltr'>sed</span> <span class='ocrx_word' id='word_1_780' title='bbox 1965 2164 1997 2189; x_wconf 92' lang='lat' dir='ltr'>ut</span> <span class='ocrx_word' id='word_1_781' title='bbox 2013 2162 2110 2199; x_wconf 83' lang='lat' dir='ltr'>capite</span> 
     </span>
     <span class='ocr_line' id='line_1_112' title="bbox 1227 2206 2110 2252; baseline 0 -12"><span class='ocrx_word' id='word_1_782' title='bbox 1227 2207 1396 2248; x_wconf 83' lang='lat' dir='ltr'>constituto,</span> <span class='ocrx_word' id='word_1_783' title='bbox 1420 2207 1589 2252; x_wconf 70' lang='lat' dir='ltr'>schismatis</span> <span class='ocrx_word' id='word_1_784' title='bbox 1601 2210 1748 2242; x_wconf 83' lang='lat' dir='ltr'>tolleretur</span> <span class='ocrx_word' id='word_1_785' title='bbox 1760 2206 1860 2249; x_wconf 76' lang='lat' dir='ltr'>occasi&#39;o</span> <span class='ocrx_word' id='word_1_786' title='bbox 1869 2232 1880 2249; x_wconf 90' lang='lat'>,</span> <span class='ocrx_word' id='word_1_787' title='bbox 1905 2209 1939 2242; x_wconf 65' lang='grc' dir='ltr'>Θ·</span> <span class='ocrx_word' id='word_1_788' title='bbox 1950 2218 2011 2240; x_wconf 85' lang='lat' dir='ltr'>una</span> <span class='ocrx_word' id='word_1_789' title='bbox 2031 2217 2110 2240; x_wconf 80' lang='lat' dir='ltr'>mon·</span> 
     </span>
     <span class='ocr_line' id='line_1_113' title="bbox 1222 2257 2111 2303; baseline 0 -13"><span class='ocrx_word' id='word_1_790' title='bbox 1222 2257 1370 2298; x_wconf 63' lang='lat' dir='ltr'>strare-tur</span> <span class='ocrx_word' id='word_1_791' title='bbox 1383 2267 1517 2303; x_wconf 83' lang='lat' dir='ltr'>compago</span> <span class='ocrx_word' id='word_1_792' title='bbox 1528 2265 1655 2301; x_wconf 66' lang='lat' dir='ltr'>corporu</span> <span class='ocrx_word' id='word_1_793' title='bbox 1665 2257 1777 2298; x_wconf 82' lang='lat' dir='ltr'>Christi</span> <span class='ocrx_word' id='word_1_794' title='bbox 1786 2283 1796 2298; x_wconf 94' lang='lat'>,</span> <span class='ocrx_word' id='word_1_795' title='bbox 1822 2269 1891 2300; x_wconf 69' lang='lat' dir='ltr'>quae</span> <span class='ocrx_word' id='word_1_796' title='bbox 1907 2258 1952 2291; x_wconf 85' lang='lat' dir='ltr'>ad</span> <span class='ocrx_word' id='word_1_797' title='bbox 1962 2268 2052 2290; x_wconf 87' lang='lat' dir='ltr'>unum</span> <span class='ocrx_word' id='word_1_798' title='bbox 2062 2267 2111 2290; x_wconf 81' lang='lat' dir='ltr'>ca-</span> 
     </span>
     <span class='ocr_line' id='line_1_114' title="bbox 1223 2307 2110 2352; baseline 0.001 -12"><span class='ocrx_word' id='word_1_799' title='bbox 1223 2317 1283 2350; x_wconf 88' lang='lat' dir='ltr'>put</span> <span class='ocrx_word' id='word_1_800' title='bbox 1302 2307 1494 2352; x_wconf 75' lang='lat' dir='ltr'>gloriosi&#39;ffima</span> <span class='ocrx_word' id='word_1_801' title='bbox 1514 2308 1677 2343; x_wconf 53' lang='lat' dir='ltr'>dilectionis</span> <span class='ocrx_word' id='word_1_802' title='bbox 1691 2307 1826 2352; x_wconf 65' lang='lat' dir='ltr'>chietate</span> <span class='ocrx_word' id='word_1_803' title='bbox 1848 2317 2049 2348; x_wconf 82' lang='lat' dir='ltr'>concurreret,</span> <span class='ocrx_word' id='word_1_804' title='bbox 2074 2315 2110 2341; x_wconf 85' lang='lat' dir='ltr'>ut</span> 
     </span>
     <span class='ocr_line' id='line_1_115' title="bbox 1228 2355 2107 2403; baseline -0.002 -11"><span class='ocrx_word' id='word_1_805' title='bbox 1228 2370 1289 2392; x_wconf 87' lang='lat' dir='ltr'>una</span> <span class='ocrx_word' id='word_1_806' title='bbox 1299 2361 1365 2401; x_wconf 82' lang='lat' dir='ltr'>esset</span> <span class='ocrx_word' id='word_1_807' title='bbox 1386 2355 1516 2402; x_wconf 73' lang='lat' dir='ltr'>&#39;Ecclesia</span> <span class='ocrx_word' id='word_1_808' title='bbox 1528 2384 1538 2400; x_wconf 92' lang='lat'><strong>,</strong></span> <span class='ocrx_word' id='word_1_809' title='bbox 1563 2365 1608 2393; x_wconf 86' lang='lat' dir='ltr'>cui</span> <span class='ocrx_word' id='word_1_810' title='bbox 1624 2359 1753 2403; x_wconf 84' lang='lat' dir='ltr'>fideliter</span> <span class='ocrx_word' id='word_1_811' title='bbox 1774 2358 1937 2392; x_wconf 77' lang='lat' dir='ltr'>crederetur</span> <span class='ocrx_word' id='word_1_812' title='bbox 1954 2381 1965 2397; x_wconf 93' lang='lat'>‚</span> <span class='ocrx_word' id='word_1_813' title='bbox 1988 2368 2107 2401; x_wconf 85' lang='lat' dir='ltr'>unaque</span> 
     </span>
     <span class='ocr_line' id='line_1_116' title="bbox 1230 2409 2108 2450; baseline -0.001 -10"><span class='ocrx_word' id='word_1_814' title='bbox 1230 2412 1342 2442; x_wconf 87' lang='lat' dir='ltr'>Domus</span> <span class='ocrx_word' id='word_1_815' title='bbox 1362 2415 1451 2443; x_wconf 82' lang='lat' dir='ltr'>unius</span> <span class='ocrx_word' id='word_1_816' title='bbox 1474 2413 1593 2443; x_wconf 81' lang='lat' dir='ltr'>Domlni</span> <span class='ocrx_word' id='word_1_817' title='bbox 1610 2433 1622 2449; x_wconf 93' lang='lat'><em>,</em></span> <span class='ocrx_word' id='word_1_818' title='bbox 1655 2412 1692 2444; x_wconf 64' lang='grc' dir='ltr'>Θ</span> <span class='ocrx_word' id='word_1_819' title='bbox 1714 2414 1804 2443; x_wconf 90' lang='lat' dir='ltr'>unius</span> <span class='ocrx_word' id='word_1_820' title='bbox 1822 2409 2046 2450; x_wconf 82' lang='lat' dir='ltr'>Redemptorls,</span> <span class='ocrx_word' id='word_1_821' title='bbox 2076 2412 2108 2440; x_wconf 86' lang='lat' dir='ltr'>in</span> 
     </span>
     <span class='ocr_line' id='line_1_117' title="bbox 1228 2459 2109 2502; baseline -0.001 -10"><span class='ocrx_word' id='word_1_822' title='bbox 1228 2471 1287 2502; x_wconf 83' lang='lat' dir='ltr'>qua</span> <span class='ocrx_word' id='word_1_823' title='bbox 1299 2460 1336 2492; x_wconf 85' lang='lat' dir='ltr'>de</span> <span class='ocrx_word' id='word_1_824' title='bbox 1347 2470 1404 2492; x_wconf 89' lang='lat' dir='ltr'>uno</span> <span class='ocrx_word' id='word_1_825' title='bbox 1422 2463 1505 2494; x_wconf 85' lang='lat' dir='ltr'>Pane</span> <span class='ocrx_word' id='word_1_826' title='bbox 1515 2461 1594 2495; x_wconf 70' lang='lat' dir='ltr'>&amp;de</span> <span class='ocrx_word' id='word_1_827' title='bbox 1603 2466 1659 2494; x_wconf 82' lang='lat' dir='ltr'>uno</span> <span class='ocrx_word' id='word_1_828' title='bbox 1681 2461 1782 2494; x_wconf 79' lang='lat' dir='ltr'>calice</span> <span class='ocrx_word' id='word_1_829' title='bbox 1805 2465 2006 2493; x_wconf 84' lang='lat' dir='ltr'>nutriremur.</span> <span class='ocrx_word' id='word_1_830' title='bbox 2031 2459 2109 2492; x_wconf 85' lang='lat' dir='ltr'>Sine</span> 
     </span>
    </p>
   </div>
   <div class='ocr_carea' id='block_1_9' title="bbox 1216 2507 2107 2554">
    <p class='ocr_par' dir='ltr' id='par_1_13' title="bbox 1216 2507 2107 2554">
     <span class='ocr_line' id='line_1_118' title="bbox 1216 2507 2107 2554; baseline -0.002 -12"><span class='ocrx_word' id='word_1_831' title='bbox 1216 2517 1299 2543; x_wconf 79' lang='lat' dir='ltr'>&#39;uno</span> <span class='ocrx_word' id='word_1_832' title='bbox 1322 2509 1505 2554; x_wconf 85' lang='lat' dir='ltr'>Episcopali</span> <span class='ocrx_word' id='word_1_833' title='bbox 1530 2511 1636 2553; x_wconf 79' lang='lat' dir='ltr'>eapite</span> <span class='ocrx_word' id='word_1_834' title='bbox 1655 2521 1724 2544; x_wconf 87' lang='lat' dir='ltr'>non</span> <span class='ocrx_word' id='word_1_835' title='bbox 1747 2511 1836 2554; x_wconf 81' lang='lat' dir='ltr'>poffe</span> <span class='ocrx_word' id='word_1_836' title='bbox 1854 2509 1917 2544; x_wconf 79' lang='lat' dir='ltr'>effe</span> <span class='ocrx_word' id='word_1_837' title='bbox 1937 2519 2038 2542; x_wconf 87' lang='lat' dir='ltr'>unam</span> <span class='ocrx_word' id='word_1_838' title='bbox 2052 2507 2107 2540; x_wconf 86' lang='lat' dir='ltr'>Eo·</span> 
     </span>
    </p>
   </div>
   <div class='ocr_carea' id='block_1_10' title="bbox 1227 2556 2111 3402">
    <p class='ocr_par' dir='ltr' id='par_1_14' title="bbox 1227 2556 2111 3351">
     <span class='ocr_line' id='line_1_119' title="bbox 1229 2556 2106 2604; baseline -0.006 -11"><span class='ocrx_word' id='word_1_839' title='bbox 1229 2560 1358 2593; x_wconf 80' lang='lat' dir='ltr'>clefiam</span> <span class='ocrx_word' id='word_1_840' title='bbox 1381 2584 1391 2600; x_wconf 91' lang='lat'>,</span> <span class='ocrx_word' id='word_1_841' title='bbox 1423 2560 1458 2594; x_wconf 77' lang='grc' dir='ltr'>δε</span> <span class='ocrx_word' id='word_1_842' title='bbox 1480 2560 1513 2594; x_wconf 88' lang='lat' dir='ltr'>in</span> <span class='ocrx_word' id='word_1_843' title='bbox 1537 2560 1632 2594; x_wconf 77' lang='lat' dir='ltr'>istam</span> <span class='ocrx_word' id='word_1_844' title='bbox 1651 2559 1848 2604; x_wconf 85' lang='lat' dir='ltr'>dignitatem</span> <span class='ocrx_word' id='word_1_845' title='bbox 1869 2560 1987 2594; x_wconf 65' lang='lat' dir='ltr'>Sancto</span> <span class='ocrx_word' id='word_1_846' title='bbox 2008 2556 2106 2589; x_wconf 86' lang='lat' dir='ltr'>Petro</span> 
     </span>
     <span class='ocr_line' id='line_1_120' title="bbox 1232 2605 2106 2654; baseline -0.007 -11"><span class='ocrx_word' id='word_1_847' title='bbox 1232 2609 1398 2653; x_wconf 85' lang='lat' dir='ltr'>Apostolo</span> <span class='ocrx_word' id='word_1_848' title='bbox 1421 2611 1545 2654; x_wconf 83' lang='lat' dir='ltr'>semper</span> <span class='ocrx_word' id='word_1_849' title='bbox 1564 2611 1740 2645; x_wconf 82' lang='lat' dir='ltr'>sueceffiffe</span> <span class='ocrx_word' id='word_1_850' title='bbox 1769 2611 1804 2644; x_wconf 77' lang='grc' dir='ltr'>ἀ</span> <span class='ocrx_word' id='word_1_851' title='bbox 1825 2609 2019 2644; x_wconf 76' lang='lat' dir='ltr'>success&#39;uros</span> <span class='ocrx_word' id='word_1_852' title='bbox 2037 2605 2106 2638; x_wconf 88' lang='lat' dir='ltr'>Ro·</span> 
     </span>
     <span class='ocr_line' id='line_1_121' title="bbox 1231 2654 2108 2705; baseline -0.007 -12"><span class='ocrx_word' id='word_1_853' title='bbox 1231 2671 1347 2694; x_wconf 84' lang='lat' dir='ltr'>manos</span> <span class='ocrx_word' id='word_1_854' title='bbox 1368 2660 1548 2705; x_wconf 85' lang='lat' dir='ltr'>Episcopos</span> <span class='ocrx_word' id='word_1_855' title='bbox 1560 2685 1570 2701; x_wconf 93' lang='lat'><em>,</em></span> <span class='ocrx_word' id='word_1_856' title='bbox 1590 2660 1734 2704; x_wconf 84' lang='lat' dir='ltr'>pluribus</span> <span class='ocrx_word' id='word_1_857' title='bbox 1755 2659 1823 2692; x_wconf 89' lang='lat' dir='ltr'>illie</span> <span class='ocrx_word' id='word_1_858' title='bbox 1846 2656 1989 2691; x_wconf 84' lang='lat' dir='ltr'>ostendit</span> <span class='ocrx_word' id='word_1_859' title='bbox 2010 2654 2108 2688; x_wconf 82' lang='lat' dir='ltr'>Gela-</span> 
     </span>
     <span class='ocr_line' id='line_1_122' title="bbox 1230 2703 2107 2751; baseline -0.005 -9"><span class='ocrx_word' id='word_1_860' title='bbox 1230 2710 1292 2743; x_wconf 87' lang='lat' dir='ltr'>fius</span> <span class='ocrx_word' id='word_1_861' title='bbox 1305 2736 1312 2743; x_wconf 89' lang='lat'><strong>.</strong></span> <span class='ocrx_word' id='word_1_862' title='bbox 1335 2710 1379 2744; x_wconf 90' lang='lat' dir='ltr'>Et</span> <span class='ocrx_word' id='word_1_863' title='bbox 1399 2710 1491 2745; x_wconf 84' lang='lat' dir='ltr'>istam</span> <span class='ocrx_word' id='word_1_864' title='bbox 1512 2711 1608 2744; x_wconf 85' lang='lat' dir='ltr'>fuisse</span> <span class='ocrx_word' id='word_1_865' title='bbox 1627 2717 1812 2751; x_wconf 87' lang='lat' dir='ltr'>perpetuam</span> <span class='ocrx_word' id='word_1_866' title='bbox 1833 2716 1930 2747; x_wconf 87' lang='lat' dir='ltr'>atque</span> <span class='ocrx_word' id='word_1_867' title='bbox 1953 2703 2107 2739; x_wconf 88' lang='lat' dir='ltr'>immobi-</span> 
     </span>
     <span class='ocr_line' id='line_1_123' title="bbox 1229 2754 2108 2796; baseline -0.005 -4"><span class='ocrx_word' id='word_1_868' title='bbox 1229 2759 1292 2793; x_wconf 87' lang='lat' dir='ltr'>lem</span> <span class='ocrx_word' id='word_1_869' title='bbox 1315 2761 1467 2794; x_wconf 84' lang='lat' dir='ltr'>0mnium</span> <span class='ocrx_word' id='word_1_870' title='bbox 1487 2760 1568 2794; x_wconf 84' lang='lat' dir='ltr'>olim</span> <span class='ocrx_word' id='word_1_871' title='bbox 1592 2759 1777 2792; x_wconf 85' lang='lat' dir='ltr'>Graecorum</span> <span class='ocrx_word' id='word_1_872' title='bbox 1808 2755 1946 2790; x_wconf 80' lang='lat' dir='ltr'>Parrum</span> <span class='ocrx_word' id='word_1_873' title='bbox 1975 2754 2072 2789; x_wconf 84' lang='lat' dir='ltr'>fidem</span> <span class='ocrx_word' id='word_1_874' title='bbox 2093 2777 2108 2796; x_wconf 83' lang='lat'><em>,</em></span> 
     </span>
     <span class='ocr_line' id='line_1_124' title="bbox 1231 2803 2109 2854; baseline -0.006 -11"><span class='ocrx_word' id='word_1_875' title='bbox 1231 2811 1288 2843; x_wconf 88' lang='lat' dir='ltr'>suo</span> <span class='ocrx_word' id='word_1_876' title='bbox 1308 2810 1385 2843; x_wconf 90' lang='lat' dir='ltr'>loco</span> <span class='ocrx_word' id='word_1_877' title='bbox 1405 2807 1698 2843; x_wconf 84' lang='lat' dir='ltr'>demonstrabitur.</span> <span class='ocrx_word' id='word_1_878' title='bbox 1719 2806 1931 2854; x_wconf 85' lang='lat' dir='ltr'>Qapropter</span> <span class='ocrx_word' id='word_1_879' title='bbox 1953 2803 2109 2840; x_wconf 76' lang='lat' dir='ltr'>Eusebia-</span> 
     </span>
     <span class='ocr_line' id='line_1_125' title="bbox 1228 2852 2109 2902; baseline -0.007 -9"><span class='ocrx_word' id='word_1_880' title='bbox 1228 2871 1270 2893; x_wconf 89' lang='lat' dir='ltr'>na</span> <span class='ocrx_word' id='word_1_881' title='bbox 1293 2858 1390 2892; x_wconf 69' lang='lat' dir='ltr'>fastio</span> <span class='ocrx_word' id='word_1_882' title='bbox 1403 2882 1414 2898; x_wconf 94' lang='lat'><strong><em>,</em></strong></span> <span class='ocrx_word' id='word_1_883' title='bbox 1438 2870 1507 2902; x_wconf 81' lang='lat' dir='ltr'>quae</span> <span class='ocrx_word' id='word_1_884' title='bbox 1528 2856 1791 2892; x_wconf 82' lang='lat' dir='ltr'>Christianorum</span> <span class='ocrx_word' id='word_1_885' title='bbox 1810 2852 2040 2892; x_wconf 79' lang='lat' dir='ltr'>Hierarchiam</span> <span class='ocrx_word' id='word_1_886' title='bbox 2062 2856 2109 2888; x_wconf 88' lang='lat' dir='ltr'>se-</span> 
     </span>
     <span class='ocr_line' id='line_1_126' title="bbox 1227 2905 2107 2944; baseline -0.006 -2"><span class='ocrx_word' id='word_1_887' title='bbox 1227 2909 1296 2942; x_wconf 87' lang='lat' dir='ltr'>cuit</span> <span class='ocrx_word' id='word_1_888' title='bbox 1317 2909 1351 2942; x_wconf 92' lang='lat' dir='ltr'>in</span> <span class='ocrx_word' id='word_1_889' title='bbox 1374 2907 1473 2942; x_wconf 88' lang='lat' dir='ltr'>trium</span> <span class='ocrx_word' id='word_1_890' title='bbox 1501 2906 1760 2942; x_wconf 73' lang='lat' dir='ltr'>patriarcharum</span> <span class='ocrx_word' id='word_1_891' title='bbox 1782 2905 2028 2940; x_wconf 83' lang='lat' dir='ltr'>Aristocratiam</span> <span class='ocrx_word' id='word_1_892' title='bbox 2042 2928 2053 2944; x_wconf 93' lang='lat'>‚</span> <span class='ocrx_word' id='word_1_893' title='bbox 2072 2905 2107 2937; x_wconf 61' lang='grc' dir='ltr'>δι’</span> 
     </span>
     <span class='ocr_line' id='line_1_127' title="bbox 1228 2953 2107 2993; baseline -0.007 -1"><span class='ocrx_word' id='word_1_894' title='bbox 1228 2958 1314 2992; x_wconf 84' lang='lat' dir='ltr'>illius</span> <span class='ocrx_word' id='word_1_895' title='bbox 1335 2959 1505 2993; x_wconf 63' lang='lat' dir='ltr'>sectatores</span> <span class='ocrx_word' id='word_1_896' title='bbox 1527 2956 1678 2992; x_wconf 85' lang='lat' dir='ltr'>hodierni</span> <span class='ocrx_word' id='word_1_897' title='bbox 1689 2957 1877 2992; x_wconf 81' lang='lat' dir='ltr'>Graecorum</span> <span class='ocrx_word' id='word_1_898' title='bbox 1888 2953 2082 2989; x_wconf 86' lang='lat' dir='ltr'>schismatici</span> <span class='ocrx_word' id='word_1_899' title='bbox 2095 2977 2107 2993; x_wconf 93' lang='lat'>,</span> 
     </span>
     <span class='ocr_line' id='line_1_128' title="bbox 1228 3004 2107 3052; baseline -0.006 -10"><span class='ocrx_word' id='word_1_900' title='bbox 1228 3010 1284 3052; x_wconf 89' lang='lat' dir='ltr'>qui</span> <span class='ocrx_word' id='word_1_901' title='bbox 1306 3009 1406 3052; x_wconf 87' lang='lat' dir='ltr'>ipsam</span> <span class='ocrx_word' id='word_1_902' title='bbox 1428 3009 1463 3042; x_wconf 87' lang='lat' dir='ltr'>in</span> <span class='ocrx_word' id='word_1_903' title='bbox 1486 3008 1631 3052; x_wconf 87' lang='lat' dir='ltr'>quinque</span> <span class='ocrx_word' id='word_1_904' title='bbox 1648 3005 1907 3042; x_wconf 82' lang='lat' dir='ltr'>Patriarcharum</span> <span class='ocrx_word' id='word_1_905' title='bbox 1927 3005 1961 3040; x_wconf 91' lang='lat'>&amp;</span> <span class='ocrx_word' id='word_1_906' title='bbox 1978 3004 2107 3047; x_wconf 80' lang='lat' dir='ltr'>aliquot</span> 
     </span>
     <span class='ocr_line' id='line_1_129' title="bbox 1229 3052 2108 3101; baseline -0.005 -9"><span class='ocrx_word' id='word_1_907' title='bbox 1229 3059 1409 3092; x_wconf 87' lang='lat' dir='ltr'>Primatum</span> <span class='ocrx_word' id='word_1_908' title='bbox 1434 3056 1662 3092; x_wconf 76' lang='lat' dir='ltr'>Exarchorum</span> <span class='ocrx_word' id='word_1_909' title='bbox 1687 3057 1842 3101; x_wconf 73' lang='lat' dir='ltr'>aequalem</span> <span class='ocrx_word' id='word_1_910' title='bbox 1864 3066 1902 3090; x_wconf 87' lang='lat' dir='ltr'>ac</span> <span class='ocrx_word' id='word_1_911' title='bbox 1913 3052 1999 3089; x_wconf 76' lang='lat' dir='ltr'>ultro</span> <span class='ocrx_word' id='word_1_912' title='bbox 2011 3055 2108 3088; x_wconf 87' lang='lat' dir='ltr'>citro-</span> 
     </span>
     <span class='ocr_line' id='line_1_130' title="bbox 1227 3102 2111 3152; baseline -0.007 -9"><span class='ocrx_word' id='word_1_913' title='bbox 1227 3120 1289 3152; x_wconf 90' lang='lat' dir='ltr'>que</span> <span class='ocrx_word' id='word_1_914' title='bbox 1316 3109 1590 3152; x_wconf 83' lang='lat' dir='ltr'>independentern</span> <span class='ocrx_word' id='word_1_915' title='bbox 1619 3105 1891 3150; x_wconf 81' lang='lat' dir='ltr'>Autocephaliam</span> <span class='ocrx_word' id='word_1_916' title='bbox 1920 3102 2074 3138; x_wconf 88' lang='lat' dir='ltr'>dividunt</span> <span class='ocrx_word' id='word_1_917' title='bbox 2095 3126 2111 3143; x_wconf 79' lang='lat'>,</span> 
     </span>
     <span class='ocr_line' id='line_1_131' title="bbox 1233 3154 2109 3195; baseline -0.007 -2"><span class='ocrx_word' id='word_1_918' title='bbox 1233 3158 1378 3193; x_wconf 79' lang='lat' dir='ltr'>Ecclefiae</span> <span class='ocrx_word' id='word_1_919' title='bbox 1408 3159 1569 3193; x_wconf 87' lang='lat' dir='ltr'>unitatem</span> <span class='ocrx_word' id='word_1_920' title='bbox 1602 3157 1772 3192; x_wconf 79' lang='lat' dir='ltr'>manifeste</span> <span class='ocrx_word' id='word_1_921' title='bbox 1805 3156 1947 3189; x_wconf 70' lang='lat' dir='ltr'>lacerant</span> <span class='ocrx_word' id='word_1_922' title='bbox 1965 3178 1976 3195; x_wconf 91' lang='lat'><strong>,</strong></span> <span class='ocrx_word' id='word_1_923' title='bbox 2013 3154 2109 3188; x_wconf 84' lang='lat' dir='ltr'>indu-</span> 
     </span>
     <span class='ocr_line' id='line_1_132' title="bbox 1229 3205 2108 3252; baseline -0.008 -9"><span class='ocrx_word' id='word_1_924' title='bbox 1229 3219 1305 3243; x_wconf 88' lang='lat' dir='ltr'>cunt</span> <span class='ocrx_word' id='word_1_925' title='bbox 1341 3208 1559 3252; x_wconf 84' lang='lat' dir='ltr'>Acephaliam</span> <span class='ocrx_word' id='word_1_926' title='bbox 1592 3232 1603 3247; x_wconf 93' lang='lat'><em>‚</em></span> <span class='ocrx_word' id='word_1_927' title='bbox 1632 3207 1667 3240; x_wconf 91' lang='lat'>&amp;</span> <span class='ocrx_word' id='word_1_928' title='bbox 1699 3205 2108 3248; x_wconf 81' lang='lat' dir='ltr'>Constantinopolitanum</span> 
     </span>
     <span class='ocr_line' id='line_1_133' title="bbox 1231 3255 2107 3302; baseline -0.009 -9"><span class='ocrx_word' id='word_1_929' title='bbox 1231 3261 1474 3302; x_wconf 74' lang='lat' dir='ltr'>praevaricantur</span> <span class='ocrx_word' id='word_1_930' title='bbox 1505 3255 1689 3302; x_wconf 84' lang='lat' dir='ltr'>symbolum</span> <span class='ocrx_word' id='word_1_931' title='bbox 1716 3279 1730 3297; x_wconf 87' lang='lat'>,</span> <span class='ocrx_word' id='word_1_932' title='bbox 1759 3255 1797 3289; x_wconf 88' lang='lat' dir='ltr'>in</span> <span class='ocrx_word' id='word_1_933' title='bbox 1825 3266 1891 3299; x_wconf 88' lang='lat' dir='ltr'>quo</span> <span class='ocrx_word' id='word_1_934' title='bbox 1920 3255 2107 3299; x_wconf 86' lang='lat' dir='ltr'>profitemur</span> 
     </span>
     <span class='ocr_line' id='line_1_134' title="bbox 1229 3309 1509 3351; baseline -0.004 -9"><span class='ocrx_word' id='word_1_935' title='bbox 1229 3321 1320 3342; x_wconf 86' lang='lat' dir='ltr'>unam</span> <span class='ocrx_word' id='word_1_936' title='bbox 1339 3309 1509 3351; x_wconf 69' lang='lat' dir='ltr'>Ecclefiam.</span> 
     </span>
    </p>

    <p class='ocr_par' dir='ltr' id='par_1_15' title="bbox 1280 3350 2109 3402">
     <span class='ocr_line' id='line_1_135' title="bbox 1280 3350 2109 3402; baseline -0.011 -8"><span class='ocrx_word' id='word_1_937' title='bbox 1280 3358 1668 3402; x_wconf 74' lang='lat' dir='ltr'>constantinopolitanus</span> <span class='ocrx_word' id='word_1_938' title='bbox 1691 3365 1801 3390; x_wconf 83' lang='lat' dir='ltr'>tamen</span> <span class='ocrx_word' id='word_1_939' title='bbox 1832 3351 2019 3389; x_wconf 81' lang='lat' dir='ltr'>Patriarcha</span> <span class='ocrx_word' id='word_1_940' title='bbox 2051 3350 2109 3383; x_wconf 89' lang='lat' dir='ltr'>du-</span> 
     </span>
    </p>
   </div>
   <div class='ocr_carea' id='block_1_11' title="bbox 1233 3399 2109 3486">
    <p class='ocr_par' dir='ltr' id='par_1_16' title="bbox 1233 3399 2109 3486">
     <span class='ocr_line' id='line_1_136' title="bbox 1233 3399 2109 3455; baseline -0.013 -10"><span class='ocrx_word' id='word_1_941' title='bbox 1233 3410 1312 3445; x_wconf 88' lang='lat' dir='ltr'>dum</span> <span class='ocrx_word' id='word_1_942' title='bbox 1334 3409 1450 3445; x_wconf 82' lang='lat' dir='ltr'>habuit</span> <span class='ocrx_word' id='word_1_943' title='bbox 1471 3409 1600 3455; x_wconf 77' lang='lat' dir='ltr'>aliquos</span> <span class='ocrx_word' id='word_1_944' title='bbox 1620 3405 1808 3444; x_wconf 81' lang='lat' dir='ltr'>universalis</span> <span class='ocrx_word' id='word_1_945' title='bbox 1821 3407 1911 3450; x_wconf 87' lang='lat' dir='ltr'>super</span> <span class='ocrx_word' id='word_1_946' title='bbox 1930 3403 2013 3437; x_wconf 82' lang='lat' dir='ltr'>alios</span> <span class='ocrx_word' id='word_1_947' title='bbox 2024 3399 2109 3434; x_wconf 81' lang='lat' dir='ltr'>Grae-</span> 
     </span>
     <span class='ocr_line' id='line_1_137' title="bbox 1946 3461 2060 3486; baseline -0.009 0"><span class='ocrx_word' id='word_1_948' title='bbox 1946 3461 2060 3486; x_wconf 88' lang='lat' dir='ltr'>corum</span> 
     </span>
    </p>
   </div>
  </div>
 </body>
</html>
