2352 3736
454 183 508 212 DE
544 166 738 210 SIMONJAE
772 174 956 207 cluMlNe
970 193 983 216 2
1017 176 1068 203 ET
1100 173 1242 205 VARIIS
1279 176 1338 206 AD
1372 175 1495 206 IPSUM
1531 173 1860 207 SPECTANTIBUS.

237 246 425 285 RITATE
438 272 447 286 ,
462 246 614 282 SICUT
631 245 693 278 EX
706 244 822 283 DEO,
835 242 1011 278 CORAM
1029 241 1130 273 Dsso
1196 241 1451 278 Commentariis
1471 242 1560 277 idern
1581 242 1856 286 chrysostomus,
1882 244 1917 278 &
1938 245 2068 287 respon·
2087 247 2174 278 Hom.
2195 257 2242 284 23.

234 299 286 333 IN
298 296 513 332 CHRISTO
527 294 807 345 LOQUIMUR
819 319 826 325 .
841 296 887 325 Et
905 297 1011 325 iterum
1026 303 1033 322 :
1049 289 1133 323 HA-

235 347 426 385 BENTES
463 346 607 381 HANC
658 338 1095 378 MlNffiTRATIONEM
1119 364 1131 379 ,

235 397 403 442 JUXTA
429 397 578 444 QUOD
596 389 989 429 MISERICORDIAM
1017 389 1131 422 CON-

234 448 416 484 SECUTI
431 446 614 485 SUMUS,
628 442 735 481 NQN
748 439 1030 479 DEF1C1MUS‚
1041 439 1130 472 SED

234 497 529 533 ABDICAMUS
555 489 799 530 OCCULTA
830 489 1130 529 DEDECORIS,

235 549 343 583 NON
356 541 702 582 AMBULANTES
712 539 763 573 IN
772 538 1019 580 ASTUT1A‚
1051 538 1131 572 NE-

235 598 345 645 QUE
357 590 766 633 ADULTERANTES
780 589 997 625 VERBUM
1020 588 1103 622 DEI
1118 613 1128 629 ,

237 648 326 684 SED
353 648 412 682 ΙΝ.
438 639 884 679 MANJFESTATIONE
926 638 1128 674 VERITA-

235 693 332 733 Tls.
359 699 436 728 sicut
446 699 526 728 enim
535 693 654 726 adulter
666 702 725 724 non
735 689 988 734 quaerttfrucqum
1008 690 1103 731 prolis
1118 712 1128 727 ‚

232 747 291 792 sed
300 754 417 783 tantum
427 742 530 786 utfitae
540 745 695 777 voluntati
712 740 890 785 satisfaciat
899 765 910 781 ,
924 739 1125 775 &libidinem

237 798 357 840 impleat
368 819 378 836 ‚
389 799 435 827 ita
444 801 538 827 omm‘s
552 818 562 834 ,
573 798 626 836 qui
637 792 878 831 ministrationem
892 790 978 824 verbi
984 787 1124 832 sufiepit,

230 847 261 891 fi
270 858 307 880 ex
312 843 609 889 finceritatesalutem
619 845 807 877 audientium
820 864 831 881 ‚
857 842 891 874 ὁ·
899 839 1123 881 ‹edific-ationem

233 894 370 937 Ecclefiae
382 906 439 928 non
449 900 558 937 quaerit
568 918 579 934 ,
601 891 660 936 sed
668 891 757 936 causa
769 892 889 925 alterius
902 895 948 923 ret
956 914 967 931 ,
993 901 1060 932 quae
1070 894 1122 922 mi·

233 958 287 979 nor
297 946 334 986 est
345 956 433 987 quam
443 943 527 988 salus
542 945 713 977 Auditorum
726 967 737 983 ‚
763 941 889 975 Verbum
905 942 959 972 Dei
970 941 1102 983 loquttur
1113 964 1124 981 ,

233 1006 266 1030 ut
272 994 336 1038 suae
347 992 622 1037 nimirump'ropriae
633 995 784 1029 voluntate·
812 991 990 1032 obtemperet
1003 1015 1014 1030 ‚
1041 991 1125 1023 adul-

232 1057 278 1081 ter
294 1046 332 1087 est
345 1070 352 1078 .
379 1049 461 1089 Ergo
483 1056 539 1078 non
561 1043 616 1088 soli
640 1043 771 1078 haerettci
791 1042 968 1076 adulterant
993 1040 1125 1074 Verbum

232 1101 290 1133 Dei
310 1096 454 1141 miscendo
467 1095 614 1138 fallacias
627 1093 701 1138 suas
715 1117 726 1133 ‚
746 1091 806 1135 sed
831 1093 865 1125 <5
882 1103 981 1125 omnes
1003 1096 1053 1133 qut
1069 1098 1124 1132 per

228 1148 347 1193 sacrum
363 1146 558 1187 ministerium
568 1146 613 1179 ad
632 1143 751 1177 honores
778 1143 812 1177 (Ὗ
829 1143 958 1176 divitias
980 1147 1124 1182 tempora-

233 1201 274 1234 les
291 1203 456 1240 pervenire
475 1195 643 1238 festinant.
671 1197 780 1226 Etiam
808 1192 843 1225 (5
858 1192 927 1232 illi,
953 1196 1006 1233 qut
1024 1192 1068 1223 ad
1076 1190 1124 1223 bo-

233 1249 367 1282 nores&
386 1249 515 1282 divitias
533 1244 690 1290 sublimari
710 1254 767 1275 non
785 1242 903 1285 ptysunt
919 1265 931 1281 ,
956 1242 991 1274 ὡ·
1011 1240 1124 1274 villum

232 1307 288 1332 aut
317 1306 518 1341 tegumentum
554 1295 761 1337 quotidianum
787 1303 825 1327 ex
847 1290 932 1335 sacro
963 1290 1123 1331 ministerio

234 1347 361 1391 adipisci
382 1353 524 1389 cupiunt.
554 1347 639 1387 ,Quia
661 1355 719 1378 non
745 1343 809 1377 ideo
826 1339 966 1384 sumptus
977 1346 1122 1383 accipiunt

233 1409 270 1433 ut
291 1400 459 1440 praedtcent
481 1420 492 1437 ‚
514 1394 572 1438 sed
595 1395 658 1427 ideo
679 1394 856 1435 pradicant
881 1399 914 1424 ut
939 1397 1087 1432 accipiant
1113 1401 1122 1431 ;

233 1459 288 1482 nec
307 1449 465 1490 loquuntur
485 1457 523 1480 ex
536 1442 705 1487 finceritate
720 1441 796 1484 ficut
807 1452 847 1474 ex
859 1443 921 1473 Deo
930 1451 1028 1474 coram
1041 1443 1119 1479 Deo,

231 1497 287 1542 fed
304 1497 456 1531 ambulant
479 1500 512 1528 m
532 1493 640 1534 astutia
660 1504 675 1534 ;
702 1502 753 1524 nec
775 1490 920 1524 abdicant
943 1491 1053 1523 occulta
1072 1491 1122 1525 de-

233 1549 365 1586 decoris,
382 1543 688 1589 sedampleaffuntur:
715 1541 847 1575 Adultera
864 1538 955 1583 sunt.
984 1538 1123 1573 Erudit&

234 1598 269 1631 &
294 1596 410 1631 acriter
426 1589 725 1640 prosequituristud
737 1598 969 1634 argumentum
983 1614 990 1622 .
1017 1589 1120 1640 Qod

231 1646 340 1689 ipsum
361 1645 396 1681 in
419 1644 517 1678 variis
540 1641 696 1688 Epistolis
716 1641 855 1675 lfidorus
867 1640 1030 1673 Pelufiota
1044 1663 1055 1679 ,
1082 1651 1121 1674 ac

232 1696 271 1730 in
298 1694 444 1730 secundae
469 1694 510 1728 ad
537 1691 733 1728 Corinthios
761 1690 917 1733 Epistola
944 1690 1122 1724 Commen-

233 1746 324 1786 tariis
345 1745 425 1779 facit
445 1742 739 1787 Theophylastus.
768 1742 820 1774 Ex
847 1739 1034 1779 Clericatu,
1062 1739 1119 1772 Ec-

232 1796 334 1829 clefiae
354 1795 547 1830 Ministerio
561 1817 572 1833 ,
598 1803 654 1826 aut
677 1791 917 1835 praedicationis
926 1790 1039 1824 officio
1051 1800 1119 1824 non

233 1854 346 1880 vetant
369 1846 491 1879 vicium
517 1844 552 1878 &
572 1843 766 1878 alimentum
790 1841 914 1884 accipi,
941 1837 996 1874 sed
1007 1849 1119 1875 vetant

233 1894 300 1929 haec
321 1896 384 1930 effe
411 1895 547 1938 suscepti
585 1892 687 1927 status
714 1901 771 1926 aut
796 1889 978 1925 Ministerii
1001 1890 1120 1924 finem.

234 1944 420 1987 Adimpleri
449 1943 528 1978 hinc
554 1943 673 1978 volunt
699 1942 807 1986 legem
833 1939 999 1975 Domini.-
1028 1943 1121 1982 ,ρκ-

232 1999 290 2027 rite
308 2000 440 2036 primum
460 2004 584 2038 regnum
602 1997 660 2026 Dei
682 1994 717 2026 <5
724 1996 757 2036 J
760 1991 888 2031 ustitiam
898 1992 961 2030 ejus
973 2013 984 2029 ‚
1010 1991 1044 2023 (5
1058 1988 1121 2023 baec

231 2049 333 2078 omnia
342 2046 523 2085 adjicientur
542 2043 627 2077 vobis
641 2068 648 2075 .
676 2041 749 2076 Nec
770 2039 960 2076 secundario
971 2038 1038 2073 haec
1050 2040 1120 2081 pos·

232 2096 309 2129 sunt
341 2094 439 2139 quaeri
461 2119 469 2127 .
496 2094 567 2141 Qi
583 2093 673 2127 enim
695 2092 810 2135 partim
829 2102 870 2124 ex
890 2089 976 2130 Dei,
1003 2088 1120 2132 partim

233 2156 276 2179 ex
304 2145 385 2178 lucri
407 2155 519 2178 amore
540 2141 688 2187 praedicat
710 2165 722 2182 ,
756 2140 917 2175 ministrat
936 2163 947 2179 ,
972 2148 1030 2173 aut
1056 2137 1121 2171 Mi-

234 2194 405 2229 nisterium
425 2194 569 2238 accipit,
590 2194 703 2227 miscet
723 2202 841 2235 aquam
863 2190 942 2223 vino
968 2212 980 2228 ‚
1007 2187 1051 2228 jn
1065 2186 1122 2222 bo·

238 2255 280 2277 ve
299 2245 333 2278 &
354 2245 442 2278 afino
465 2254 551 2284 arat,
579 2243 775 2277 vestimento
796 2239 896 2274 veteri
919 2238 1014 2271 affuit
1046 2248 1121 2280 pan-

238 2303 321 2326 num
340 2304 463 2327 novum
488 2318 499 2334 ,
524 2293 604 2337 quid
626 2293 695 2334 ejus
715 2291 848 2325 dextera
872 2288 969 2322 faciat
996 2286 1119 2321 finistra

236 2343 348 2376 novit.
375 2342 532 2377 Attamen
542 2343 621 2376 dum
633 2343 725 2375 Deus
738 2342 783 2375 est
807 2336 997 2384 principalis
1021 2336 1097 2371 finis
1109 2361 1119 2377 ‚

236 2392 370 2436 eiusque
381 2393 526 2427 amoruti
539 2393 661 2435 primus
676 2401 783 2425 motor
801 2399 883 2433 opus
906 2386 1053 2422 nostrum
1073 2386 1120 2421 di-

235 2442 334 2487 rigit,
361 2443 405 2477 est
419 2442 546 2477 macula
555 2441 727 2476 dumtaxat
739 2439 874 2474 venialis
886 2463 895 2472 .

287 2491 415 2527 Eadem
423 2491 468 2525 est
480 2492 563 2525 ratio
576 2491 730 2535 ingressus
742 2488 922 2525 Monastici
945 2487 979 2522 &1
1003 2487 1120 2531 profes-

234 2542 333 2576 fionis
342 2566 350 2574 .
380 2542 520 2586 Egregie
531 2541 564 2575 id
576 2541 610 2575 in
623 2542 731 2584 primo
744 2540 827 2574 libro
839 2539 880 2573 de
892 2536 1011 2572 Cordis
1033 2548 1122 2572 com·

72 2583 151 2622 Cap„
166 2587 196 2612 ⁶·
236 2592 413 2634 punitione
424 2592 521 2626 tradit
532 2593 665 2626 Sanctus
678 2591 819 2635 Ioannes
840 2587 1094 2631 Chrysostomus
1109 2602 1119 2622 .-

242 2643 331 2683 .Quod
350 2641 481 2675 homines
497 2640 601 2686 saecult
619 2645 703 2674 viam
723 2637 891 2684 spatiosam
910 2639 1096 2682 gradiamur
1109 2663 1119 2678 ,

244 2699 302 2719 mm
309 2693 398 2726 valde
406 2698 514 2726 mirum
520 2692 558 2732 est
569 2716 580 2732 ‚
605 2703 653 2725 eos
670 2700 772 2724 autem
786 2695 839 2732 qut
849 2689 993 2723 videntur
1005 2699 1115 2721 crucem

241 2734 466 2785 suamsussuliffe
484 2744 519 2776 (θ’
537 2740 624 2786 sequi
640 2740 790 2781 Christum
803 2764 813 2780 ,
836 2748 893 2782 per
913 2737 990 2771 hanc
1007 2736 1119 2780 spatio-

240 2784 311 2829 sam
330 2789 404 2820 velle
423 2793 573 2832 incedere,
597 2803 654 2824 non
675 2792 730 2825 ttbt
748 2787 946 2833 prodigiosum
972 2789 1117 2822 videtur?

243 2839 383 2878 Denique
391 2840 521 2873 meht
537 2865 550 2881 ,
566 2853 630 2876 cum
638 2843 675 2875 de
692 2840 874 2882 Menasterns
901 2840 935 2873 (5
959 2837 1117 2871 habitatio-

244 2896 317 2917 num
347 2887 415 2918 loci:
444 2891 690 2931 percutiantur,
716 2899 788 2925 ante
814 2894 915 2923 omnia
937 2894 1117 2931 requirunt,

239 2934 270 2976 fi
276 2942 390 2977 requies
401 2934 440 2976 sit
461 2941 494 2968 in
513 2937 588 2978 loco,
607 2939 634 2980 fi
649 2941 801 2975 abundent
821 2945 920 2974 omnia
943 2963 954 2979 ,
978 2936 1004 2982 [ἶ
1025 2950 1115 2980 aqua-

244 2996 310 3017 rum
319 2991 408 3027 coplae
422 2985 515 3023 fluant
526 3011 533 3018 .
561 2989 618 3020 Sed
624 2988 713 3029 erfide
723 3002 817 3025 eremo
824 2994 980 3031 requirant
993 3012 1003 3027 ,
1024 2994 1116 3021 etiam

247 3034 288 3066 ibi
299 3044 368 3068 ante
377 3041 476 3067 omnia
484 3037 520 3069 de
526 3041 625 3078 requie
634 3040 762 3073 trac‘lant
773 3064 785 3080 ‚
810 3042 847 3074 <5
855 3040 893 3072 de
902 3044 1117 3081 opportunitate

249 3083 397 3125 ministerii
407 3087 562 3127 corporalis
572 3111 579 3118 .
606 3088 638 3118 51·
648 3098 718 3119 ven
726 3090 769 3120 ad
775 3092 907 3131 aliquam
919 3086 1113 3131 dispensatio-

249 3144 314 3166 nem
323 3142 476 3169 vocaveris
487 3159 498 3175 ‚
524 3146 577 3169 aut
590 3137 707 3178 aliquid
714 3137 864 3176 Ministerti
875 3140 975 3172 divini
984 3141 1118 3182 injunge·

246 3195 279 3217 re
299 3184 424 3217 volueris
444 3209 453 3226 ‚
475 3191 576 3227 prima
589 3184 693 3225 statim
715 3183 874 3228 sollicitudo
898 3187 935 3226 est
960 3190 1024 3227 ejus
1048 3212 1059 3228 ,
1085 3191 1119 3222 (vr

243 3240 347 3275 prima
357 3233 435 3267 illius
445 3235 536 3268 verba
543 3233 615 3278 sunt
627 3246 634 3266 :
661 3237 692 3267 Sl
704 3234 741 3274 efl
754 3234 794 3267 ibi
804 3239 916 3276 requies
925 3235 974 3268 ubi
988 3237 1117 3270 eundum

247 3283 286 3323 est
298 3309 308 3325 ‚
329 3283 360 3326 fi
364 3289 557 3319 inveniantur
566 3296 635 3327 quae
644 3283 796 3327 necessaria
814 3282 887 3327 sunt
910 3284 1096 3320 abundanter
1108 3311 1118 3328 ,

241 3333 272 3376 fi
280 3333 358 3367 m'bll
365 3333 435 3376 defit
445 3345 542 3367 eorum
553 3345 618 3375 quae
629 3336 691 3368 lata
701 3336 734 3367 (τ
739 3333 856 3377 spartos
850 3346 869 3367 a
890 3339 946 3367 vta
970 3334 1097 3378 deposcit
1108 3362 1115 3369 .

248 3385 320 3418 Cur
332 3384 416 3419 inter
437 3382 565 3419 Fideles
585 3384 648 3419 {int
668 3385 764 3419 multi
778 3395 845 3418 non
857 3394 986 3418 tantum
997 3383 1118 3428 tepidi,

246 3434 302 3469 sed
321 3435 355 3470 ἀ
385 3434 473 3478 pravi
486 3460 498 3478 ,
524 3435 635 3479 quaerit
645 3435 680 3471 in
698 3436 829 3472 astuum
855 3432 1121 3479 Apostolicorum

1933 177 2048 222 93‹

1195 291 1249 325 det
1262 307 1272 327 .·
1300 294 1508 336 alitquontam
1527 304 1590 328 cum
1608 295 1737 335 parvult
1756 295 1862 338 essent,
1889 293 2067 338 baptismum

1189 340 1382 384 susceperunt
1395 366 1405 382 ‚
1430 345 1486 377 alii
1498 355 1567 379 vero
1578 355 1643 378 cum
1655 342 1766 385 infirmi
1776 368 1787 383 ‚
1816 354 1918 379 carent
1924 347 2069 379 alacrita-

1193 399 1223 424 te
1236 394 1366 425 vivendi
1368 395 1463 432 juxta
1485 396 1580 427 Deum
1593 418 1600 425 .
1627 393 1772 428 Infantes
1791 393 1916 435 aliena,
1943 395 2067 430 infirmi

1192 451 1247 474 aut
1262 452 1331 490 non
1344 444 1423 476 resta
1436 466 1446 482 ,
1457 453 1513 479 aut
1527 455 1595 478 non
1615 443 1709 488 plena
1721 443 1894 477 voluntate
1914 444 2068 480 Christia-

1193 501 1269 525 nam
1287 491 1396 536 legem
1423 493 1619 536 suscipiunt',
1646 493 1788 535 ideoque
1808 493 1953 536 ipsorum
1971 495 2069 530 multi

1193 542 1225 574 in
1251 553 1348 575 arena
1367 542 1550 582 aedificant,
1577 553 1672 586 atque
1692 544 1737 578 ita
1749 539 1880 578 facilem
1899 543 2069 587 patiuntur

1190 590 1315 624 aedificii
1342 591 1470 627 ruinam
1491 615 1499 623 .
1527 592 1696 639 Qaerenti
1722 605 1779 629 cur
1802 593 1901 629 etiam
1928 593 2070 629 Clerico-

1190 652 1262 675 rum
1288 642 1323 675 &
1344 639 1592 677 Monachorum
1616 642 1712 676 multi
1737 653 1884 686 teporem
1902 645 2069 688 patiantur

1189 691 1223 725 in
1237 693 1382 737 suscepto
1395 691 1496 736 gradu
1509 715 1519 730 ,
1544 690 1614 726 imo
1634 692 1669 725 δε
1690 692 1821 732 quidam
1839 695 1880 728 ab
1907 694 1967 728 illo
1985 695 2070 731 exci-

1187 741 1267 775 dant
1289 767 1300 783 ‚
1327 739 1528 786 respondebo
1548 741 1637 783 quod
1663 741 1759 775 illum
1783 753 1853 776 non
1879 744 1965 779 casta
1982 767 1994 785 ‚
2012 753 2070 779 aut

1189 803 1257 825 non
1286 791 1382 835 plena
1408 800 1518 825 mente
1545 792 1740 836 susceperint
1763 817 1774 833 ‚
1799 802 1897 835 atque
1918 794 1962 828 ita
1985 794 2070 828 adeo

1188 841 1401 885 ponderosam
1415 842 1448 876 ὃ(
1460 840 1632 878 sublimem
1645 842 1817 876 sanffitatis
1830 843 1952 877 molem
1970 843 2005 877 in
2016 844 2070 878 de-

1187 890 1244 925 b11i
1259 891 1475 927 fundamento
1496 891 1698 930 fabricarint.
1731 891 1788 926 Est
1805 892 1925 927 vitium
1948 892 1984 927 in
2007 894 2068 927 Ec·

1187 942 1277 976 clefia
1293 943 1466 986 antiquum
1475 942 1602 977 adeo&
1613 944 1760 986 frequens
1772 966 1784 983 ,
1809 951 1847 976 ut
1857 941 1898 976 de
1921 941 1992 985 ipso
2003 941 2070 976 lau-

1186 992 1281 1027 datus
1293 993 1435 1036 Joannes
1448 993 1482 1026 in
1496 991 1635 1028 addusto
1647 993 1732 1027 libro
1741 994 1869 1027 accuset
1891 992 1979 1036 quasi
2001 1003 2069 1026 om-

1188 1054 1244 1077 nes
1271 1067 1283 1083 ,
1309 1044 1410 1078 etiam
1432 1044 1640 1088 semetipsum
1663 1067 1670 1075 .
1699 1043 1796 1077 Casta
1817 1042 1907 1077 enim
1924 1041 2069 1077 intentio

1189 1104 1256 1128 non
1268 1093 1350 1129 solet
1359 1094 1515 1131 omnibus
1529 1095 1564 1138 in
1581 1096 1687 1138 primo
1697 1093 1918 1128 conversionis
1930 1102 1987 1127 aut
1998 1103 2070 1139 pro-

1188 1144 1347 1180 motionis
1357 1144 1495 1181 exordio
1507 1144 1641 1182 donari.

1237 1194 1346 1232 Etiam
1359 1205 1415 1239 pro
1426 1194 1618 1236 exorcismis
1629 1193 1760 1239 exigere
1771 1193 1816 1228 est
1839 1193 1988 1228 Simonia
2000 1217 2012 1234 ,
2027 1192 2070 1227 de

1189 1255 1250 1290 qua
1276 1246 1311 1280 in
1338 1245 1608 1288 Apostolicorum
1642 1244 1786 1279 Annum
1814 1243 2071 1281 Commentariis

1187 1294 1273 1329 idem
1288 1293 1543 1340 Chrysostomus
1555 1320 1566 1336 ,
1594 1306 1694 1339 agens
1704 1294 1745 1329 de
1756 1293 1832 1328 filiis
1844 1295 1951 1329 Scevae
1960 1293 2069 1329 adhuc

1188 1344 1220 1377 in
1244 1344 1413 1388 Judaismo
1439 1343 1649 1386 infidelibus,
1674 1345 1709 1379 &
1730 1354 1841 1381 tamen
1865 1356 1921 1388 per
1938 1346 2070 1378 invoca-

1186 1404 1257 1428 tum
1279 1394 1423 1429 Domini
1444 1406 1567 1429 nomen
1590 1394 1764 1429 Daemonia
1786 1394 2067 1428 exorcizantibus:
2090 1389 2175 1419 ΗΘΜ·
2196 1398 2245 1423 4¹·

1186 1446 1260 1478 Vide
1282 1451 1467 1486 impietatem
1482 1445 1722 1486 potentiffimam.
1743 1444 1858 1488 Judaet
1883 1455 1949 1477 cum
1967 1442 2069 1479 adhue

1184 1502 1338 1527 manerent
1345 1499 1378 1526 in
1387 1498 1540 1535 impietate
1548 1516 1559 1533 ,
1563 1499 1620 1534 per
1631 1491 1726 1535 ipsum
1737 1497 1881 1539 negotiari
1892 1492 2050 1526 voluerunt
2057 1517 2069 1534 ‚

1183 1553 1274 1586 atque
1283 1542 1319 1584 fic
1330 1547 1428 1576 omnia
1447 1542 1611 1585 faciebant
1631 1543 1677 1575 ad
1697 1554 1814 1575 vanam
1828 1543 1955 1586 gloriam
1975 1545 2010 1578 (9
2028 1544 2075 1576 Iu-

1182 1605 1263 1630 crum
1273 1619 1280 1626 .
1309 1593 1408 1628 Lucri
1422 1593 1514 1627 causa
1527 1591 1741 1627 obambulare
1754 1592 1817 1626 effe
1831 1588 1913 1627 dicit
1924 1593 2074 1636 Iudaico·

1183 1655 1254 1682 rum
1281 1642 1527 1679 Exorcistarum
1555 1653 1683 1678 morem
1716 1641 1891 1686 peffimum
1929 1643 1965 1677 &
1990 1644 2072 1678 anti-

1182 1705 1284 1738 quum
1294 1717 1302 1728 .
1331 1694 1376 1727 Et
1387 1692 1464 1727 hinc
1478 1694 1612 1729 Oriono
1620 1713 1639 1736 ,ι
1649 1692 1793 1728 Ailenfis
1804 1693 1845 1728 ad
1857 1693 1993 1728 rubrum
2008 1703 2074 1727 ma-

1183 1757 1216 1778 re
1228 1744 1373 1778 civitatis
1383 1742 1547 1777 Primario
1562 1767 1574 1784 ,
1598 1743 1618 1776 a
1643 1743 1848 1778 Daemonurn
1872 1743 1999 1778 laelione
2018 1754 2075 1786 pet

1182 1794 1290 1829 Sancti
1311 1793 1498 1828 Hilarionis
1520 1792 1719 1828 exorcismos
1746 1792 1907 1835 liberato,
1933 1793 2076 1837 ideoque

1181 1855 1299 1889 magna
1315 1843 1404 1878 dona
1416 1843 1567 1878 offerenti
1589 1866 1600 1882 ‚
1637 1843 1806 1887 respondit
1819 1842 1907 1886 apud
1919 1837 2076 1880 Sanctum

1182 1896 1429 1938 Hieronymum
1442 1893 1592 1928 laudatus
1603 1893 1759 1927 Hilarion
1770 1904 1779 1926 ι
1795 1897 1867 1926 Non
1875 1891 1967 1937 legisti
1977 1917 1989 1933 ,
1999 1893 2077 1935 quid

1181 1949 1288 1984 Giezi,
1313 1945 1389 1986 quid
1399 1946 1498 1976 simon
1519 1943 1592 1986 paffi
1606 1941 1666 1983 fint
1679 1967 1691 1984 ,
1717 1954 1840 1986 quorum
1865 1943 1942 1977 alter·
1962 1947 2075 1985 accepit

1178 1999 1310 2038 pretium
1322 2017 1333 2033 ‚
1358 1994 1434 2026 alter
1443 1993 1547 2026 obtulit
1558 2018 1569 2035 ‚
1595 2002 1629 2026 ut
1640 1993 1688 2030 ille
1704 1994 1852 2029 venderet
1860 1998 1996 2038 gratiam
2008 1994 2077 2035 spi-

1181 2050 1256 2079 ritus
1267 2042 1370 2076 saneti
1381 2068 1391 2083 ,
1403 2043 1448 2076 hic
1456 2052 1634 2078 mercaretur
1645 2045 1663 2077 ἒ
1691 2044 1766 2079 Nec
1778 2046 1814 2078 in
1834 2055 1989 2088 pauperes
2000 2055 2072 2079 ero·
2094 2039 2186 2071 Hom?
2203 2044 2252 2077 1²3

1181 2093 1289 2140 ganda
1300 2092 1407 2127 voluit
1419 2093 1481 2128 ista.
1499 2104 1635 2129 munera
1661 2094 1850 2129 admittere.
1879 2093 1991 2127 Etiam
2012 2105 2072 2138 pro

1181 2145 1253 2179 aliis
1264 2142 1471 2177 miraculis&
1491 2143 1638 2187 precibus
1661 2143 1750 2187 poss'e
1778 2141 1911 2187 quidem
1934 2144 2072 2178 necessa-

1182 2196 1267 2228 rium
1280 2193 1422 2233 vidium,
1449 2204 1652 2235 nequaquam
1674 2202 1784 2227 tamen
1807 2203 1943 2228 munera
1963 2194 2071 2238 accipi

1180 2245 1278 2278 docet
1312 2241 1465 2276 laudatus
1489 2241 1746 2284 Chrysostomus
1767 2243 1804 2277 in
1825 2242 1941 2277 iisdem
1966 2243 2071 2278 Com-

1184 2291 1351 2328 mentariis
1363 2317 1370 2323 .
1399 2291 1441 2326 Et
1455 2290 1535 2325 hinc
1549 2290 1772 2327 Christianam
1796 2292 1949 2327 ancillam
1961 2318 1972 2334 ‚
1998 2305 2070 2337 quae

1181 2340 1463 2379 miraculisIberos
1475 2341 1516 2375 ad
1528 2339 1650 2375 Christi
1674 2342 1816 2377 Domini
1838 2343 1935 2377 fidem
1958 2343 2071 2387 perdu-

1184 2394 1234 2429 xit
1247 2418 1258 2434 ,
1283 2393 1318 2427 &
1329 2390 1370 2427 ab
1386 2391 1526 2435 ipsorum
1539 2391 1633 2436 Rege
1644 2403 1779 2427 munera
1793 2393 1937 2437 accipere
1950 2405 2070 2438 pauper

1142 2440 1143 2445 ¹
1187 2443 1295 2478 noluit
1317 2466 1329 2482 ,
1354 2441 1473 2476 merito
1499 2441 1634 2476 laudant
1662 2442 1818 2477 Ruffinus
1839 2467 1851 2483 ,
1887 2444 2036 2479 Socrates
2057 2470 2068 2486 ,

1185 2492 1439 2533 Theodoretus,
1460 2503 1496 2526 ac
1507 2492 1660 2527 HermIas
1668 2492 1881 2528 Zozomenus
1898 2518 1906 2526 .

1334 2729 1680 2780 CAPUT
1749 2734 1915 2798 xjv.

1183 2877 1400 2944 Exponitur
1435 2874 1552 2919 varia
1600 2868 1748 2918 exaHio
1795 2868 2067 2917 Ministrorum

1479 2939 1764 3011 Epistopalium
1775 2975 1789 2987 .
1839 3004 1843 3007 ,

1275 3084 1363 3120 Uod
1374 3080 1565 3118 Parriarchae
1578 3078 1959 3123 Constantinopolitani‚
1988 3078 2066 3114 Car-

1299 3132 1485 3176 thophylax
1504 3155 1515 3170 ,
1551 3131 1584 3164 &
1606 3130 1662 3164 alii
1681 3129 1825 3164 Minissri
1844 3127 1886 3163 ab
1906 3127 2064 3163 ordinatis

1333 3182 1469 3217 Clericis
1478 3179 1601 3223 aliquid
1615 3180 1750 3226 exigant
1759 3204 1769 3219 ,
1786 3179 1831 3212 est
1843 3178 1976 3223 antiqua
1988 3191 2067 3213 con·

1182 3232 1320 3269 suetudo
1332 3258 1339 3265 .
1353 3233 1396 3266 Et
1404 3230 1480 3274 quia
1490 3228 1674 3264 Patriarcha
1687 3229 1742 3264 ille
1754 3240 1824 3264 non
1836 3229 1921 3264 solos
1931 3230 1993 3263 suae
2005 3230 2066 3263 Pa-

1183 3283 1301 3319 rochiae
1314 3307 1324 3323 ,
1349 3281 1402 3316 sed
1413 3280 1544 3326 quosvis
1554 3279 1734 3314 Orientalis
1747 3279 1897 3314 Ecclefiae
1918 3278 2066 3314 Clericus

1182 3346 1223 3369 ex
1233 3334 1332 3377 longa
1342 3331 1510 3366 invasione
1521 3330 1555 3364 δε
1565 3330 1622 3364 usu
1634 3328 1825 3371 ordinabat,
1851 3337 1918 3365 erat
1940 3331 2064 3373 pingue

1182 3384 1324 3417 lucrum.
1347 3382 1440 3430 Qin
1455 3381 1489 3415 δε
1500 3379 1730 3424 posterioribus
1744 3380 1862 3415 saeculis
1872 3390 1950 3414 cum
1970 3375 2065 3411 schis-

1183 3445 1271 3471 mate
1291 3434 1394 3469 crevit
1417 3431 1552 3468 avaritia
1573 3431 1608 3467 &
1630 3431 1756 3467 exastio
1769 3455 1781 3474 ‚
1807 3429 1945 3475 ideoque
1962 3425 2062 3460 multi

1955 3486 2014 3510 no·
