2352 3736
429 201 455 228 ο

365 195 1108 315 3<53ALUMN1AL

426 396 566 443 Latini
567 389 804 461 fhffbcatum
820 390 1010 436 comedunt
1022 425 1035 437 .

366 514 501 551 Andem
515 512 728 549 Calumniam
741 510 857 555 repetit
870 509 1019 545 Michael
1032 511 1066 544 in
1088 509 1177 544 litte-

391 569 434 601 ris
460 563 502 600 ad
523 566 683 608 Ioannem
710 561 917 595 Tranensem
957 561 1175 604 Episcopum.

283 617 330 651 Et
343 616 448 651 Graeci
460 614 669 650 schismatici
682 623 822 656 repertus
835 613 870 645 in
891 611 1176 654 Constantinopo-

283 668 388 702 litano
407 667 543 701 Parrum
566 665 818 699 Praedicatorurn
841 662 1018 696 Conventu
1046 661 1175 694 Tracta·

284 728 356 751 tus:
384 720 493 751 Latini
524 717 678 750 comedunt
706 709 855 756 suffocata
869 738 878 752 ,
905 720 997 754 capta
1020 714 1040 744 ἃ
1062 711 1174 751 bestiis,

283 774 440 802 morticina
463 791 476 809 ,
523 766 697 811 sanguinem
718 789 724 796 .
774 764 927 797 Affirmat
957 763 1020 796 esse
1059 772 1174 795 contra

281 817 461 853 Canonem
474 817 508 851 δι’.
522 816 690 860 Synodale
711 813 890 847 Decretum
912 813 1106 847 Sandiorum
1130 812 1175 845 A-

280 864 511 913 postolorum,
552 866 610 911 qui
630 864 743 898 fideles
761 864 863 897 etiam
885 873 999 906 gentes
1016 862 1173 905 jusserunt

277 918 441 955 abstinere
451 918 493 953 ab
505 915 685 952 immolatis
698 913 939 947 simulacrorum
954 936 965 951 ‚
990 911 1010 946 a
1033 913 1174 946 fornica-

278 970 396 1009 tione,
422 962 900 1013 acasanguine&suffocato.
929 962 973 996 Et
996 961 1173 997 hincinter

280 1021 428 1066 vulgares
445 1017 655 1062 Apostolicos
677 1014 891 1058 sexagesimus
914 1013 1026 1046 tertius
1052 1012 1179 1047 Canon-

278 1081 393 1105 carnes
407 1072 440 1104 in
452 1068 611 1113 sanguine
622 1066 917 1108 animaeipsorum‚
942 1062 1033 1106 quod
1055 1062 1075 1095 ὲ
1098 1062 1172 1096 feris

278 1133 431 1166 captum,
462 1117 737 1153 velmorticinum
761 1125 850 1149 vetat
871 1113 1023 1148 comedi:
1051 1112 1171 1146 Come-

278 1172 415 1206 dentem
440 1170 584 1205 Lai'cum
612 1166 773 1212 segregari
784 1164 942 1205 mandat,
971 1162 1172 1206 Episcopum

278 1233 336 1256 aut
362 1222 532 1257 Clericum
558 1217 744 1263 degradari.
771 1214 973 1249 Theodorus
996 1213 1170 1247 Balsamon

277 1274 314 1306 in
328 1274 388 1307 suo
400 1271 642 1306 commentario
653 1268 765 1303 laudat
785 1275 949 1299 canonem
962 1289 972 1304 ,
999 1264 1034 1299 ὅ(
1054 1264 1172 1306 adjun-

276 1324 346 1367 git:
378 1325 460 1366 ‚Quae
475 1324 670 1355 avenatoriis
683 1317 794 1351 avibus
806 1318 858 1350 vel
867 1314 988 1348 canibus
1012 1321 1170 1356 capiuntur

276 1376 312 1406 &
331 1372 513 1415 suffocantur
546 1395 556 1412 ,
604 1370 746 1412 quomedo
771 1368 791 1399 ἃ
817 1364 995 1409 quibusdam
1018 1365 1168 1399 comedan-

275 1434 350 1466 tur,
385 1421 477 1467 nescio
500 1447 508 1454 .
552 1426 637 1455 Nota
671 1429 813 1452 canonem
845 1425 968 1459 propter
1009 1419 1135 1449 Latinos
1158 1440 1167 1456 ,

275 1482 327 1517 qui
343 1473 488 1518 safficata
512 1469 779 1514 indiscriminatim
801 1467 953 1501 comedunt
975 1490 982 1497 .
1021 1466 1075 1500 Ex
1100 1466 1167 1519 ejus

275 1524 540 1569 praevaricatione
551 1521 621 1556 vul:
635 1529 751 1553 omnes
762 1517 900 1551 Latinos
913 1516 975 1550 effe
984 1516 1168 1571 segregatos

274 1585 332 1610 aut
355 1571 663 1610 excommunicatos
685 1593 696 1609 ,
733 1569 766 1601 δε
790 1578 904 1599 mutua
927 1576 1167 1598 communione

274 1626 444 1670 pollutos.
471 1621 672 1666 Apostolicae
698 1617 825 1661 Synodi
854 1617 1031 1649 Decretum
1057 1614 1167 1649 laudat

273 1677 374 1711 etiam
397 1674 615 1717 sexagesimus
635 1669 791 1710 septimus
812 1664 994 1697 Trullanus
1018 1664 1138 1696 Canon
1157 1685 1167 1700 ‚

272 1728 308 1761 &
322 1726 415 1761 addit
428 1737 439 1757 .·
466 1725 530 1755 Eos
551 1725 601 1762 qu}
608 1725 729 1759 propter
739 1713 899 1748 lautum&
920 1713 1076 1745 delicatum
1093 1723 1167 1744 ven-

271 1788 352 1813 trem
373 1771 575 1816 cujuscumque
592 1767 740 1801 animalis
761 1763 938 1807 sanguinem
969 1770 1035 1796 arte
1065 1763 1167 1803 aliqua

273 1826 453 1871 esculentum
462 1821 605 1856 condiunt
616 1829 652 1851 ac
678 1816 848 1856 instruunt,
873 1811 1039 1854 incusamus
1061 1823 1096 1845 ac
1113 1821 1168 1854 pu-

274 1884 377 1912 nimus
388 1899 395 1906 .
426 1871 595 1908 Clericurn
608 1866 730 1910 deponi
745 1864 844 1899 etiam
855 1863 990 1906 mandat
1003 1888 1013 1904 ,
1028 1862 1166 1896 Laicum
1188 1882 1192 1887 =

273 1924 455 1972 segregari.
483 1923 527 1955 Et
542 1917 746 1952 Theodorus
759 1915 876 1949 iterum
901 1914 1060 1956 exponit:
1089 1915 1168 1956 ,Qua-

273 1984 358 2012 niam
369 1974 509 2009 nonnulli
512 1969 688 2014 sanguinem
709 1974 767 1999 non
776 1964 966 1997 comedebant
982 1987 993 2004 ‚
1027 1963 1168 1997 nonnulla

275 2035 375 2063 autem
397 2023 546 2069 esculenta
566 2031 604 2053 ex
626 2020 696 2052 aliis
719 2017 752 2049 &
774 2027 812 2050 ex
830 2013 976 2058 sanguine
990 2012 1146 2056 faciebant
1160 2037 1171 2053 ,

275 2081 311 2114 (5
328 2077 362 2122 se
377 2074 502 2120 sacram
529 2073 714 2112 scripturam
726 2064 882 2110 observare
901 2064 1042 2098 dicebant
1054 2089 1066 2105 ‚
1091 2065 1173 2106 quad

275 2141 334 2163 non
342 2126 520 2172 sanguinem
531 2121 614 2155 nulla
625 2131 656 2153 re
669 2117 865 2157 intercedente
888 2115 1066 2148 comederent
1080 2138 1091 2154 ,
1117 2113 1172 2157 (ia-⁴

274 2186 397 2214 suerunt
409 2174 515 2210 SanHi
526 2177 633 2207 Patres
657 2167 798 2211 ejusmodi
819 2164 915 2208 sacrae
940 2168 1030 2209 Legis
1053 2170 1172 2199 circum7

273 2229 463 2275 scriptionem
475 2224 577 2267 ceffare
589 2229 719 2264 oportere
731 2244 742 2260 ,
771 2228 892 2259 eumque
902 2222 953 2258 qui
982 2221 1093 2258 quavis
1108 2224 1172 2248 arte

887 176 1526 224 DISSERTATIO

1238 262 1435 297 munditiam
1448 287 1459 303 ,
1485 262 1626 307 ideoque
1646 265 1893 302 sacerdotaliter
1912 272 2114 316 purgandos.

1240 314 1282 347 Et
1296 314 1371 356 quia
1388 324 1448 346 nos
1461 313 1572 347 Latini
1584 326 1653 348 non
1665 314 1794 350 tantum
1807 328 1847 350 ex
1857 319 2038 356 neceffitate
2055 331 2114 356 aut

1235 362 1429 406 deceptione
1442 387 1452 403 ‚
1479 364 1532 397 sed
1543 365 1638 398 omni
1650 377 1727 399 cum
1740 365 1888 402 libertate
1907 368 2034 403 edimus
2054 372 2116 407 suf-

1235 413 1340 447 focata
1361 413 1395 446 &
1416 424 1563 456 apertum
1574 415 1675 449 etiam
1700 416 1914 461 sanguinem,
1942 416 2114 456 Michaelis

1237 462 1398 497 Gerularii
1421 463 1521 498 fastio
1541 466 1652 500 censet
1675 477 1737 499 nos
1758 467 1821 500 effe
1840 467 2115 512 inexpurgabiles.

1235 514 1401 548 Suffocata
1414 515 1506 548 enim
1517 525 1587 548 non
1599 516 1656 549 nisi
1670 515 1716 550 ob
1737 516 1900 553 inclusum
1920 518 2117 563 sanguinem

1231 565 1368 599 fuerunt
1379 563 1475 598 nobis
1486 565 1656 600 interdicta
1667 591 1674 598 .

1284 613 1485 658 Apostolicae
1506 614 1603 659 hujus
1621 617 1871 652 constitutionis
1902 616 1985 653 adeo
2011 618 2118 653 obser-

1236 675 1314 699 vans
1333 665 1416 698 olim
1438 664 1501 698 fuit
1533 666 1634 700 etiam
1656 667 1775 702 Latina
1797 668 1940 703 Ecclefia
1963 692 1976 709 ‚
2014 678 2051 703 ut
2072 668 2115 704 de

1235 714 1426 749 Gentilibus
1456 715 1641 750 nostrorum
1661 716 1837 753 Parentum
1857 717 2114 762 persecutoribus

1234 775 1272 798 ac
1284 765 1462 799 tortoribus
1475 765 1592 800 scribat
1603 767 1636 799 in
1651 766 1735 801 libro
1746 768 1777 801 A
1782 769 1971 812 pologetico
1981 769 2116 803 Tertul-

1235 814 1359 848 lianus:
1388 819 1471 849 Inter
1484 826 1671 851 tentamenta
1684 817 1920 858 christianorum
1941 819 2052 852 botulos
2071 828 2114 853 et·
2125 819 2200 858 Cap·
2217 829 2246 856 9-

1233 870 1294 897 iam
1304 876 1404 899 cruore
1414 865 1733 906 distentos-admovetis
1743 869 1899 909 ‚certiffimi
1905 868 2015 913 scilicet
2031 869 2114 903 illici-

1232 923 1296 947 tum
1306 916 1357 958 effe
1364 923 1456 957 penes
1468 918 1554 956 illos,
1577 926 1635 960 per
1644 919 1726 960 quod
1742 919 1909 955 exorbitare
1929 925 1975 952 eas
1997 921 2114 953 vultis.

1234 964 1438 1007 Huiusmodi
1451 964 1583 1000 botulos
1605 966 1778 1002 edentibus
1802 967 1962 1003 Tortores
1979 970 2114 1013 promit-

1233 1013 1344 1049 tebant
1356 1015 1608 1058 impunitatem.
1636 1017 1690 1050 Ex
1712 1029 1779 1061 quo
1802 1019 1924 1063 liquet,
1950 1019 2040 1063 quod
2053 1031 2115 1054 nec

1233 1063 1273 1098 ad
1283 1064 1487 1100 evadendam
1498 1075 1639 1099 mortem
1660 1066 1734 1100 talis
1754 1078 1834 1102 tunc
1855 1069 1947 1103 cibus
1965 1069 2113 1104 licuerit.

1227 1115 1305 1162 Qi
1329 1115 1420 1159 rigor
1430 1126 1487 1148 cur
1499 1115 1710 1150 etiamhodie
1719 1117 1851 1159 quosvis
1869 1129 1947 1152 curn
1969 1118 2115 1153 Calvini-

1231 1165 1290 1199 stis
1301 1176 1357 1200 aut
1369 1165 1568 1199 Luth‘eranis
1581 1165 1736 1211 degentes
1756 1167 1867 1200 fideles
1879 1178 1947 1202 non
1967 1167 2047 1212 liget
2070 1169 2115 1204 ad

1231 1216 1305 1250 fixis
1321 1216 1363 1250 ab
1375 1215 1517 1250 Ecclefia
1529 1215 1646 1250 diebus
1658 1216 1888 1252 abstinendum
1910 1216 1951 1252 ab
1969 1219 2024 1253 esu
2045 1228 2117 1254 om·

1232 1267 1281 1300 nis
1294 1266 1398 1300 carnis
1411 1265 1428 1296 .2
1455 1266 1634 1311 Singularis
1646 1277 1755 1301 tamen
1764 1268 1848 1303 ratio
1857 1267 2046 1311 parentibus
2054 1278 2117 1303 no-

1232 1317 1303 1350 stris
1326 1316 1474 1359 persuasit
1495 1327 1625 1352 tantum
1647 1318 1808 1361 rigorem.
1846 1313 1903 1353 Ut
1924 1317 2040 1361 nempe
2061 1317 2115 1353 dc·

1231 1366 1447 1401 monstrarent
1461 1366 1523 1400 sese
1542 1366 1772 1402 remotissimos
1791 1367 1809 1401 ὲ
1836 1368 1962 1408 tribus,
1985 1368 2027 1403 de
2045 1369 2116 1410 qui·

1232 1418 1290 1450 bus
1304 1416 1513 1460 patiebantur
1521 1416 1722 1452 calumniam
1733 1441 1746 1459 ,
1770 1418 1900 1453 famosis
1909 1417 2117 1459 criminibus,

1230 1479 1370 1510 quorum
1383 1479 1485 1501 unum
1500 1468 1905 1503 eratinfantistrucidatio
1928 1468 1965 1503 in
1987 1468 2122 1511 noctus·-¹

1234 1520 1285 1551 nis
1296 1517 1480 1552 Sacrificiis.
1511 1518 1593 1564 Qo
1614 1529 1810 1563 argumento
1831 1517 1967 1554 eandem
1988 1518 2116 1562 Apolo-

1227 1568 1316 1612 giam
1366 1568 1496 1600 firmant
1515 1567 1684 1601 Minutius
1702 1569 1795 1602 Felix
1816 1593 1828 1609 ,
1863 1567 2115 1613 Athenagoras,

1227 1617 1347 1661 aliique
1381 1614 1573 1650 Christianae
1611 1617 1802 1661 Religionis
1837 1619 1966 1662 antiqui
1990 1617 2116 1654 Defen-

1229 1668 1332 1700 sores.
1370 1692 1375 1694 .
1408 1676 1413 1680 ·
1510 1693 1512 1695 ,
1539 1685 1542 1694 =
1618 1693 1621 1698 ,
1665 1687 1671 1698 ,
1720 1694 1725 1698 .
1991 1696 1993 1700 ,

1263 1715 1375 1749 Etiam
1385 1714 1512 1749 dudum
1518 1715 1596 1759 ¹post
1607 1716 1767 1751 extinuas
1775 1717 1962 1752 Gentilium
1970 1719 2114 1761 persecu-

1229 1764 1338 1800 tiones
1350 1776 1409 1799 nos
1430 1764 1540 1799 Latini
1554 1766 1751 1800 servavimus
1772 1766 1866 1800 istam
1884 1766 2112 1810 Disciplinam.

1230 1815 1366 1849 Etenim
1379 1814 1599 1850 exTheodori
1611 1814 1740 1850 Cantua
1745 1815 1853 1851 riensis'
1860 1815 2117 1861 Archiepiscopi

1229 1865 1331 1900 Libro
1349 1864 1574 1909 poenitentiali
1592 1867 1726 1900 Sanetus
1743 1867 1804 1902 Ivo
1816 1866 2024 1902 Carnutenfis
2037 1865 2114 1911 Epi-

1230 1917 1343 1959 scopus
1373 1917 1432 1949 suo
1467 1915 1613 1950 Decreto
1643 1917 1783 1950 inseruit
1813 1916 1904 1950 hunc
1928 1927 2108 1952 canonem:

1231 1970 1333 2005 Aves,
1359 1966 1545 1999 &animalia
1553 1975 1685 2007 caetera,
1705 1965 1733 2007 fi
1746 1972 1778 1999 in
1786 1966 1898 2009 retibus
1920 1966 2113 2012 strangulan-

1231 2026 1280 2049 tur
1293 2041 1304 2057 ‚
1331 2028 1389 2049 non
1398 2014 1470 2058 sunt
1481 2017 1676 2049 comedenda.
1705 2016 1805 2058 Necfi
1819 2017 1985 2060 uppreffsrit
2007 2021 2114 2057 accipi—

1232 2075 1277 2101 ter
1288 2091 1298 2107 ,
1327 2065 1437 2107 &sisic
1455 2065 1578 2099 ‘mortua
1600 2071 1798 2100 inveniuntur
1810 2091 1818 2099 .
1845 2068 1930 2110 ,Quia
1942 2070 1980 2099 111
1998 2065 2117 2105 exilibus

2131 1997 2190 2031 L·9·
2200 2003 2226 2023 c,
2238 2002 2286 2029 97.

1234 2116 1427 2159 Apostolorum
1432 2122 1612 2158 praecipitur
1623 2115 1764 2156 abstinere
1774 2118 1794 2149 ἂ
1801 2115 2005 2160 formam·
2012 2136 2031 2156 ,ν
2038 2113 2123 2158 stuf

1227 2173 1336 2211 gulae,
1370 2164 1533 2209 suffocata.
1571 2167 1615 2200 Et
1637 2167 1776 2200 Alvredi
1799 2166 1990 2210 Anglorum
2013 2165 2115 2209 Regis

1233 2217 1372 2261 antiquat
1383 2217 1467 2262 leges
1479 2215 1623 2251 habenti:
1646 2220 1782 2250 Carnem
1801 2215 1927 2256 &bestiis
1953 2217 2114 2250 laceratam

277 2283 331 2315 vel
341 2284 455 2313 rarione
466 2275 607 2309 animalis
616 2271 792 2315 sanguinem
810 2267 988 2307 comederet,
1011 2263 1088 2308 fisis
1112 2271 1172 2307 qui·
1192 2286 1193 2289 =
1233 2280 1268 2301 ne
1278 2267 1439 2312 gustante,
1461 2265 1518 2310 sed
1538 2268 1584 2300 ad
1600 2270 1691 2302 'canes
1707 2268 1861 2309 projicite.
1900 2266 2053 2301 Eandem
2075 2267 2118 2300 le·
2133 2261 2192 2294 Lib·
2208 2273 2233 2292 ²·
2254 2259 2286 2293 d-

279 2333 349 2366 dem
362 2330 515 2368 Clericus,
546 2323 772 2366 deponendum3
795 2316 825 2358 fi
832 2319 902 2352 vera
919 2320 1029 2350 Laicus
1043 2340 1054 2357 ,
1076 2314 1174 2359 segre-

1233 2330 1306 2363 gem
1320 2315 1494 2351 suo-adhuc
1503 2328 1652 2361 ternpore
1665 2316 1848 2363 viguissejn
1870 2316 2048 2351 Germania
2069 2317 2122 2350 af«

274 2382 415 2426 gandam
428 2403 434 2411 .
463 2380 508 2410 Et
517 2375 580 2409 haec
591 2374 711 2417 quidem
722 2374 828 2402 Canon
840 2393 847 2400 -
875 2371 981 2401 Latini
1008 2369 1079 2400 veri,
1098 2367 1175 2399 indi·
1232 2369 1340 2402 firmat
1351 2368 1385 2401 &
1401 2366 1512 2412 probat
1526 2369 1698 2401 Ditmarus
1707 2365 1969 2411 Meseburgenfis
1981 2366 2124 2421 EpiscQ

276 2432 479 2476 firiminatim
487 2425 632 2471 suffocata
641 2422 813 2457 comedunt.
839 2419 897 2451 Sed
916 2423 1008 2451 etiam
1033 2418 1175 2477 Adriane
1217 2433 1220 2475 ἱ
1234 2430 1292 2463 pus
1306 2430 1314 2450 ε
1342 2418 1465 2464 Arguit
1475 2418 1508 2452 &
1518 2418 1627 2461 culpat
1638 2429 1791 2475 pauperes
1803 2442 1813 2458 ,
1839 2418 1898 2461 qui
1919 2417 2121 2462 sanguinent:

276 2483 426 2526 politam,
453 2487 487 2512 ut
511 2477 601 2509 audio
613 2500 624 2516 ,
663 2471 839 2506 animalium
859 2466 1005 2513 sanguine
1026 2478 1092 2500 cum
1113 2478 1178 2509 qut-
1218 2468 1407 2505 icensebant
1423 2470 1441 2503 a
1451 2469 1482 2502 se
1495 2470 1582 2512 porse
1594 2467 1647 2504 edi
1659 2469 1722 2502 sme
1735 2476 1866 2511 peccato
1880 2492 1889 2501 ,
1914 2467 1958 2501 Et
1969 2467 2010 2501 ad
2022 2476 2119 2510 quan

281 2530 412 2574 busdam
424 2527 577 2570 esculentis
603 2532 746 2557 utuntur.
786 2521 900 2562 ,Quaere
923 2521 958 2552 (θ’
986 2522 1177 2560 Imperatoris
1216 2540 1220 2574 Ι

282 2587 393 2616 Leonis
404 2576 551 2621 sapientis
564 2580 597 2607 N
600 2574 726 2606 avellam
734 2567 999 2611 quinquagesimam
1011 2568 1150 2599 ot‘Javam
1162 2592 1173 2607 ‚

282 2643 349 2676 qffle
366 2629 471 2672 statuit
491 2637 537 2660 eos
552 2649 563 2666 ‚
598 2629 649 2668 qui
675 2629 888 2670 quamcumque
915 2617 1172 2661 sanguinolentam

278 2670 406 2727 speciem
416 2680 570 2714 comedunt
583 2699 593 2714 ‚
616 2671 812 2715 publicandas
826 2669 860 2703 (δ’
871 2677 985 2710 corpore
992 2666 1173 2709 puniendos,

284 2735 319 2767 (⁴5
335 2730 468 2774 impreffa
478 2723 663 2767 cutitonsura
678 2722 841 2760 notandos,
869 2721 903 2752 Θ
922 2726 1064 2760 perpetuo
1085 2719 1174 2751 exilio

284 2779 523 2816 condemnandos
539 2801 547 2809 .
575 2774 671 2811 Diua
683 2773 753 2806 Lex
780 2768 879 2804 habet
895 2769 940 2810 ,ὃς
961 2768 1028 2803 haec
1054 2768 1147 2802 verba
1162 2782 1173 2802 .·

286 2834 445 2866 Perlatum
457 2830 501 2862 ad
508 2837 592 2860 aures
604 2820 762 2863 nolirasest
776 2845 786 2862 ,
812 2821 892 2863 quod
910 2817 1057 2860 intestinis
1075 2841 1085 2857 ,
1104 2826 1175 2851 tan-

287 2895 377 2925 quam
387 2885 493 2914 tunicis
505 2903 517 2919 ‚
531 2875 709 2921 sanguinem
720 2871 867 2913 infartam
877 2895 887 2910 ,
916 2870 999 2902 velut
1010 2866 1173 2925 cqnsuetum

288 2933 415 2976 aliquem
425 2931 530 2969 cibum,
556 2922 842 2965 ventripraebeant.
880 2920 963 2953 Item
983 2917 1170 2974 hujusmodi

288 2983 419 3018 botulos
440 2988 530 3015 vetat
554 2987 622 3011 non
644 2982 773 3010 tantum
794 2969 867 3011 edi,
894 2969 948 3003 sed
969 2970 1066 3003 etiam
1103 2969 1170 3002 fier,

290 3043 346 3066 aut
367 3032 485 3066 vendi:
521 3027 739 3072 Negligentes
763 3023 841 3056 item
861 3018 1073 3064 Magistratus
1094 3017 1172 3052 dure

292 3082 453 3125 castigari.
472 3079 577 3122 Cujus
587 3075 765 3119 disciplina:
777 3071 880 3105 Graeci
897 3072 1017 3112 semper
1028 3068 1171 3121 fuerunt,

293 3140 332 3163 ac
342 3131 603 3164 etiamnumsunt
616 3125 699 3161 adeo
725 3132 877 3162 tenaces,
914 3131 951 3154 ut
974 3117 1086 3154 itssuo
1108 3113 1192 3162 Bw}

964 3174 1067 3204 oratio
1084 3166 1170 3212 super
1190 3177 1192 3185 ²

294 3177 453 3222 c‘hologio
474 3179 615 3213 habeant
638 3178 671 3210 ὅ(
692 3174 753 3209 hos
777 3172 891 3209 titulos
915 3184 925 3203 .·

296 3229 472 3263 execrandos
488 3231 520 3261 Θ
533 3234 640 3261 vetitos
665 3225 740 3259 cibos
762 3224 958 3256 comedentes.
998 3224 1102 3254 Oratio
1116 3227 1171 3262 pro

296 3280 360 3313 illis
381 3283 433 3322 qui
453 3282 485 3308 in
508 3277 578 3308 cibis
599 3275 776 3318 scandalum
793 3273 864 3315 paffi
882 3270 975 3315 sunt,
1002 3272 1036 3304 (5
1050 3270 1173 3311 effende-

297 3337 392 3364 runt.
431 3325 465 3360 A
485 3324 601 3358 vicinis
623 3324 763 3357 barbaris
794 3323 882 3366 capti
906 3322 940 3354 in
962 3320 1048 3354 bello
1069 3320 1171 3354 Graeci

297 3376 500 3423 quandoque
526 3383 580 3417 per
601 3371 720 3404 famem
733 3373 833 3405 adacti
846 3396 857 3411 ‚
883 3371 1081 3415 quandoque
1093 3370 1172 3405 dolo

297 3425 510 3464 circumventi
525 3419 665 3457 edebant
677 3430 752 3452 cum
765 3420 912 3453 Barbaris
921 3419 1110 3454 immundos
1132 3421 1175 3455 ci-

297 3479 380 3516 bosz
408 3473 573 3514 Etambos
583 3469 726 3506 Ecclesia
747 3466 911 3512 judicabat
930 3469 1036 3513 lapsos
1060 3470 1094 3505 in
1119 3472 1171 3507 im·

1217 2507 1305 2554 'tum
1320 2519 1487 2553 decimum
1498 2518 1688 2553 duodecimi
1700 2518 1804 2552 saeculi
1815 2528 1938 2551 annum
1958 2515 2052 2550 habet
2077 2514 2111 2547 in

1238 2568 1409 2604 Chronico
1427 2568 1594 2604 Gilbertus
1614 2567 1858 2610 Genebrardus3
1895 2565 2023 2605 Baliarici
2041 2562 2113 2607 scri·

1238 2621 1313 2653 bunt
1334 2628 1463 2662 tempore
1489 2622 1608 2653 calixti
1615 2617 1738 2662 secundi
1757 2615 1909 2657 Pontificis
1937 2617 2114 2657 Pomerqnis

1236 2680 1305 2704 tunc
1315 2672 1359 2703 ad
1363 2671 1457 2714 fidem
1467 2668 1609 2711 conver-fir
1619 2667 1803 2709 injrmc‘lum,
1829 2676 1867 2699 ne
1887 2665 1963 2706 quid
1991 2665 2117 2713 inaniun-

1243 2723 1315 2753 dum
1326 2723 1527 2757 comederent,
1552 2729 1602 2751 nec
1621 2720 1822 2753 morticinum,
1845 2725 1897 2748 nec
1919 2712 2121 2757 suffocatumfl

1217 2776 1219 2791 ¹
1236 2782 1284 2803 nec
1292 2768 1664 2814 sanguinem.=animalium;
1678 2766 1810 2808 Utique
1817 2775 1859 2798 ex
1870 2764 2008 2808 antiquo
2022 2765 2116 2797 Wor-

1215 2833 1218 2848 τ
1234 2819 1398 2854 matienfls
1407 2817 1538 2861 Synodi
1547 2828 1695 2850 canone:
1726 2816 1925 2849 Avesoalia
1945 2817 2115 2854 animalia,
2133 2841 2194 2872 Can
2219 2842 2238 2871 6
2258 2847 2272 2876 ς

1230 2867 1628 2911 firetibusstrangulantur,
1657 2863 1794 2909 nonsunt
1802 2865 1995 2899 comedenda.
2023 2863 2115 2910 Qa-
2196 2862 2202 2870 ’
2238 2861 2247 2870 “
2273 2861 2283 2870 ”

1233 2920 1274 2953 lia
1288 2920 1425 2953 Decreta
1447 2918 1584 2961 reperies
1609 2917 1710 2950 etiam
1730 2913 1817 2959 apud
1842 2914 2015 2950 Rabanum
2037 2912 2116 2947 Mo-

1233 2969 1409 3015 guntinum
1423 2994 1433 3009 ‚
1460 2969 1683 3002 Hincmarum
1695 2965 1911 3000 Rhemensem
1922 2990 1933 3005 ‚
1958 2963 1991 2996 δι
2003 2963 2115 2996 Halit-

1233 3019 1361 3065 garium
1372 3019 1573 3062 Episcopum
1597 3016 1882 3052 Cameracensem.
1912 3014 1956 3048 Et
1979 3013 2020 3046 ad
2040 3024 2117 3056 prae-

1235 3072 1355 3104 sentem
1369 3067 1546 3102 Michaelis
1557 3067 1721 3103 Cerularii
1733 3065 1932 3103 calumniam
1947 3063 2116 3106 respondit

1234 3119 1418 3154 Cardinalis
1430 3118 1654 3153 Humbertus:
1691 3116 1865 3157 Suffocatum
1886 3115 1920 3147 ό·
1937 3111 2115 3156 sanguinem

1234 3171 1316 3204 nobis
1342 3178 1445 3203 contra
1472 3181 1527 3202 vos
1554 3180 1612 3202 non
1649 3166 1856 3209 defendimus.
1898 3167 2063 3205 Antiquam
2087 3174 2118 3198 σε

1234 3228 1295 3254 nim
1320 3220 1552 3264 consuetudinem
1575 3217 1628 3262 seu
1652 3217 1841 3251 traditionem
1879 3215 2030 3254 Majorum
2062 3223 2117 3246 nae

1230 3271 1356 3312 strorum
1391 3271 1545 3314 diligenter
1580 3273 1741 3302 retinentes
1762 3289 1783 3317 ,ἱ
1821 3275 1873 3297 nos
1910 3274 2019 3306 quoque
2052 3259 2115 3294 baec

1237 3322 1461 3355 abominamur.
1505 3321 1582 3353 Adeo
1607 3327 1641 3351 ut
1661 3315 1829 3359 sanguine,
1857 3314 1909 3348 vel
1941 3320 2115 3355 quocumque

1237 3377 1407 3411 morticino,
1433 3377 1487 3403 aut
1520 3374 1609 3412 aquis
1638 3366 1694 3410 seu
1719 3375 1901 3408 quacumque
1930 3362 2118 3403 negligentia

1239 3421 1368 3455 humana
1383 3419 1571 3463 'praefocato‚
1597 3418 1680 3460 apud
1705 3427 1758 3448 nos
1784 3412 1944 3455 aliqnando
1971 3407 2114 3451 vescenti-

1241 3471 1294 3506 bus
1332 3469 1441 3513 absque
1476 3479 1604 3506 extremo
1635 3466 1764 3511 periculo
1788 3467 1863 3497 vitae
1887 3458 1999 3541 hujust,
2020 3464 2115 3540 :amni-

1984 3520 2018 3542 επ
2033 3521 2064 3542 ia
