2352 3736
67 543 150 584 Epist.
160 555 203 576 ιο.

67 853 122 882 An.
137 862 202 889 779.

66 1688 121 1718 An·
134 1689 199 1728 δᾳ.

64 2101 123 2134 1²01.
136 2110 180 2138 55.

557 166 625 195 ne
660 151 849 195 REGIA
884 154 1268 197 ANrIsirri-uin
1305 152 1757 194 NOM'INArmNE.

1910 163 2002 208 127

238 246 320 280 quos
340 233 487 268 Ecclefiae
514 233 668 267 Canones
691 259 702 275 ,
735 233 825 275 quod
846 233 891 267 est
919 242 1115 277 germanum
1161 233 1228 265 'ad
1238 238 1353 271 tempus
1368 231 1461 271 illud,
1487 230 1601 274 utique
1612 229 1725 264 Caroli
1737 230 1880 276 Magni,
1899 230 2057 276 semper-in

237 285 339 328 Regis
349 284 519 330 officium,
543 282 715 318 dumtaxat
726 292 930 326 exequuntur
942 304 953 319 ,
977 282 1012 314 ὅσ
1026 291 1115 314 man-

236 335 317 369 dant
330 334 490 368 observari
503 360 511 366 .
539 334 664 368 Carolo
675 332 804 381 Magno
814 332 981 370 Adrianus
993 329 1119 372 primus⁴

236 383 477 428 Episcoporum
489 384 752 422 nominationem
770 380 852 419 adeo
863 391 931 414 non
940 379 1113 421 conceffit,

239 444 278 469 ut
287 434 328 468 ab
347 434 406 468 illo
418 435 554 469 vetuerit
573 435 673 472 etiam
693 431 838 476 eligendi
864 429 1035 463 licentiam
1060 441 1116 474 po-

238 484 348 519 stulari
361 509 371 525 ,
399 485 528 528 ejusque
546 485 686 528 Legatos
707 482 811 516 adesse
832 490 889 514 aut
911 480 1038 520 misceri
1054 481 1117 514 ele-

238 535 341 568 &ioni
354 534 506 578 Episcopi
521 532 718 569 Ravennatis
730 555 739 562 .
767 530 813 565 Et
821 530 907 564 certe
918 528 1113 564 nominandi

238 585 446 629 privilegium
458 584 580 620 habens
589 580 725 615 Carolus
738 603 749 620 ‚
775 581 832 627 qui
844 580 935 614 distae
959 580 1112 621 elediioni

239 634 366 670 misceri
387 629 607 670 instanriffime
630 629 796 673 praejtendit
809 654 821 671 ,
846 631 971 664 cunctis
993 629 1113 673 ubique

240 685 305 719 suis
315 682 461 722 Ecclefiis
470 681 606 720 liberam
618 680 810 714 elestionem
827 691 1034 724 nequaquam
1046 691 1111 723 per÷

239 735 383 771 mififfet.
411 731 515 778 Qiod
536 731 637 765 etiam
659 730 827 769 Abbatum
846 729 1061 764 elestionibus
1082 730 1116 770 se

238 784 422 829 paffimnon
435 781 625 822 miscuerit,
651 781 739 815 lucet
749 793 792 815 ex
802 779 973 822 Chronico
994 780 1112 813 Mona·

238 830 611 871 fieriiLaurishamenfis
624 845 636 865 .-
663 831 862 871 Gundelamlo
884 829 994 863 Abbati
1010 828 1113 872 substi-

235 887 333 918 tuitur
343 881 527 918 Helmericus
534 879 669 921 fratrum
678 881 811 915 elefflane
819 906 831 922 ,
858 878 1013 924 &gloriofi
1018 883 1110 924 Regis

236 931 544 971 Caroliinflitutione.
572 931 651 965 Hoc
662 931 707 965 est
721 955 733 971 ,
759 931 839 966 dato
861 930 895 964 in
918 930 1112 969 elestionem

234 980 348 1025 Regio
359 981 514 1022 consensu
528 1006 536 1013 .
563 980 608 1014 Et
619 981 771 1025 proximo
782 991 859 1022 ante
869 980 1008 1015 Adriani
1027 980 1116 1015 Pon·

234 1030 334 1065 tificis
345 1039 483 1071 mortem
504 1043 593 1064 anno
605 1031 764 1066 celebrata
779 1057 789 1072 ‚
816 1031 948 1074 cuiipse
974 1030 1114 1065 Carolus

234 1080 348 1115 affedit
368 1105 380 1122 ,
406 1081 698 1121 francofordiensis
721 1081 873 1123 synodus
906 1080 1018 1114 statuit
1038 1093 1046 1113 :
1074 1084 1114 1113 Ut

235 1130 337 1164 Abbas
349 1137 609 1176 incongregatione
626 1142 681 1164 non
694 1132 839 1174 eligatur,
865 1129 999 1171 ubijuffio
1018 1133 1108 1174 Regis

230 1180 349 1223 fuerit,
375 1180 432 1223 nlfi
445 1190 501 1223 per
510 1180 675 1224 consensum
686 1179 824 1224 Episcopi
838 1181 891 1218 ,loci
910 1182 992 1214 illius
1007 1205 1014 1214 .
1041 1180 1111 1213 An-

236 1230 327 1273 tiqua
339 1231 542 1273 quorundam
552 1232 683 1275 Regum
704 1229 909 1270 consuetudo
922 1254 933 1271 ‚
960 1230 1038 1263 &in
1053 1230 1114 1264 Ec-

235 1280 344 1315 clefias
363 1282 476 1320 mitior
496 1281 655 1315 violentia
678 1281 886 1316 canonicam
918 1279 1112 1314 elestionem

234 1329 378 1374 permisit
389 1331 523 1374 quidem
535 1356 545 1371 ,
572 1342 686 1366 verum
699 1331 741 1368 de
755 1332 869 1374 praevia
891 1331 946 1364 sua
960 1329 1092 1364 licentia
1103 1355 1110 1362 .

235 1381 336 1414 Hanc
345 1381 618 1420 consuetudinem
632 1381 761 1422 laudata
773 1380 928 1425 Synodus
950 1379 1109 1423 implicite

235 1441 371 1464 evacuat
382 1454 393 1475 2
405 1431 565 1470 mandans
577 1443 645 1467 non
659 1432 800 1467 sufficere
812 1430 981 1464 licentiam
995 1429 1088 1464 istam
1098 1454 1110 1471 ‚

235 1479 291 1514 sed
316 1480 468 1520 accedere
494 1480 612 1519 dehere
645 1480 679 1520 δε
705 1480 899 1520 consensum
937 1479 1109 1523 Episcopi..

236 1528 336 1564 Adeo
348 1539 490 1567 remotus
501 1531 563 1563 fuit
576 1529 714 1564 Carolus
726 1529 743 1564 a
755 1530 823 1573 jure
834 1530 1031 1564 nominandi
1044 1529 1111 1563 Ab·

237 1578 326 1614 bates
339 1604 347 1611 .
375 1580 566 1614 Sanctorum
577 1576 853 1615 Canonum'adeo
862 1580 1035 1614 observans
1046 1580 1110 1623 pas-

232 1630 292 1663 fim
302 1630 367 1663 fuit
381 1629 588 1671 Ludovicus,
616 1638 652 1664 ut
664 1631 764 1665 etiam
776 1630 907 1665 fratrem
920 1630 1013 1664 suurn
1027 1629 1113 1664 Dro-

232 1689 358 1728 gonern
378 1704 390 1721 ‚
415 1679 722 1724 Trudonopolitani
743 1680 900 1715 Coenobii
924 1680 1108 1721 Abbatem‚

235 1740 307 1764 non
329 1731 389 1764 nisi
417 1741 472 1774 pet
494 1731 700 1765 Canonicam
726 1731 920 1766 eiectionem
943 1730 1115 1765 ascendere

236 1780 380 1814 voluerit
390 1779 431 1813 ad
453 1781 685 1824 Episcopatum,
695 1781 882 1821 Metensem
894 1805 901 1818 .,
927 1780 978 1815 Ita
1003 1779 1114 1822 scribit

238 1829 304 1873 ejus
318 1829 514 1875 Astrologus
526 1832 561 1865 in
571 1832 634 1870 suis
648 1831 835 1869 Annalibus
845 1855 854 1866 .

287 1879 378 1915 Dico
397 1905 409 1922 ‚
435 1881 539 1922 Paffim
557 1906 564 1917 ,
595 1881 727 1917 Etenim
745 1882 781 1916 in
806 1881 972 1919 Besuenfis
993 1881 1114 1917 Mona-

234 1925 326 1964 ‘flerii
338 1928 510 1968 Chronico
532 1931 641 1966 scribit
662 1931 704 1965 de
716 1930 888 1966 Ludovico
900 1932 963 1966 Pio
974 1930 1112 1974 Impera-

235 1988 309 2013 tore
322 1979 462 2022 Joannes
472 1979 678 2018 Monachus:
699 1981 846 2015 Betthone
857 1980 999 2025 Episcopo
1011 1980 1114 2022 defun-

235 2028 282 2064 ἆυ
306 2029 470 2063 albericum
490 2037 592 2064 virum
614 2032 737 2075 dignum
747 2030 931 2074 Episcopatu
943 2055 954 2071 ,
980 2030 1114 2072 Ecclefiae

236 2078 415 2123 Lingonenfi
425 2080 567 2121 constituit
579 2104 587 2113 .
614 2081 658 2117 Et
679 2092 837 2126 magnum
848 2081 958 2125 Belgii
970 2079 1114 2115 Chroni-

235 2139 323 2166 τους
348 2130 474 2164 sanctus
496 2132 672 2165 Frederi‘cus
693 2132 768 2167 adeo
789 2131 983 2167 laudabiliter
1005 2135 1088 2164 vixit
1101 2154 1113 2175 ‚

236 2186 272 2211 ut
294 2179 419 2214 abeunte
438 2179 582 2222 Rixfrido
605 2182 773 2216 Ludovicus
792 2185 957 2224 Imperator
975 2178 1111 2220 Eccleffae

236 2229 418 2271 Trajecrenfi
434 2232 613 2270 mandaret,
638 2243 693 2275 quo
715 2232 838 2266 dilectus
853 2230 909 2274 fibi
931 2230 1110 2264 Fredericus

236 2279 389 2321 eligeretur
399 2285 431 2314 in
448 2279 636 2324 Episcopum.
670 2282 774 2328 Qod
785 2281 943 2327 eligenda:
964 2280 1108 2323 personae

236 2327 416 2372 designatio
429 2330 467 2364 fit
484 2340 558 2365 vera
573 2330 686 2374 Regiae
698 2331 938 2367 nominationis
958 2329 992 2363 δε
1005 2329 1112 2365 Laicae

236 2376 427 2412 intrusionis
437 2380 576 2422 species,
602 2380 766 2424 eleganter
778 2381 922 2418 ostendit
949 2380 1111 2415 inlitteris

231 2426 275 2463 ad
285 2427 494 2465 Ludovicum
503 2429 636 2466 tertium
646 2431 847 2467 Francorum
861 2431 988 2475 Regem
1000 2430 1108 2464 Hinc-

67 2480 218 2519 Eun-eq.
230 2487 341 2511 marus
352 2478 570 2522 Metropolita
588 2480 758 2516 Remenfis
770 2495 781 2514 .·
806 2482 837 2514 51
847 2482 963 2525 quando
981 2485 1110 2523 petitam

74 3267 133 3298 Lib.
147 3281 169 3300 ι.
177 3278 206 3301 c.

76 3318 119 3343 ις·
136 3314 180 3340 1⁶.

231 2528 319 2569 -apud
328 2540 383 2561 vos
392 2528 556 2563 elec‘lionem
564 2530 719 2564 conceditis
732 2556 742 2571 ‚
769 2532 858 2566 illum
874 2531 983 2565 debent
992 2530 1113 2574 Episco-

233 2583 267 2618 pi
289 2578 322 2611 ό·
337 2579 438 2611 clerus
459 2581 494 2614 (5
509 2579 595 2620 plebs
615 2581 720 2624 eligere
733 2604 744 2620 ,
770 2592 858 2624 quem
879 2592 934 2615 vos
958 2582 1053 2614 vultis
1075 2583 1110 2615 (θ’

238 2636 322 2666 quem
325 2627 441 2669 jubetis
458 2653 468 2668 ‚
493 2640 562 2671 quae
572 2641 629 2663 non
641 2629 679 2672 est
689 2632 806 2666 divinae
829 2632 901 2675 legis
913 2631 1012 2664 eleHio
1022 2654 1033 2670 ,
1053 2630 1113 2674 sed

240 2673 379 2713 humana
386 2678 536 2721 potestatis
547 2679 667 2724 extorfio
679 2706 686 2712 .
713 2683 745 2714 St
763 2687 809 2714 ita
819 2681 858 2725 est
869 2706 880 2721 ‚
907 2682 953 2714 ille
966 2683 1112 2725 malignus

236 2721 385 2765 spiritus,
409 2733 458 2771 qui
465 2737 518 2769 per
530 2728 696 2773 serpentem
712 2736 829 2772 primos
849 2731 955 2772 nostros
969 2739 1110 2773 parentes

241 2778 275 2804 in
290 2774 435 2819 Paradifh
456 2779 565 2820 decepit
578 2803 590 2820 ‚
615 2782 807 2816 &inutillus
828 2783 934 2823 ejecit,
955 2789 1013 2823 per
1035 2783 1110 2816 tales

241 2822 415 2877 sidulatores
436 2829 467 2857 in
479 2838 561 2861 aures
572 2830 685 2870 vestras
705 2830 769 2866 baec
781 2830 882 2874 fibilat
895 2857 902 2864 .
930 2829 1027 2865 Nihil
1048 2832 1112 2866 tale

241 2882 277 2904 in
289 2870 588 2929 divinis-Scripturis
599 2902 609 2918 ,
636 2881 730 2917 sacris
741 2882 891 2918 Ecclefiae
907 2881 1114 2924 Canonibus,

241 2931 299 2955 aut
326 2921 484 2967 legitimis
505 2924 692 2970 Principum
714 2930 1006 2968 constitutionibus
1031 2932 1114 2966 affir-

242 2981 311 3006 mat
320 2973 471 3015 reperiri,
498 2974 531 3007 &
544 2974 713 3021 adjungit:
739 2982 799 3015 sed
821 2982 897 3017 talia
918 2980 1001 3017 didla
1020 2981 1113 3023 infer,

240 3031 300 3055 nus
319 3028 448 3058 evomuit
467 3047 476 3056 .
502 3023 610 3059 Prima
636 3027 725 3060 enim
747 3030 925 3067 Canonicae
942 3031 1112 3068 electionis

241 3070 381 3114 qualitas
398 3073 445 3108 est
467 3073 608 3111 libertas.
634 3076 738 3123 Qiod
759 3078 895 3116 Carolus
913 3082 1061 3127 Magnus
1077 3083 1112 3116 &

240 3120 432 3158 Ludovicus
453 3122 532 3158 Pius
556 3125 656 3159 etiam
679 3127 760 3161 citra
790 3139 922 3166 omnem
942 3131 1112 3167 electionis

239 3171 354 3205 sucum
364 3172 560 3218 quandoque
567 3172 716 3210 dederint
727 3177 940 3220 Episcopatus
960 3183 995 3215 ἀ
1005 3181 1111 3215 Abba-

241 3220 323 3261 tias,
351 3221 487 3259 lucetex
501 3224 606 3258 Sancti
618 3224 709 3260 Galli
719 3226 912 3267 Momeho,
940 3229 1112 3268 Chronico

237 3269 435 3306 Monasterii
470 3272 726 3311 fontanellensis
762 3300 773 3316 ,
809 3276 944 3320 aliisque
979 3279 1113 3317 vetustis

238 3320 442 3356 Francorum
463 3320 647 3359 Annalibus
666 3348 678 3358 .
713 3326 757 3362 Et
777 3326 910 3372 quidem
929 3327 971 3362 de
992 3327 1113 3367 Virdu·

242 3372 330 3408 nenfi
340 3371 483 3407 Ecclesia
493 3372 602 3411 scribit
617 3374 653 3410 in
664 3374 732 3417 ejus
741 3374 914 3412 Chronico
926 3378 1032 3423 Hugo
1043 3378 1112 3414 Ab·

242 3418 299 3456 bas
314 3421 588 3459 Flaviniacenfis:
613 3424 817 3473 Abipfisfidei
828 3429 1003 3464 rudimentis
1024 3427 1113 3474 usque

1181 285 1238 315 De}
1262 286 1376 313 nomine
1387 278 1537 321 Pontificis
1558 279 1659 314 valuit
1682 280 1778 314 electio
1797 283 1877 316 Cleri
1899 283 1934 317 ό·
1939 284 2063 325 populi.

1178 334 1224 363 Et
1235 329 1267 370 fi
1287 334 1319 362 in'
1340 328 1514 372 quibusdam
1536 333 1688 372 Principes
1707 332 1843 375 leguntur
1861 331 2003 374 favorem
2026 334 2063 367 Θ

1176 378 1343 422 consensum
1358 379 1524 423 praestitiffe
1539 403 1550 419 ,
1575 379 1722 424 nusquam
1745 389 1846 415 tamen
1870 386 2060 417 inveniuntur

1176 430 1341 463 cicaronem
1352 429 1472 472 vetuiffi’
1485 431 1637 472 Pontificis
1659 432 1841 471 ordinandi,
1867 441 1920 464 aut
1937 433 2060 473 fac‘lam

1176 480 1349 523 immutasse.
1380 479 1530 515 Primum
1554 481 1624 513 istic
1635 480 1743 526 Regia
1765 481 1998 516 nominatione
2011 484 2062 517 in·

1176 531 1299 565 trusum
1316 529 1455 564 affirmat
1467 529 1560 562 fuiffe
1580 531 1690 565 nescio
1701 542 1799 575 quem
1812 531 1946 566 Petrum
1957 541 2059 576 gente

1176 579 1317 619 Italum,
1344 579 1402 622 qui
1422 577 1545 612 Carolo
1558 578 1690 622 Magno
1700 581 1918 621 Trevisanam
1944 582 2060 620 civita.

1175 640 1243 664 tem
1252 628 1421 665 tradiderit
1435 653 1442 660 .
1470 628 1514 661 Et
1527 627 1613 662 hanc
1623 630 1847 672 Simoniacam
1859 631 2054 667 violentiam

1175 679 1266 720 addit
1288 679 1382 713 fuisse
1407 687 1592 712 extremam
1627 677 1880 718 Virdunenfium
1906 682 2055 718 ruinam.

1177 730 1306 772 Nempe
1327 727 1461 772 pinguia
1487 728 1548 762 ista
1569 728 1757 763 sacerdotia
1777 731 1899 774 semper
1926 734 2058 767 fuerunt

1177 778 1325 824 Regibus
1337 778 1425 821 quasi
1447 789 1585 821 pomum
1596 778 1740 813 scientiar
1761 778 1842 812 boni
1867 781 1992 815 &mali
2004 807 2016 823 ,
2040 784 2061 817 a

1174 829 1264 872 cujus
1283 825 1436 862 contastu
1460 829 1546 862 varia
1567 828 1752 872 cupiditas,
1778 829 1950 872 praesertim
1975 833 2062 866 sacra.

1174 881 1243 918 auri
1255 880 1378 918 fames,
1409 888 1577 921 nunquam
1590 878 1682 921 plene
1697 879 1805 923 potuit
1830 890 1948 914 manus
1968 880 2060 914 cohi-

1175 929 1251 964 bere
1267 954 1274 961 .
1299 929 1344 962 Et
1364 926 1531 963 adversum
1552 929 1632 963 tales
1646 929 1810 969 Ludovici
1829 930 1974 964 excessus
1986 942 2057 965 om-

1176 978 1257 1014 nino
1268 987 1373 1024 agunt
1396 979 1485 1013 sexta
1496 978 1678 1014 Parifienfis
1689 979 1845 1023 Synodus
1859 1005 1870 1021 ‚
1896 980 1931 1019 ὅ(
1951 981 2065 1015 secun-

1175 1030 1216 1065 da
1224 1028 1493 1074 Aquisgranenfis
1505 1053 1517 1070 ‚
1542 1029 1600 1064 sub
1614 1029 1678 1064 hoc
1689 1030 1809 1071 titulo:
1836 1028 1988 1074 Haecsunt
2003 1034 2067 1063 Ca·

1172 1082 1270 1123 pirula
1281 1104 1292 1120 ,
1318 1091 1386 1123 quae
1396 1081 1416 1112 ἃ
1429 1078 1526 1119 vestra
1549 1083 1668 1120 Pietate
1684 1081 1843 1123 adimpleri
1860 1079 2063 1127 pistulamus;

1177 1140 1334 1174 ponentes
1353 1130 1452 1164 etiam
1466 1130 1650 1175 legitimam
1668 1125 1913 1174 promotionem
1925 1131 2064 1175 Episco-

1176 1191 1293 1224 porum
1307 1204 1318 1221 ‚
1343 1179 1525 1222 Abbatum,
1537 1190 1634 1225 atque
1646 1181 1890 1215 Abbatiffarum
1907 1205 1914 1212 .

1180 1228 1184 1232 ’
1227 1230 1271 1265 Et
1281 1230 1418 1266 addusta
1440 1231 1476 1264 in
1490 1231 1692 1266 contrarium
1713 1241 1906 1276 argumenta
1934 1240 2064 1273 praeten-

1177 1281 1247 1313 sum
1259 1280 1465 1330 privilegium
1491 1281 1585 1315 nullo
1606 1284 1699 1325 pasto
1723 1282 1905 1316 evincunt.
1928 1280 2066 1315 Etenim

1176 1330 1311 1366 Wenilo
1332 1329 1527 1369 Senonenfis
1546 1332 1728 1375 Episcopus
1751 1331 1859 1374 palam
1886 1342 1944 1374 pro
1967 1330 2065 1364 nobis

1177 1381 1255 1414 facit
1267 1406 1277 1421 ,
1304 1381 1419 1418 diserte
1432 1381 1586 1425 professus
1612 1383 1696 1415 nulli
1712 1382 1799 1426 Regi
1813 1381 1905 1414 fuisse
1927 1380 1990 1414 tale
2002 1381 2064 1423 pri-

1178 1431 1333 1475 vilegium
1346 1455 1357 1471 ‚
1383 1431 1441 1465 nisi
1452 1432 1512 1466 soli
1533 1430 1676 1473 Pippino
1690 1455 1697 1462 .
1725 1432 1900 1473 Subjunsta
1922 1430 2066 1464 &nobis

1176 1480 1300 1523 objecta
1312 1480 1380 1522 ejus
1392 1480 1485 1514 verba
1500 1481 1575 1514 sunt
1592 1479 1700 1513 studio
1715 1479 1908 1514 subobscura
1924 1491 1961 1513 ac
1972 1482 2065 1515 invo-

1176 1531 1245 1570 luta
1258 1555 1266 1562 .
1293 1529 1502 1563 Praetcndunt
1512 1528 1646 1572 Pippini
1661 1529 1867 1575 privilegium
1888 1530 1981 1564 fuisse
1996 1542 2064 1574 per-

1179 1591 1313 1624 petuum
1327 1605 1338 1620 ,
1364 1590 1462 1623 atque
1485 1580 1530 1613 ita
1546 1579 1586 1614 ad
1609 1578 1769 1614 Carolum
1793 1581 1872 1614 item
1895 1579 2066 1625 Magnum.

1176 1630 1429 1664 &Ludovicum
1452 1629 1550 1664 Pium
1571 1653 1581 1669 ‚
1607 1628 1754 1675 adeoque
1780 1631 1813 1664 δε
1836 1631 1877 1665 ad
1900 1630 2062 1664 Carolum

1178 1681 1319 1714 Calvum
1348 1680 1490 1715 omnino
1517 1681 1678 1723 pertinere
1703 1692 1741 1715 ac
1763 1680 1946 1724 pertinuisse
1970 1704 1978 1712 .
2007 1681 2063 1715 De

1177 1731 1358 1765 Wenilone
1370 1731 1533 1774 Episcopo
1554 1732 1614 1764 suo
1637 1729 1710 1764 vere
1734 1731 1769 1764 in
1785 1731 1833 1764 sui
1856 1730 1896 1764 ad
1909 1732 2063 1765 Sanctum

1177 1781 1313 1819 Petrum
1324 1780 1451 1820 Vivum
1467 1780 1663 1814 Monafletii
1681 1779 1852 1816 Chronico
1866 1780 1975 1814 scribit
1988 1780 2066 1814 Cla-

1177 1831 1242 1870 rius
1255 1829 1445 1870 Monachus
1460 1830 1673 1869 senonensis:
1687 1831 1810 1866 Wenilo
1821 1831 2063 1872 nobilitateprae-

1175 1887 1274 1924 cipuus
1288 1906 1299 1922 ,
1326 1883 1485 1928 &ingenio
1497 1889 1604 1918 acutus
1615 1906 1623 1913 .
1650 1879 1779 1919 Verum
1789 1879 1855 1925 ejus
1869 1879 2066 1915 subtilitates

1177 1931 1260 1965 adeo
1277 1942 1346 1965 non
1365 1930 1490 1965 curavit
1508 1931 1642 1969 Sanctus
1665 1930 1828 1972 Amnius,
1860 1940 1896 1965 ut
1917 1931 2067 1966 Bernum

1178 1981 1293 2017 Caroli
1316 1981 1419 2026 Regis
1442 1983 1655 2014 nominatum
1677 1981 1944 2026 &propinquum
1967 1982 2065 2025 plene

1177 2030 1347 2065 excusserit
1359 2030 1614 2073 ‚restitueritque
1629 2031 1836 2066 Canonicam
1847 2032 2042 2066 elestionem
2054 2056 2063 2063 .

1178 2082 1216 2115 In
1229 2080 1428 2124 Episcopum
1441 2080 1776 2125 Augustodunensem
1797 2082 1917 2116 electus
1936 2082 1970 2114 δε
1986 2092 2067 2115 con-

1179 2132 1316 2165 sectatus
1328 2131 1393 2165 fuit
1404 2129 1553 2165 Althaeus
1566 2155 1577 2170 ,
1603 2140 1817 2174 prompteque
1828 2129 1977 2164 obedivit
1990 2131 2067 2169 Rex

1179 2179 1316 2219 Carolus
1328 2205 1339 2220 ,
1349 2181 1397 2214 uti
1409 2180 1495 2214 lucet
1504 2191 1546 2214 ex
1558 2180 1669 2224 Regio
1682 2180 1750 2223 ejus
1761 2179 1928 2224 Praecepto
1939 2205 1950 2222 ,
1974 2181 2067 2224 quod

1178 2232 1288 2270 fratres
1311 2228 1577 2269 sammarthani,
1605 2230 1721 2264 Galliae
1741 2229 1933 2265 Christiauae
1953 2230 2067 2266 Colle-

1179 2282 1278 2315 nores
1290 2305 1302 2323 ,
1327 2281 1384 2319 suo
1400 2279 1621 2319 AEduensium
1633 2279 1870 2324 Episcoporum
1897 2280 2066 2326 Catalogo

1178 2332 1380 2366 inseruerunt
1393 2355 1401 2368 ε
1827 2334 1829 2336 ’
2028 2330 2034 2333 ”

1226 2382 1307 2429 Qo
1328 2381 1395 2415 fine
1412 2405 1422 2421 ‚
1449 2382 1483 2417 ,δε
1495 2392 1559 2425 qua
1580 2381 1739 2425 potestate
1751 2381 1891 2417 Carolus
1910 2382 2062 2428 Magnus

1180 2428 1335 2476 Augienfi
1354 2432 1508 2468 &Sancti
1522 2432 1613 2470 Galli
1626 2433 1838 2467 Monasteriis
1861 2433 1986 2468 dederit
2000 2432 2062 2467 Ca÷

1178 2482 1305 2516 nonicae
1326 2480 1491 2519 elestionis
1512 2482 1722 2527 privilegium
1743 2507 1754 2525 ,
1780 2481 1948 2518 laudatum
1970 2481 2063 2517 Con-

1178 2531 1356 2566 stantiensis
1382 2531 1526 2569 Ecclesiae
1548 2531 1743 2567 Chronicon
1768 2533 1875 2578 palam
1901 2533 2060 2576 exponit:

1169 2583 1313 2625 Joannes
1333 2580 1498 2626 Episcopus
1519 2583 1641 2615 duorum
1653 2582 1879 2623 Coenebiorum,
1905 2583 2061 2617 videlicet

1177 2632 1350 2676 Augiensis
1370 2632 1527 2667 &Sanffl
1549 2632 1663 2673 Galli,
1687 2636 1816 2681 regImen
1832 2631 1981 2676 suſsepit,
2007 2639 2059 2674 qui

1176 2684 1210 2716 Θ
1224 2692 1287 2716 tres
1298 2687 1433 2723 Nepotes
1441 2681 1510 2725 suos
1521 2683 1662 2720 educavit
1675 2707 1687 2722 ‚
1712 2683 1820 2726 quibus
1834 2689 1867 2716 in
1877 2684 1976 2717 tribus
1996 2683 2060 2714 illis·

1176 2733 1246 2765 locis
1270 2731 1333 2773 post
1341 2729 1428 2773 suum
1451 2730 1599 2775 disi-essum
1620 2732 1757 2766 honorem
1773 2732 1943 2774 distribuere
1951 2736 2059 2775 cogita·

1174 2787 1243 2815 vit.
1270 2780 1422 2816 Primum
1435 2782 1651 2826 Episcopatus
1673 2782 1953 2822 Constantienfis‚
1979 2781 2062 2815 alte-

1173 2843 1244 2866 rum
1256 2831 1364 2866 Sancti
1380 2831 1496 2876 Galli,
1521 2832 1655 2869 tertium
1668 2832 1844 2877 Augiensis
1862 2830 2060 2866 Monasterii

1173 2882 1369 2926 disponebat
1381 2883 1485 2920 facere
1496 2881 1653 2917 haeredem
1667 2896 1674 2915 ε
1690 2885 1762 2927 ,Quo
1770 2891 1913 2925 comperto
1925 2905 1935 2921 ‚
1949 2879 2059 2923 utrius-

1173 2944 1229 2979 que
1249 2932 1380 2966 Coenobii
1403 2932 1524 2975 fratres
1546 2929 1724 2976 Episcopum
1750 2939 1868 2975 pariter
1892 2932 2031 2964 adierunt
2046 2953 2059 2972 ,

1173 2992 1308 3027 rogantes
1332 2991 1365 3016 ut
1372 2984 1535 3029 privilegia
1553 2989 1594 3016 eis
1620 2985 1707 3025 apud
1715 2985 1908 3025 Principem,
1933 2988 2057 3022 acpote-

1166 3032 1274 3072 statem
1292 3034 1418 3076 eligendi
1433 3039 1633 3076 Impetraraet,
1650 3031 1686 3075 se
1708 3034 1780 3064 vero
1803 3055 1813 3071 ‚
1833 3029 1864 3073 fi
1879 3029 1929 3064 boc
1946 3030 2057 3072 fieret,

1173 3087 1307 3123 Nepotes
1329 3081 1418 3123 ipfius
1428 3081 1485 3124 fibi
1509 3082 1641 3119 Abbates
1659 3081 1798 3118 elec¹7uros
1817 3081 1941 3123 polliciti
1960 3078 2053 3123 sunt3

1173 3133 1253 3175 quod
1261 3132 1310 3164 ille
1320 3130 1499 3173 consentiens
1513 3129 1866 3179 sefac‘lurumpromffit.
1893 3129 2056 3165 Abbatias

1176 3181 1345 3225 Episcopis
1366 3203 1378 3219 ,
1406 3180 1475 3214 imo
1506 3179 1540 3214 ,δε
1566 3179 1674 3218 Laicis
1694 3180 1730 3214 in
1760 3180 1993 3219 commendam
2020 3181 2056 3215 ὅ(

1173 3232 1259 3276 quali
1284 3232 1319 3266 in
1340 3230 1566 3274 proprietatem
1584 3229 1664 3266 dare
1684 3230 1786 3274 coepit
1807 3230 1949 3265 Carolus
1969 3230 2058 3264 Mar·

1175 3282 1285 3320 tellus:
1316 3292 1386 3323 quae
1416 3279 1603 3314 detestanda
1623 3280 1779 3322 iniquitas
1790 3292 1858 3316 non
1879 3280 1984 3315 solum
1997 3280 2054 3315 diu

1175 3330 1343 3376 permansit
1363 3331 1447 3373 apud
1475 3330 1640 3369 Francos,
1662 3330 1719 3368 sed
1740 3331 1773 3365 &
1791 3330 1826 3364 in
1846 3330 1908 3365 alia
1934 3330 2054 3374 Regna

1175 3393 1212 3416 ac
1224 3380 1413 3415 Provincias
1438 3380 1578 3425 irrepsit.
1604 3380 1679 3414 Nec
1701 3380 1761 3417 soli
1774 3381 1881 3426 Reges
1901 3390 1957 3415 aut
1980 3377 2055 3414 Lai·

1175 3433 1206 3466 ci
1222 3430 1390 3474 Principes
1412 3455 1423 3474 ,
1450 3429 1504 3465 sed
1541 3430 1575 3465 ὅ(
1596 3430 1702 3476 plures
1727 3430 1881 3476 Episcopi
1910 3427 2052 3483 eandem

1936 3487 2006 3511 vlo?

2085 311 2140 342 ¹³01.
2160 321 2221 347 1¹7·
