2352 3736
543 135 607 164 Dr
645 118 837 164 RecrA
872 119 1253 163 Aurisrirvm
1288 122 1766 164 ΝόΜΙΝΛτιοΝε.
1919 134 2011 181 149

218 209 477 249 Lmerquarto
501 203 689 243 Pontifice‚
718 203 795 237 licet
818 213 887 237 non
909 199 1110 245 impetrarit,

224 255 432 304 postulaverit
444 264 553 289 tamen
565 254 743 297 Imperator
757 251 936 288 Lotharius
945 276 952 284 .
981 251 1107 284 Datum

226 306 312 344 enim
328 307 469 350 Syagrio
480 304 569 338 istius
582 304 736 339 Ecclefiae
747 304 913 346 Episcopo
925 299 1027 334 Pallii
1041 296 1106 331 Pri-

224 356 385 401 vilegium
396 356 414 389 ὲ
426 356 544 390 Sancto
556 355 720 399 Gregorio
740 353 871 396 Magno
884 374 895 390 ‚
919 350 992 384 Leo
1015 359 1104 392 quar-

223 417 277 442 tus
287 405 456 450 respondit
467 405 560 440 fuiffe
571 403 617 438 ob
628 404 717 439 datas
729 401 777 436 illi
794 399 885 436 sedis
907 398 938 432 A
943 399 1106 443 postolicae

226 458 314 492 vices
325 456 518 500 personale.
544 453 749 488 Godelsadus
769 460 879 485 tamen
904 449 1105 484 Cabilonen·

224 510 294 543 sem
304 506 478 541 Ecclesiam
511 503 680 540 obtinuit:
706 501 810 535 forsan
825 513 865 533 ex
886 499 998 545 aliquo
1021 501 1107 534 inter
1143 539 1146 543 ⁴

225 558 386 593 Carolum
400 557 540 601 Regem,
550 555 604 587 seu
615 549 720 586 verius
733 552 818 584 inter
830 549 1024 584 Lotharium
1037 549 1105 583 Au·

221 606 561 654 gustum&Sanetum
587 600 980 636 Amulumconcordato.
1009 601 1103 634 Fasta

223 659 315 692 enim
326 656 392 691 haec
399 653 569 691 suntoeirca
580 651 663 685 noni
674 652 782 685 saeculi
824 662 949 685 annum
971 648 1105 693 quadra·

222 709 380 752 gefimum
391 703 544 743 tertium,
572 713 640 746 quo
662 700 839 737 Lotharius
853 725 864 741 ,
889 700 1104 738 Ludovicus,

220 759 258 792 ἀ
271 755 425 796 Carolus,
452 753 577 789 Fratres
588 752 725 797 Reges,
751 753 787 786 in
811 749 1004 796 Burgundia
1027 748 1100 783 hor-

221 804 318 842 rende
326 812 511 848 pugnarunt
524 826 536 842 ,
564 813 685 836 novam
711 802 906 847 Regnorum
927 800 1033 834 fecere
1054 799 1104 833 di·

222 856 400 892 vifi‘onem,
426 852 578 897 atqueita
589 853 754 895 pertinens
778 851 820 886 ad
845 851 1004 886 Carolum
1022 850 1101 884 Bur-

218 903 345 952 gundia
368 902 414 937 est
436 903 471 936 in
495 901 693 938 Lotharium
715 902 887 936 translata.
918 901 1013 935 Hinc
1034 900 1099 944 jam

165 993 169 996 Α
215 954 324 990 distos
345 952 544 997 Burgundiae
564 951 746 996 Episcopos
763 951 899 997 quidem
921 951 1099 996 postulavit

217 1003 362 1039 Carolus
376 1027 386 1043 ,
398 1003 453 1037 sed
464 1013 579 1037 eorum
591 1001 727 1037 alterum
740 1001 922 1036 Lotharius
933 1001 1079 1037 obtinuit
1089 1025 1099 1042 ,

217 1055 448 1089 &memorato
459 1051 587 1088 Altheo
606 1052 754 1086 Pallium
778 1052 957 1097 flagitavit.
988 1052 1098 1085 Etiam

219 1104 334 1140 Caroli
355 1100 779 1147 praetenfionib.us⁴perrexit
803 1102 945 1136 infistere
969 1126 977 1135 .
1005 1101 1099 1137 Hinc

217 1153 309 1188 enim
323 1154 429 1187 saneti
444 1152 559 1187 Amuli
571 1153 604 1186 in
617 1152 874 1196 Lugdunensem
899 1149 1098 1186 cathedram

215 1204 341 1247 primus
369 1204 525 1237 successor
545 1202 680 1236 sanstus
705 1201 898 1247 RemigiuS,
924 1202 1100 1235 acerrimus

217 1253 342 1288 vindex
357 1251 584 1286 Ecclessasticae
593 1250 750 1285 libertatis
761 1276 772 1292 ,
800 1253 835 1286 in
848 1251 941 1286 tertia
953 1251 1101 1286 Valenti·

216 1314 262 1337 ω
287 1302 426 1346 Synodo
436 1301 582 1336 admittit
602 1303 620 1335 ἑ
637 1299 764 1343 servitio
788 1304 961 1344 Principis,
987 1301 1102 1343 utique

216 1363 274 1397 per
296 1352 563 1386 nominationem
589 1376 603 1392 ,
638 1355 794 1386 venientes
829 1351 993 1395 Episcopo:
1016 1375 1027 1391 ,
1066 1352 1103 1386 &

213 1402 393 1437 dumtaxat
419 1401 534 1442 addit,
560 1410 599 1435 ut
625 1411 725 1435 nemo
750 1400 910 1445 indignus
935 1403 1101 1435 consecra-

213 1453 248 1487 ri
273 1452 479 1495 permittatur
500 1475 509 1483 .
540 1450 687 1484 Cunctos
707 1448 890 1484 istiusmodi
912 1452 1101 1485 nominatos

212 1499 586 1545 :statuitaMetropolita
606 1500 640 1534 δε
663 1499 987 1544 conprovincialibus
1009 1501 1100 1544 Epis·

216 1552 311 1595 copis
324 1549 431 1596 rigide
441 1549 680 1584 examinandos
690 1575 699 1581 .

236 1624 242 1630 ,
268 1601 418 1650 Qaestio
436 1599 483 1633 est
502 1624 513 1640 ,
538 1610 583 1633 an
605 1598 775 1633 laudatum
798 1599 934 1645 Pippini
960 1599 1098 1635 Privile-

213 1651 310 1696 gium
324 1651 421 1685 fuerit
430 1660 617 1693 perpetuum
628 1674 638 1690 ,
664 1661 706 1683 an
719 1649 889 1686 dumtaxat
903 1651 1069 1694 personale
1080 1651 1097 1682 ,ἕ

213 1701 366 1748 Qidam
386 1699 504 1734 volunt
524 1700 618 1733 fuisse
639 1709 832 1743 perpetuum
851 1725 859 1733 .
885 1700 1032 1734 Probant
1054 1712 1103 1735 ex.

213 1749 382 1785 Ludovici
401 1749 457 1783 Pii
482 1749 685 1792 Imperatoris
704 1749 775 1792 post
799 1749 1094 1795 Aquisgranensem

214 1799 392 1843 Synodum
405 1799 497 1834 edito
509 1799 689 1842 Capitulari
701 1824 712 1839 ‚
738 1799 829 1842 cujus
845 1800 910 1835 hoc
932 1800 978 1833 est
998 1809 1096 1843 caput

215 1849 416 1884 secundum:
442 1851 593 1882 Sacrorum
604 1853 760 1882 canonum
781 1861 841 1882 non
861 1854 983 1893 ignari,
1008 1859 1045 1883 ut
1064 1855 1096 1882 in

217 1903 277 1935 Der
287 1904 402 1932 nomine
411 1899 521 1931 Sanc‘la
532 1896 658 1937 Ecclesia
664 1897 718 1940 suo
728 1898 846 1932 liberius
855 1906 989 1941 potiatur
1008 1899 1095 1932 bono-

215 1960 250 1982 re
259 1973 270 1989 ,
284 1946 618 1992 aeffi’nsumpraebuimus
627 1949 736 1981 ordini
747 1948 940 1990 Ecclefiastico
952 1974 962 1988 ,
977 1959 1011 1982 ut
1019 1948 1097 1991 scili-

216 2007 261 2032 ατ
274 1997 415 2041 Epist-opi
424 2006 477 2039 per
486 1997 650 2030 clemonem
674 2000 742 2031 cleri
763 2000 799 2031 (5
814 2000 918 2040 populi
933 1997 1095 2041 secundum

215 2050 339 2081 statuta
352 2052 505 2081 canonum
514 2070 524 2085 ,
549 2048 587 2081 de
593 2052 718 2090 propria
732 2046 871 2089 Dloecefi,
894 2058 1007 2082 remota
1025 2057 1096 2090 per-

212 2096 400 2140 sonarum&
416 2108 571 2131 munerum
591 2099 777 2140 acceptione,
796 2097 833 2130 ob
856 2102 933 2132 vitae
956 2103 1094 2131 meritum

218 2146 419 2189 &sapientia
432 2149 539 2180 donum
563 2147 727 2191 eligantur.
755 2147 914 2186 Notanda
931 2148 1006 2182 sunt
1029 2159 1095 2182 ver-

218 2195 259 2229 ba
271 2218 283 2234 ‚
308 2196 641 2239 Affensumpraebuimus
656 2199 767 2231 ordini
775 2197 965 2239 Ecclesiastico
980 2212 991 2230 .·
1018 2197 1095 2231 Edi·

218 2247 447 2280 cerevidentur
457 2246 663 2286 Ludovicum
676 2247 744 2281 Avi
757 2247 803 2281 sui
816 2247 950 2291 Pippini
962 2246 1094 2281 Privile·

215 2296 276 2339 gio
299 2295 340 2329 ad
361 2295 439 2329 cleri
457 2307 565 2339 preces
586 2297 687 2341 gratis
705 2297 921 2335 renuntiasse,
946 2297 1094 2339 adeoque

216 2344 439 2390 Privilegium
448 2346 540 2379 fuisse
551 2356 741 2389 perpetuum
753 2370 761 2378 .
787 2346 902 2380 Errare
922 2346 1024 2392 igitur
1049 2348 1093 2381 vi-

213 2392 332 2429 dentur
342 2395 400 2439 qui
411 2395 600 2430 existimant
614 2396 803 2430 Canonicas
812 2396 987 2431 electiones
998 2397 1093 2432 fuisse

214 2444 378 2479 restitutas
387 2446 406 2479 ὲ
418 2446 541 2479 Carolo
552 2445 682 2490 Magno
695 2469 702 2477 .
725 2446 770 2480 Et
780 2444 859 2480 hinc
868 2446 910 2481 ad
921 2446 1092 2482 laudatum

214 2494 379 2529 Ludovici
390 2494 577 2538 Capitulare
588 2495 698 2530 scribit
711 2495 849 2538 Jacobus
872 2495 1065 2533 sirmondus
1078 2510 1092 2533 .·

216 2546 321 2578 Totum
331 2544 425 2584 exstat
443 2551 477 2578 in
498 2544 572 2578 libro
587 2552 685 2586 primo
707 2548 931 2588 capitularium
944 2571 954 2588 ,
980 2552 1092 2591 Capite

217 2591 396 2637 offluagefimo
416 2600 503 2629 tertio
522 2597 557 2629 (ν
571 2594 759 2638 sequentibus
770 2621 781 2636 ,
809 2598 845 2630 id
856 2597 895 2638 est
910 2622 921 2637 ,
942 2597 1006 2639 post
1032 2602 1091 2630 Ca-

211 2647 273 2682 put
284 2643 418 2678 ultimum
428 2646 617 2688 capitularis
639 2644 878 2690 Aquisgranenfis
900 2650 1004 2681 Caroli
1026 2652 1092 2682 Ma·

213 2694 387 2733 gm‘Regis.
414 2699 563 2729 Immemor
590 2701 671 2729 enim
687 2696 824 2739 propositi
849 2699 883 2732 (θ’
900 2697 1026 2738 instituti
1043 2697 1092 2741 sui

221 2737 378 2783 ,insegisus
400 2763 411 2779 ‚
440 2750 491 2784 qui
522 2745 630 2779 librum
659 2748 745 2780 illum
780 2746 870 2791 solius
905 2750 1010 2782 Caroli
1031 2751 1092 2782 Ec-

218 2787 371 2828 clefiasticis
378 2790 487 2833 legibus
497 2793 657 2838 destinaffit
668 2821 680 2838 ,
705 2796 763 2829 has
771 2804 863 2830 etiam
873 2799 1019 2832 Ludovrci
1024 2799 1086 2841 filii

218 2838 434 2878 constitutiones
443 2842 542 2879 injecit
556 2867 566 2882 ‚
590 2856 666 2887 quas
674 2848 796 2888 quidem
804 2847 856 2881 boc
866 2860 946 2881 anno
962 2848 1026 2891 pest
1046 2852 1091 2888 55.

220 2889 330 2921 ⁷¹⁰d¹⁴m
338 2888 598 2933 Aquisgranensem
611 2897 710 2929 editas
720 2897 812 2941 futffe
836 2900 1012 2941 confirmant
1033 2910 1090 2940 ea,

219 2948 289 2978 quae
300 2943 333 2971 in
339 2943 434 2979 capite
440 2946 527 2973 tertio
536 2941 671 2985 leguntur
682 2946 721 2979 de
732 2949 839 2985 smodo
848 2949 903 2981 illa
913 2973 924 2990 ,
950 2950 984 2982 (θ’
999 2951 1091 2992 Regu.

219 2987 262 3020 lis
287 2992 500 3023 canonicorum
526 2992 561 3024 (a
584 2992 851 3031 Sant‘limonialium
873 3003 908 3031 in
931 3009 970 3032 ea
993 2998 1090 3039 consti-

219 3041 315 3070 tutis.

76 3129 81 3135 Ι
271 3086 469 3131 Respondeo
481 3100 593 3126 tamen
601 3093 702 3127 etiam
713 3089 866 3132 aCarolo
884 3098 1016 3144 Magno
1035 3100 1090 3135 ab·

43 3126 198 3198 ἕῐὸῢῖἷὲ·
217 3136 345 3171 dicatas
355 3139 466 3181 paffim
475 3141 569 3177 fuisse
582 3144 824 3179 nominationes
835 3146 889 3186 ,δε
902 3149 1090 3184 Canonicas

51 3179 199 3237 Hindmari
215 3187 393 3221 electiones
413 3190 586 3227 restitutas.
615 3194 798 3229 Laudatum
818 3196 907 3230 enim
925 3198 1093 3242 capitula·

43 3256 112 3285 pag.
139 3250 202 3282 765.
217 3239 325 3272 recise
337 3249 404 3271 non
416 3239 514 3274 solius
523 3242 686 3278 Ludovici
698 3269 709 3285 ,
736 3243 899 3280 sedetiam
911 3246 1006 3290 ipfius
1029 3248 1091 3284 Ca-

63 3288 162 3318 Noris.
219 3287 283 3321 toli
297 3312 307 3328 ‚
330 3287 448 3323 diserte
457 3289 682 3334 Hincmarus,
707 3296 852 3330 Francic'i
867 3296 951 3340 Juris
968 3298 1088 3341 peritis-

220 3337 337 3379 fimus,
357 3339 394 3373 <Sc
416 3338 579 3385 Ansegiso
593 3342 715 3378 Abbati
744 3345 808 3380 fere
834 3347 972 3390 suppar,
1007 3349 1097 3383 affir?

220 3397 291 3423 mat
314 3388 351 3424 in
375 3383 503 3426 litterIS'
514 3390 556 3428 ad
581 3392 788 3432 Ludovicutn
825 3397 955 3433 tertium
990 3400 1087 3436 Fran·

1170 301 1203 333 in
1218 301 1335 335 litteris
1347 301 1387 335 ad
1402 302 1586 335 Manaffem
1598 299 1893 346 Archiep'iscopum
1907 304 2052 340 Remen-

1170 400 1374 435 nominando
1403 401 1603 445 quandoque
1624 403 1847 446 praevaricatus
1867 428 1878 444 ,
1908 403 2055 449 ideoque

1168 450 1272 493 ipsum
1291 450 1310 485 ὲ
1338 451 1427 485 Filio
1449 449 1622 486 Ludovico
1646 452 1799 488 innovari
1824 453 2052 498 supplicarunt

1169 501 1347 545 Episcopi,
1360 511 1459 544 atque
1473 501 1688 544 impetrarunt
1699 527 1707 534 .
1732 503 1906 550 „roirca
1915 506 1964 539 fiai
1976 517 2052 548 pro-

1166 552 1261 594 positi
1272 551 1447 586 immemor
1456 561 1526 585 non
1539 550 1602 584 fuit
1612 550 1791 596 Ansegisus
1803 579 1814 595 ,
1837 555 1896 592 ,sed
1910 556 2048 599 Capitu-

1166 601 1230 635 lare
1241 601 1338 636 semel
1348 599 1539 638 subCatolo
1552 601 1646 645 Rege
1667 603 1810 644 pofitum
1833 605 1962 639 censuit
1987 606 2049 640 sub

1164 651 1339 686 Ludovico
1353 662 1422 685 non
1432 651 1496 685 effe
1505 650 1737 694 repetendum.
1764 653 1867 688 Porro
1891 655 2049 700 Episcopi

1166 712 1234 735 non
1256 700 1305 735 uti
1325 701 1465 746 gratiam
1487 725 1499 741 ,
1533 698 1590 735 -sed
1611 701 1661 735 uti
1680 712 1749 735 rem
1775 703 1832 736 fibi
1858 716 1914 747 per
1941 707 2048 741 sacros

1164 750 1318 786 Canones
1345 750 1490 785 debitam
1516 750 1719 794 postularunt
1742 751 1941 789 electionum
1963 756 2049 790 resti·

1164 802 1347 836 tutionem.
1377 801 1426 835 Ita
1444 801 1601 835 evincunt
1625 799 1692 835 haec
1713 802 1911 845 Capitularis
1927 804 2024 839 verba
2037 819 2046 837 τ

1163 854 1316 886 sacrorum
1339 855 1497 885 Canonum
1522 863 1580 884 non
1606 856 1707 895 ignari
1727 875 1736 884 .
1758 851 1887 887 Verum
1914 854 2048 898 Reges,

1163 902 1369 946 Majestatem
1405 903 1495 935 suam
1520 901 1672 935 altisonis
1710 901 1878 937 vocabulis
1901 904 2048 939 exaltare

1162 952 1329 993 consueti,
1357 952 1521 997 justitiam
1534 951 1643 986 solent
1654 952 1739 995 quafi
1750 952 1889 997 gratiam
1904 953 2051 997 imperti-

1163 1003 1207 1036 ri.
1234 1002 1491 1049 Laudatiigitur
1506 1001 1661 1045 Episcopi
1682 1002 1826 1037 omnino
1847 1005 2049 1038 censuerunt

1163 1053 1294 1098 Pippini
1312 1052 1529 1097 Privilegium
1550 1052 1643 1086 fuiffe
1667 1052 1833 1095 personale
1853 1079 1860 1087 .
1890 1054 1934 1088 Et
1958 1053 2050 1089 certe

1162 1103 1196 1136 id
1214 1101 1403 1148 persuadent
1418 1103 1520 1147 *ipsius
1540 1102 1640 1136 etiam
1653 1103 1844 1138 Wenilonis
1854 1104 1895 1138 de
1906 1105 1967 1138 illo
1979 1115 2048 1138 ver-

1164 1153 1223 1187 ba:
1250 1158 1289 1187 Ut
1308 1154 1463 1188 acerbitati
1488 1157 1630 1195 temporis
1656 1155 1822 1187 mederetur
1848 1179 1856 1187 .
1883 1153 2045 1188 Notanda

1163 1204 1235 1236 sunt
1255 1204 1288 1237 δε
1309 1201 1379 1238 haec
1402 1203 1518 1238 verba:
1545 1207 1597 1236 Ne
1614 1201 1696 1243 fort?
1709 1202 1907 1245 simplicitate
1918 1204 2050 1246 Pontifi-

1161 1265 1226 1286 cum
1236 1253 1326 1297 poffet
1343 1260 1506 1298 contingere
1525 1278 1537 1295 ,
1562 1254 1645 1296 quod
1662 1259 1696 1286 in
1714 1252 1772 1288 bac
1794 1255 1971 1288 AEduorum
1993 1257 2046 1287 Ur-

1161 1304 1196 1336 be
1232 1310 1333 1340 evenit
1358 1331 1366 1337 .
1403 1303 1543 1338 Videtur
1572 1302 1876 1348 Augustodunenfis
1903 1304 2047 1338 Ecclefia

1163 1352 1308 1388 habuisse
1329 1354 1476 1389 Schisma
1498 1353 1688 1394 electionis,
1715 1361 1815 1397 atque
1834 1354 1879 1388 ita
1904 1353 2047 1388 Carolus

1163 1403 1238 1438 Rex
1257 1414 1392 1447 utraque
1416 1404 1575 1439 electione
1603 1405 1722 1438 castata
1752 1403 1934 1438 nominaffe
1971 1404 2049 1438 Ber-

31 1473 109 1510 021'·
126 1482 163 1507 ¹*
1160 1453 2047 1546 5:25552333253¹⁶3,{iffi-:zzffiffiissnsssslzsss

1159 1552 1251 1586 fuisse
1280 1552 1425 1596 rejectas.
1453 1551 1607 1587 Succeffit
1629 1551 1844 1596 privilegium
1868 1552 2048 1587 Ludovico

1160 1602 1306 1637 secundo
1316 1602 1510 1646 Imperatori
1533 1602 1574 1635 ab
1598 1601 1750 1636 Adriano
1769 1600 1912 1637 secundo
1933 1601 2048 1636 Ponti-

1160 1654 1221 1687 fice
1232 1654 1420 1687 concellum
1434 1676 1445 1692 ,
1469 1652 1560 1695 quod
1573 1653 1663 1695 supra
1676 1652 1829 1692 relatum,
1839 1662 1938 1697 atque
1949 1663 2049 1696 expo·

1160 1703 1254 1736 situm
1266 1702 1312 1737 est
1324 1714 1365 1736 ex
1376 1703 1529 1747 Hugone
1541 1701 1673 1736 Abbate
1685 1702 1922 1737 Flaviniacenss
1938 1728 1945 1735 .

1211 1752 1329 1787 Postea
1351 1751 1437 1796 apud
1453 1753 1598 1786 Francos
1609 1751 1667 1786 ista
1675 1751 1854 1798 Privilegia
1870 1753 2045 1788 filuerunt.

1160 1803 1294 1836 Etenim
1319 1804 1406 1837 inter
1424 1803 1558 1843 causas,
1581 1800 1629 1835 ob
1653 1814 1732 1846 quas
1756 1802 1950 1846 Philippum
1975 1803 2050 1846 pul-

1158 1851 1275 1886 chrum
1299 1852 1428 1897 Regem
1448 1852 1750 1886 excommunicavit
1768 1852 1929 1887 Pontifex
1946 1853 2049 1887 Boni-

1158 1902 1261 1936 facius
1284 1904 1438 1942 octavus,
1464 1902 1528 1936 fuit
1551 1912 1752 1937 attentatum
1777 1903 2046 1937 nominationis.

1160 1952 1203 1986 Et
1214 1952 1255 1986 ad
1268 1951 1461 1986 Eduardum
1476 1953 1609 1985 tertium
1620 1950 1754 1998 Angliae
1765 1953 1895 1997 Regem
1911 1952 2049 1994 scribit,

1159 2001 1194 2034 in
1215 2002 1332 2036 litteris
1355 2001 1442 2044 apud
1462 1999 1636 2035 Thomam
1670 2002 1881 2037 Monachum
1907 2003 2049 2038 Walfin-

1157 2049 1368 2095 ghamensem
1398 2051 1588 2086 extantibus
1610 2076 1620 2092 ‚
1659 2052 1704 2086 de
1730 2051 1889 2096 Philippo
1916 2053 2049 2086 Valefio

1158 2102 1359 2136 Francorum
1372 2101 1465 2145 Rege
1490 2102 1649 2136 Pontifex
1673 2103 1869 2136 Benedictus
1890 2101 2048 2137 duodeci-

1153 2209 1207 2242 per
1219 2212 1285 2241 eos,
1313 2209 1366 2243 qut
1376 2199 1549 2242 salutem&
1571 2199 1707 2233 honorem
1730 2210 1815 2235 tuum
1835 2204 1957 2236 minim?
1978 2205 2049 2237 dilt-

1150 2259 1228 2294 gunt
1241 2275 1252 2291 ,
1278 2251 1360 2292 quod
1371 2256 1424 2283 nor
1435 2251 1572 2291 cart‘fflmo
1586 2257 1617 2283 in
1631 2251 1747 2292 christo
1757 2253 1838 2285 Filio
1860 2252 1952 2293 nostro
1974 2253 2048 2286 Phi-

1157 2302 1237 2343 lippo
1248 2305 1324 2344 Regi
1339 2304 1482 2334 Francrae
1492 2299 1599 2341 illustri
1608 2324 1618 2340 ,
1631 2300 1842 2341 institutionem
1848 2301 2046 2345 personarum

1156 2350 1416 2392 Ecclefiasticarum
1427 2350 1641 2393 concefferimus
1651 2358 1685 2385 in
1697 2352 1831 2386 omnibus
1840 2356 1872 2385 E
1875 2347 1974 2394 ccleffiffr
1986 2359 2046 2388 Re-

1148 2406 1205 2445 gni
1213 2399 1283 2444 sui,
1305 2412 1373 2442 quae
1394 2402 1564 2435 omnimoda
1584 2413 1682 2435 carere
1704 2409 1838 2437 veritate
1860 2401 1918 2446 nos
1915 2413 2039 2438 cuntur.

1118 2451 1121 2490 j
1154 2453 1242 2484 Talia
1252 2462 1381 2494 namque
1401 2463 1567 2494 numquam
1580 2451 1708 2493 fuerunt
1724 2453 1872 2496 postulata
1895 2455 1916 2486 ἆ
1936 2454 2020 2488 nobis
2031 2480 2045 2497 ‚

1156 2512 1206 2534 nec
1216 2513 1251 2534 ea
1260 2501 1466 2544 conceffiffi’mus
1477 2503 1686 2543 quomodolibet
1699 2527 1709 2543 ,
1726 2515 1790 2537 cum
1802 2511 2043 2547 quantacumque

1154 2551 1296 2592 instantia
1302 2557 1404 2594 petita
1406 2551 1549 2596 fuissent.
1578 2552 1631 2586 Ex
1645 2563 1712 2596 quo
1725 2552 1813 2588 lucet
1840 2554 1955 2588 Galliae
1977 2555 2043 2589 Re-

1154 2613 1210 2646 ges
1220 2603 1320 2645 usque
1330 2601 1372 2636 ad
1396 2601 1451 2635 illa
1474 2611 1620 2646 tempora
1645 2603 1687 2637 de
1710 2603 1768 2638 tali
1789 2604 1965 2649 privilegio
1985 2607 2041 2639 vix

1154 2652 1311 2696 cogitasse
1332 2677 1339 2684 .
1369 2652 1461 2687 Dico
1480 2674 1491 2691 ,
1515 2658 1575 2686 vix
1602 2665 1609 2684 :
1638 2653 1742 2700 Quod
1765 2655 1856 2688 enim
1881 2656 2038 2689 Clemens

1155 2702 1307 2744 septimus
1343 2699 1513 2746 Antipapa
1535 2702 1686 2737 omnium
1711 2703 1911 2738 Antistitum
1931 2705 2040 2738 norni-

1156 2752 1340 2786 nandorum
1352 2776 1364 2792 ,
1375 2751 1410 2785 &
1421 2753 1499 2787 duas
1511 2753 1546 2787 in
1556 2753 1670 2795 quavis
1684 2754 1827 2788 Ecclesia
1842 2754 2034 2788 Praebendas

1154 2801 1302 2837 donandi
1317 2801 1510 2846 potestatem
1522 2803 1634 2837 fecerit
1649 2827 1660 2844 ,
1686 2802 1786 2838 habes
1797 2804 1883 2848 apud
1896 2805 1923 2837 F
1926 2804 2040 2838 roffar-

1154 2852 1234 2886 dum
1252 2877 1259 2883 .
1299 2852 1428 2887 Verum
1452 2853 1640 2887 Baiileenfis
1667 2854 1818 2897 Synodus
1843 2855 1876 2888 ὅς
1901 2854 2039 2889 Sanctio

1152 2901 1357 2947 Pragmatica
1368 2901 1506 2937 &distis
1519 2903 1666 2948 Regibus
1678 2906 1712 2938 &
1737 2905 1897 2939 Romanis
1923 2903 2039 2938 Ponti-

1155 2952 1268 2986 ficibus
1290 2962 1477 2996 pepererunt
1496 2953 1575 2987 alias
1596 2955 1818 2997 cogitationes
1840 2978 1847 2985 .
1898 2951 2037 2988 Antisti-

1153 3011 1225 3036 tum
1238 3001 1577 3046 nominandorumjus
1588 3003 1712 3037 Carolo
1735 3004 1876 3046 septimo
1901 3003 2036 3047 quidem

1152 3051 1407 3086 constantiffime
1417 3053 1577 3089 recusavit
1590 3052 1669 3086 Pius
1689 3052 1871 3093 secundus,
1897 3052 2036 3088 tandem

1152 3112 1259 3136 tamen
1271 3101 1290 3134 :¹2
1300 3102 1415 3136 Leone
1424 3100 1553 3136 decimo
1565 3103 1760 3136 consecutus
1780 3101 1824 3136 est
1843 3104 1871 3136 F
1873 3103 2033 3138 ranciscus

1151 3152 1271 3197 primus
1283 3176 1291 3183 .
1317 3151 1529 3195 Pragmat'icae
1553 3152 1727 3187 sanctionis
1745 3151 1828 3186 odio
1849 3151 2007 3188 Pontifex
2020 3178 2033 3194 ‚

1154 3200 1346 3236 nominandi
1360 3200 1539 3243 cupiditate
1558 3201 1634 3236 Rex
1655 3202 1695 3237 ad
1721 3201 1881 3237 firmanda
1907 3203 2031 3238 famosa

1151 3250 1361 3286 Concordata
1385 3251 1515 3286 fuerunt
1540 3252 1672 3286 tandem
1693 3253 1832 3295 permoti
1852 3277 1859 3284 .
1886 3254 2031 3287 Sanecio-

1150 3312 1226 3337 nem
1237 3303 1329 3336 istam
1341 3301 1457 3345 quavis
1473 3301 1525 3335 via
1536 3301 1689 3345 proscribi
1698 3301 1860 3348 satagebat
1875 3303 2029 3337 Romana

1152 3352 1292 3388 Ecclefia
1315 3377 1323 3384 .
1358 3351 1443 3395 ‚Ejus
1480 3351 1708 3396 proscriptioni
1736 3352 1934 3388 Antistitum
1971 3363 2029 3384 no-

1151 3403 1349 3438 minationes
1371 3401 1474 3437 invita
1495 3402 1629 3446 quidem
1649 3403 1741 3439 dedit
1761 3428 1774 3446 ,
1806 3404 1843 3437 in
1871 3400 1957 3437 istud
1981 3409 2029 3434 ta·-

1902 3459 1980 3484 men

2068 2135 2098 2163 A
2130 2140 2142 2159 1

1157 2162 1229 2185 mus
1241 2165 1251 2184 :
1278 2151 1482 2185 Intelleximus
1485 2150 1570 2193 falso
1587 2151 1782 2192 &fallaciter
1802 2150 1967 2196 suggestum
1989 2153 2050 2187 tibi
2100 2153 2107 2160 ⁹

1170 211 1284 235 corum
1298 200 1425 245 Regem
1437 224 1445 232 .
1474 199 1571 234 Istius
1582 201 1668 244 Juris
1677 211 1767 244 aeque
1778 201 1900 246 peritus
1922 203 2052 238 Sanctus
2071 209 2118 246 Ep.
2133 218 2177 238 ιι.

1170 249 1228 285 lvo
1251 251 1462 285 Carnutenfis
1485 249 1669 295 Episcopus
1690 253 1828 287 affirmat
1851 252 1936 288 istud
1962 254 2052 290 idem
2070 257 2131 286 ⁶³1>-
2147 257 2173 284 3·

1169 350 1234 384 sem
1259 375 1266 382 .
1294 350 1435 385 Carolus
1453 352 1599 395 Magnus
1619 351 1812 395 Capitu‘lare
1833 355 1926 388 suum
1947 355 2052 391 fuerat
2070 364 2122 401 Ep.
2140 372 2203 392 102.

2149 2135 2214 2167 3361
