2352 3736
57 847 131 887 Cap,
145 859 153 878 r
160 860 186 891 3.

49 1721 207 1755 Lac-421·

543 166 856 196 DEHAC

238 232 420 276 Christiani
431 236 533 271 saeculi
547 237 647 270 finem
661 235 833 280 vigefimus
844 236 973 269 odiavus
986 232 1115 278 sagien-

239 291 282 324 sis
294 289 475 333 Episcopus
485 287 629 321 civitatis
651 287 713 319 suae
734 296 844 320 muros
866 284 1043 324 destruxit,
1078 294 1115 316 ac

235 351 280 374 ex
293 349 408 373 eorum
419 337 580 382 lapidibus
592 336 817 372 Cathedralem
828 336 943 370 Sandto
966 333 1115 369 Gervafio

234 389 382 432 >Martyri
395 389 573 423 Ecclesiam
586 399 675 422 extra
686 385 828 420 civitatis
841 384 960 421 limites
981 383 1116 418 aedifica-

236 440 287 473 vit
304 466 311 471 .
337 439 482 486 Qartus
492 438 560 483 ejus
571 439 727 475 successor
740 436 819 475 lvo,
849 434 1022 469 Guilielmi
1046 433 1117 468 Bel-

233 489 415 531 lismenr'is,
442 491 477 524 &
498 487 678 526 Alenzonii
700 483 864 523 Comitis,
889 495 950 518 nec
972 496 1039 521 non
1064 484 1115 518 Sa·

236 541 358 584 gienfis
369 539 510 575 Domini
522 538 629 583 filius,
663 536 698 577 ,δε
720 534 828 578 patrui
851 534 899 568 sui
919 533 1086 577 Arnulphi
1105 557 1116 573 ,

237 584 785 634 nequiterasceleratisinterfesti,
813 585 846 618 in
869 585 984 619 eadem
1011 583 1116 618 domi·

236 641 293 673 nia
315 640 474 678 successor
493 661 504 678 ,
539 634 582 672 ab
603 633 717 677 iisdem
739 634 895 677 sceleratis
915 635 951 668 ἀ
969 635 1114 677 ipsorum

235 689 452 734 complicibus
462 684 613 725 sustinuit
624 685 704 726 dura
727 684 812 719 bella
834 685 982 729 privata,
1006 683 1112 718 duras-

235 750 300 783 que
315 736 530 775 calamitates,
563 736 698 774 Etenim
709 734 852 769 invasam
865 734 1029 777 laudatam
1052 734 1112 768 Ba-

234 790 376 828 silicam,
402 784 745 829 utexipsacivitatem
769 795 943 825 vexarent,
969 783 1112 818 incastel-

234 840 362 878 larunt‚
389 840 435 869 Et
451 835 492 877 stc
513 837 551 874 de
572 839 664 875 Domo
684 840 829 874 orationis
844 833 1016 879 speluncam
1027 835 1112 867 latro-

234 899 325 926 num,
356 886 558 927 stabulumque
569 884 709 927 fecerant
730 895 869 927 equorum
889 910 898 925 ,.
936 884 1029 919 Hinc
1054 883 1112 918 Ivo

230 947 356 974 armata
366 947 465 969 manu
484 934 624 970 tentavit
646 934 882 970 incastellatam
909 934 1110 975 Ecclesiam,

229 997 426 1031 captamque
444 986 579 1027 exuffit,
616 985 761 1022 Videbat
780 986 844 1020 alia
866 985 918 1019 via
939 986 1111 1022 ,civitatem

230 1036 524 1078 suamasceleratis
540 1034 744 1079 praedonibus
770 1047 837 1070 non
852 1037 940 1078 posse
966 1036 1111 1070 liberari.

232 1087 321 1122 Eum
344 1086 563 1128 nihilominus
584 1084 625 1119 de
646 1094 788 1119 cremata
812 1086 921 1120 Matre
951 1086 1112 1131 redarguit

233 1138 304 1173 Leo
315 1137 472 1178 Pontifex
489 1161 501 1177 ,
526 1135 754 1179 compulitque
764 1135 807 1171 ad
830 1135 1056 1182 poeniteutiam
1080 1138 1114 1180 ἀ

231 1188 498 1230 restaurationem
507 1212 515 1227 ,-
698 1187 701 1189 ’

280 1237 547 1272 Matrimoniales
559 1237 723 1271 variorum
735 1235 909 1272 Comitum
931 1237 1042 1272 causas
1062 1237 1114 1272 de-

228 1289 312 1323 cidit
331 1288 445 1323 eadem
468 1287 622 1331 Synodus
635 1312 645 1327 ‚
671 1285 863 1331 adducoque
883 1298 982 1328 uuam
996 1311 1007 1328 ,
1043 1300 1113 1332 quae

228 1339 340 1383 tangit
367 1336 570 1372 Balduinum
603 1337 803 1372 Insulensem
827 1362 838 1378 ‚
884 1349 1113 1383 cognomento

228 1388 353 1428 Pium,
378 1389 550 1422 Comitem
569 1388 818 1429 Flandrensem.
847 1391 937 1430 Papa
959 1392 1040 1429 Leo,
1067 1389 1114 1422 in-

228 1438 350 1481 quiunt
364 1438 446 1472 Asta
468 1438 648 1481 Synodalia
664 1461 674 1477 ,
700 1439 862 1470 interdixit
881 1439 1035 1471 Balduino
1056 1442 1114 1470 Co·

228 1492 297 1521 miti
310 1487 508 1529 Flandrenfi,
527 1499 564 1525 ne
572 1487 668 1529 filiam
681 1486 768 1530 fitam
776 1489 933 1520 Guiliclmo
944 1492 1113 1521 Nortman-

229 1549 267 1570 no
278 1543 382 1579 nuptui
401 1539 508 1578 daret,
535 1538 570 1571 (9·
592 1538 641 1570 ille
661 1548 696 1570 ne
706 1548 773 1569 eam
787 1543 928 1578 acciperet
941 1561 948 1568 .
974 1537 1044 1570 Hic
1065 1537 1111 1570 est

227 1587 453 1626 Guilielmus,
479 1587 537 1631 qui
559 1585 671 1629 postea
694 1587 795 1620 fastus
817 1585 863 1620 est
887 1586 961 1620 Rex
986 1585 1114 1630 Auglo·

226 1646 299 1669 rum
311 1661 318 1668 .
340 1636 467 1670 Verum
481 1645 595 1673 neuter
606 1635 754 1670 obedivit
767 1661 774 1667 .
801 1635 919 1670 Scribit
927 1635 1017 1670 enirn
1032 1637 1113 1670 Gui-

226 1686 358 1720 lielmus
369 1685 560 1720 Monachus
571 1685 824 1720 Gemeticenfis:
850 1690 934 1731 Jam
947 1690 1025 1720 Duce
1037 1690 1111 1719 Gui-

224 1737 348 1776 ltelmo,
370 1736 502 1778 juvenili
525 1735 623 1768 robore
645 1741 763 1779 vigente
779 1760 790 1775 ,
825 1735 999 1780 transcensis
1022 1742 1112 1768 annis

224 1785 435 1828 adolescentia»
450 1810 461 1825 ,
490 1793 640 1827 coeperunt
652 1790 822 1827 optimates
832 1785 898 1826 ejus
909 1787 945 1819 de
949 1785 1113 1828 fitccefflone

222 1836 317 1877 prolis
330 1847 395 1868 cum
405 1847 437 1869 eo
446 1841 594 1874 attentius
602 1835 733 1868 trallare
749 1860 755 1866 .
785 1837 914 1868 Audiens
925 1845 1025 1876 autem
1037 1838 1114 1869 Bal-

227 1887 355 1918 duinum
365 1887 527 1919 Flandriae
538 1889 685 1921 Comitem
697 1884 805 1918 habere
815 1887 981 1926 quamdam
991 1886 1089 1927 filiam
1103 1910 1113 1925 ‚

227 1935 333 1977 Regali
346 1945 498 1977 exgenere
507 1933 731 1976 descendentem
743 1958 753 1973 ‚
779 1934 957 1967 Matbildim
968 1957 979 1972 ,
1017 1945 1113 1977 corpo-

225 1995 259 2017 re
269 1984 362 2017 valde
373 1978 537 2027 elegantem
549 2007 560 2023 ,
586 1988 737 2025 animoque
746 1984 898 2018 liberalem
910 2008 922 2024 ‚
948 1984 1026 2018 banc
1046 1985 1111 2028 suo-

225 2045 293 2068 rum
314 2032 445 2077 consultu
465 2034 552 2073 misfis
576 2037 700 2075 Legatis
723 2034 743 2064 a
763 2042 855 2075 patre
870 2039 961 2076 petiit
973 2046 1111 2069 uxorem.

225 2087 282 2116 Ex
293 2085 378 2125 cujus
386 2083 529 2126 proposito
551 2088 645 2115 animi
664 2084 837 2116 Balduinus
856 2086 989 2126 Satrapa
1015 2086 1111 2117 admo-

219 2133 297 2166 :dum
302 2132 450 2176 gavisus,
477 2144 534 2165 non
545 2133 628 2165 modo
637 2138 767 2174 petitam
791 2135 864 2166 dare
886 2135 1039 2174 decrevit,
1064 2147 1113 2168 ve-

225 2182 294 2215 rum
303 2189 395 2216 etiam
414 2194 479 2217 cum
503 2182 670 2216 muneribus
691 2189 854 2218 innumeris
874 2196 940 2224 eam
959 2187 1004 2218 ad
1023 2183 1112 2227 usque

226 2230 356 2275 oncense
369 2232 504 2272 Castrum
522 2234 669 2265 adduxit.
695 2233 751 2266 Ubi
764 2238 837 2267 Dux
846 2235 976 2267 militum
981 2234 1111 2277 stipatus

226 2287 359 2315 catervis
383 2283 511 2315 advenit
525 2305 537 2321 ,
563 2284 702 2325 illamque
711 2283 768 2324 fibi
782 2286 855 2324 Jure
878 2280 1024 2328 conjugali
1050 2282 1113 2327 des-

221 2332 353 2378 pondit.
381 2334 491 2370 Genuit
502 2339 603 2364 autem
614 2342 652 2364 cx
674 2344 710 2366 ea
733 2333 814 2375 filios
835 2342 980 2376 quatuor,
1005 2335 1112 2368 Rober-

225 2389 292 2413 tum
312 2387 363 2423 qui
368 2380 432 2423 post
444 2392 508 2414 eum
521 2384 669 2419 Ducatum
689 2385 904 2417 Nortmandt'ae
926 2378 1112 2427 aliquamdiu

225 2437 343 2471 tenuit,
371 2432 405 2464 &¹
420 2431 610 2469 Guilielmum
622 2454 632 2470 ‚
657 2438 708 2474 qui
719 2436 819 2476 Regno
840 2435 954 2477 Angliae
973 2437 1112 2469 tredecim

223 2480 466 2522 annisprcffun,
491 2481 525 2513 Θ
551 2481 739 2520 Richardum
760 2488 813 2524 qui
827 2485 957 2524 juvenis
976 2486 1085 2526 decessit
1100 2511 1111 2526 ‚

226 2530 260 2563 Θ
283 2536 444 2566 Henricum
463 2536 514 2571 qui
530 2530 689 2572 fratribus'
707 2540 773 2571 tam
794 2535 887 2577 Regi,
915 2546 1006 2577 quam
1036 2538 1111 2574 Daci

221 2577 344 2621 succeffit
356 2605 363 2613 .
393 2580 562 2614 Genuit&
576 2590 715 2624 quatuor
725 2582 809 2616 filias
825 2607 833 2615 .
861 2584 1015 2620 Omnino
1039 2587 1109 2630 post

226 2629 411 2671 praesentem
422 2630 594 2673 Synodum
606 2630 669 2665 fuit
694 2631 815 2667 initum
838 2633 924 2668 istud
939 2636 1111 2673 matrimo-

223 2677 337 2716 nium,
363 2679 503 2723 ideoque
513 2682 547 2714 in
559 2681 778 2716 Flandrorum
789 2682 978 2720 Annalibus
990 2685 1110 2721 labitur

226 2725 367 2775 Jacobus
382 2728 523 2771 Mejems
537 2731 656 2770 factum
669 2733 767 2767 fuisse
776 2744 867 2767 anno
889 2734 960 2777 post
980 2736 1112 2771 millesi-

225 2787 319 2814 mum
331 2777 576 2821 quadragesimo
586 2782 724 2824 septimo
742 2807 749 2814 .
777 2784 927 2818 Errorem
937 2787 1111 2822 continent

224 2828 262 2864 ,ὃς
287 2825 355 2864 haec
382 2826 478 2860 verba
493 2841 504 2860 .·
529 2830 602 2861 Tum
627 2835 703 2864 Daci
728 2833 767 2865 ab
793 2835 924 2877 Malgero
949 2836 1110 2870 Rotboma-

220 2874 305 2925 genfi
327 2874 543 2919 Archtepiscopo
556 2901 567 2918 ,
588 2887 645 2920 per
669 2887 747 2915 iram
773 2883 807 2916 (⁴5
831 2886 981 2918 invidiam
1014 2897 1110 2931 puto,

219 2925 321 2969 sacris
347 2926 540 2959 interdic‘lum
572 2936 694 2970 propter
728 2931 818 2975 nescio
851 2945 941 2976 quam
965 2941 1044 2969 inter
1067 2942 1111 2979 tp-

223 2973 295 3022 sum
317 2978 354 3010 <9
380 2976 554 3010 Mathildim
579 2977 861 3023 consanguinitatem
876 3008 888 3025 ,
922 2996 1014 3028 quam
1051 2994 1109 3029 qui·

227 3026 298 3062 dem
321 3025 602 3070 consanguinitatem
627 3025 772 3072 nusquam
807 3040 918 3076 reperis
941 3061 949 3069 .
985 3037 1116 3079 Tametsi

227 3073 373 3108 R⁰b8rt¹⁴³
407 3080 587 3120 Guagntnus
613 3103 624 3119 ,
650 3090 771 3123 eumque
802 3081 917 3124 secutus
954 3087 1109 3126 Polydorus

226 3125 392 3167 Virgilius,
419 3130 582 3164 Leonoram
603 3129 699 3172 filiam
724 3130 998 3176 Richardisecundj
1015 3141 1110 3170 Nort-

227 3183 407 3210 maennorum
427 3178 541 3219 Ducis,
568 3183 677 3212 Comiti
701 3182 860 3214 Flandriae
895 3184 1012 3229 WPfiffl
1049 3195 1108 3220 tm.

225 3224 324 3260 dant.
350 3224 549 3261 Guilielmus
574 3239 640 3265 erat
665 3241 766 3274 nepos
802 3230 959 3267 Richardi
995 3236 1104 3274 secun-

926 151 1328 195 Rfmfinsr

1398 147 1773 193 SYnono.
1891 162 1989 196 221

1181 235 1249 268 sens
1285 233 1460 270 Mathildis
1495 245 1571 268 cum
1609 233 1793 268 Guilielmo
1827 232 2061 278 Conquaestore

1179 285 1276 319 fuerit
1303 285 1337 319 in
1367 285 1462 319 tertio
1487 284 1589 330 gradu
1614 294 1775 330 cognata,
1801 283 1935 319 testatur
1969 285 2059 320 testis
2082 279 2143 314 1⁶4·
2159 284 2239 314 0¹3·

1181 333 1419 375 Anthenticus,
1445 334 1920 375 Guilieimus‘vssemeticenfis.
1948 333 2056 371 Addit
2084 321 2119 349 A*
2154 325 2238 352 ¹⁰²7'

1175 384 1354 419 >Mathilclis
1379 396 1515 420 matrem
1548 386 1647 429 fuisse
1682 385 1825 428 Roberti
1861 386 2061 422 Francorum

1179 434 1281 478 Regis
1305 436 1408 470 filiam
1425 459 1437 476 ,
1474 436 1527 469 cui
1556 447 1678 470 nomen
1703 435 1802 476 fuisse
1835 433 1938 475 ⁴Alam
1957 458 1968 474 ,
2003 437 2061 471 seu

1178 484 1343 527 Adclam,
1368 481 1479 520 scribit
1505 485 1700 528 Radulphus
1723 486 1767 520 de
1777 484 1920 526 Diceto.
1947 484 2062 530 Pergit

1179 536 1438 570 Gemeticenfis:
1462 532 1640 571 Gutltelmus
1662 540 1763 576 Dux,
1786 536 1861 574 ,dum
1877 538 1901 575 ,ἃ
1930 534 2054 578 quibus.

1178 586 1250 618 dam
1275 584 1422 629 Relt'gtofis
1449 583 1563 628 saepius
1581 580 1802 628 redargueretur
1820 611 1831 627 ,
1858 597 1894 625 eo
1913 587 1997 628 quod
2016 596 2064 624 co·

1170 645 1300 682 gnatam
1320 634 1404 683 suam
1418 634 1475 677 fibi
1496 640 1529 668 in
1550 640 1739 671 matrimonio
1761 629 1941 680 ¹copulasses,
1962 636 2054 676 pnffs

1176 689 1299 730 Legatlr
1310 689 1475 723 Romanum
1487 687 1605 725 Papam
1612 682 1701 727 super
1715 683 1770 717 hac
1779 697 1811 718 re
1821 684 1965 729 consuluit
1981 710 1988 718 .
2017 689 2059 722 At

1175 735 1224 768 ille
1241 734 1390 778 sagaciter
1417 733 1603 776 considerans
1618 758 1629 775 ‚
1670 735 1748 776 quod
1759 732 1790 775 fi
1810 734 1973 768 divortium
1989 735 2058 777 fier!

1169 784 1289 826 juberet
1309 809 1319 826 ,
1338 784 1423 826 forte
1448 791 1527 818 inter
1553 782 1759 827 Flandrenses
1792 784 1827 816 Θ
1853 783 2062 819 Nortmannor

1171 836 1270 878 grave
1290 835 1398 869 bellum
1421 842 1599 878 exurgeret,
1627 839 1770 869 maritum
1795 834 1831 867 ὁ·
1864 835 2014 877 coniugem
2039 836 2060 866 ιὶ

1175 892 1260 919 reatu
1296 884 1427 929 absolvit
1448 910 1460 926 ,
1503 883 1600 927 eisque
1643 889 1853 926 poenitentiam
1895 885 2039 924 ,injunxit
2051 908 2060 916 .

1176 936 1343 969 Mandavit
1354 942 1433 969 enim
1441 959 1452 975 ,
1476 944 1510 968 ut
1522 934 1562 967 ab
1574 940 1617 968 eis
1629 928 1686 968 duo
1698 934 1839 968 Coenobia
1850 934 2044 968 conderentur
2053 958 2064 966 .

1176 992 1209 1019 in
1218 985 1327 1028 quibus
1334 995 1391 1029 pro
1401 985 1469 1028 ipfis
1477 986 1515 1019 ab
1526 994 1647 1028 utroque
1654 984 1731 1028 sexu
1748 984 1819 1018 Deo
1833 982 1938 1027 sedulo
1961 992 2065 1026 precer

1176 1035 1345 1076 offerrentur
1357 1062 1366 1076 ¹.
1395 1037 1540 1081 ,Quodtlli
1547 1034 1708 1078 gratanter
1727 1043 1813 1077 ,opere
1824 1036 2045 1077 compleverunt
2060 1058 2070 1066 .

1176 1087 1264 1129 inter
1282 1087 1371 1126 viros
1392 1080 1476 1129 ¹'istos
1502 1086 1693 1130 Religiosos
1717 1087 1871 1120 Sanctum
1898 1085 2071 1119 Lamfran-
2088 1094 2183 1131 μω,
2197 1097 2246 1125 26.

1175 1148 1252 1171 cum
1271 1137 1379 1172 adbuc
1405 1136 1634 1179 Monachum,
1674 1135 1772 1174 istum
1789 1145 1902 1173 ,aurem
1924 1136 2067 1170 Pontifi-

1176 1199 1248 1221 cem
1271 1188 1368 1222 fuisse
1392 1187 1572 1228 Nicolaum
1599 1185 1801 1225 secundum,
1828 1184 1922 1229 ⁸supra
1942 1185 2068 1220 audivi-

1177 1249 1250 1272 mus
1262 1237 1280 1270 ὲ
1300 1237 1436 1279 Milone
1447 1238 1603 1283 Crispino
1627 1238 1663 1271 ἀ
1677 1234 1851 1271 Chronico
1868 1234 2067 1276 Monasterii

1178 1288 1343 1325 Beccensis
1364 1314 1371 1321 .
1414 1287 1518 1330 Porro
1539 1287 1625 1331 apud
1645 1286 1835 1323 cadomum
1865 1285 2071 1320 Guilielmus

1177 1337 1447 1379 Monachorum,
1486 1337 1663 1378 Mathildis
1684 1336 1838 1376 fundavit
1859 1335 2068 1377 Monialium

1176 1389 1431 1423 Monasterium.
1461 1388 1637 1423 Consonat
1663 1387 1865 1428 Guilielmus
1877 1386 2069 1422 Monachus

1176 1438 1491 1472 Malmesberienfis.
1530 1438 1733 1481 Malgetium
1756 1435 2067 1482 Rothomagensem

1177 1487 1500 1531 Archiepiscopum,
1528 1486 1706 1520 Guilielmi
1732 1486 1978 1529 Conquaestoris
2004 1488 2068 1522 Pa·

1176 1546 1309 1577 truum,
1346 1538 1394 1570 ait
1426 1537 1526 1570 fuisse
1562 1536 1744 1570 litteratum
1770 1559 1781 1575 ‚
1818 1536 1869 1570 sed
1909 1547 1968 1580 pro
1995 1538 2073 1572 illu-

1176 1586 1289 1620 strium
1322 1587 1482 1621 natalium
1519 1586 1720 1620 conscientia
1756 1586 1961 1629 Episcopalis
1999 1598 2072 1632 pto·

1177 1636 1320 1671 feffionis
1356 1637 1517 1677 oblitum,
1554 1634 1702 1671 deditum
1737 1636 1969 1671 venationibus
1988 1663 1999 1679 ,
2033 1637 2070 1671 δε

1178 1686 1408 1720 Ecclefiasticae
1445 1686 1627 1720 substantiae
1661 1687 1864 1729 profusorem
1879 1710 1890 1727 ,
1928 1687 2071 1732 ideoque

1177 1748 1232 1780 per
1243 1737 1431 1771 Romanam
1446 1736 1625 1770 Ecclesiam
1636 1736 1729 1770 fuisse
1740 1736 1781 1770 ab
1795 1735 2069 1782 Archiepiscopa-

1178 1786 1322 1821 liPallio
1343 1789 1468 1829 semper
1486 1787 1698 1829 suspensum,
1727 1795 1825 1831 atque
1853 1797 1971 1832 agente
1995 1801 2068 1832 pro·

1176 1837 1248 1880 prio
1271 1847 1392 1880 nepote
1410 1838 1508 1871 Duce
1527 1836 1662 1870 tandem
1679 1836 1894 1880 degradatum
1915 1863 1926 1879 ,
1959 1839 1991 1872 &
2015 1839 2068 1873 ad·

1175 1887 1301 1930 jungit:
1330 1891 1445 1918 Ferunt
1454 1888 1582 1927 quidam
1608 1897 1752 1927 arcanam
1756 1885 1857 1930 fuifte
1879 1888 2065 1931 ‘depositionis

1176 1935 1312 1978 causam.
1341 1935 1519 1968 Mathildim
1530 1960 1542 1976 ,
1568 1946 1661 1978 quam
1682 1938 1860 1969 Guilielmus
1883 1948 2038 1981 acceperat
2054 1965 2066 1981 ,

1172 1992 1344 2028 proximam
1359 1985 1414 2027 fibi
1429 1984 1577 2030 sanguine
1587 2031 1589 2033 Ι
1590 1985 1697 2028 fuisse.
1727 1988 1769 2019 Id
1786 1986 1968 2027 christiana·
1986 1990 2064 2032 fidei

1176 2037 1234 2069 zelo
1245 2035 1490 2080 Matkerium'non
1503 2034 1610 2079 tulisse
1623 2037 1638 2078 ,⁴
1648 2034 1746 2079 sedin
1756 2042 1904 2078 Nepotem
1915 2039 1949 2071 er
1975 2044 2062 2073 Com-

1173 2093 1279 2128 parem
1300 2091 1610 2129 excommunicationis
1629 2087 1763 2128 jaculum
1784 2089 1940 2131 intentasse
1965 2115 1973 2122 .
2009 2095 2062 2125 Ita

1176 2147 1240 2169 cum
1251 2141 1307 2169 irae
1321 2136 1516 2180 adolescentis
1526 2142 1640 2169 uxoriae
1650 2139 1779 2179 querelae
1790 2140 1959 2173 accederent
1967 2165 1978 2180 ,
2007 2152 2064 2174 ex-

1176 2191 1324 2229 cogitatas
1342 2186 1492 2229 occast‘ones
1505 2211 1516 2227 ‚
1543 2185 1648 2229 quibus
1667 2192 1784 2229 peccati
1807 2187 1971 2231 persecutor
1984 2189 2061 2234 sede

1172 2237 1334 2278 pelleretur
1347 2261 1354 2269 .
1382 2236 1870 2280 Sedpostmodumprovefflortbus
1893 2246 1983 2273 annis
2001 2250 2062 2281 pro

1176 2291 1342 2330 expiatione
1363 2285 1485 2330 sceleris
1508 2287 1594 2320 illum
1617 2288 1725 2321 samio
1744 2289 1895 2331 stephano
1917 2293 2063 2325 Cadomis

1177 2336 1332 2379 aedificaffe
1343 2336 1553 2378 Monastert'um
1563 2362 1574 2379 ‚
1600 2337 1685 2371 illam
1699 2340 1807 2373 Beatae
1818 2343 1965 2374 Trinitati
1975 2348 2009 2375 in
2020 2354 2069 2375 eo-

1177 2388 1243 2419 dem
1251 2391 1316 2420 vico
1326 2389 1405 2421 idem
1414 2386 1519 2431 fecisse
1531 2412 1543 2429 ,
1566 2394 1690 2432 utroque
1702 2397 1759 2430 pro
1776 2387 1853 2432 sexu
1858 2388 1911 2434 suo
1918 2391 2065 2435 personas

1175 2436 1414 2472 inhabitantium
1444 2434 1586 2483 eligente.
1614 2438 1705 2473 istud
1737 2439 1796 2473 sub
1818 2439 2000 2476 Alexandri
2022 2443 2069 2477 se-

1175 2487 1275 2521 cundi
1289 2510 1303 2528 ,
1327 2487 1394 2523 hoc
1413 2488 1472 2523 sub
1498 2489 1653 2533 Gregorii
1676 2489 1803 2532 septimi
1826 2491 1954 2534 Papatu
1966 2491 2064 2527 fuisse
2117 2512 2128 2525 ,r

1175 2536 1275 2581 plene
1295 2536 1471 2579 dotatum,
1497 2539 1619 2574 docent
1641 2539 1826 2574 dotationis
1857 2541 2063 2584 diplomata,

1174 2587 1338 2631 publicata
1350 2600 1406 2632 per
1418 2590 1543 2623 Lucam
1565 2586 1772 2634 Dacherium
1792 2590 1829 2625 in
1853 2591 1942 2627 netis
1959 2594 1998 2627 ad
2021 2594 2066 2627 vi-

1173 2648 1240 2672 tam
1254 2637 1362 2672 Sanffl
1376 2640 1555 2675 Lanfranci
1567 2667 1574 2674 .

1222 2688 1317 2721 Scitu
1331 2689 1471 2734 dignum
1482 2691 1527 2724 est
1539 2714 1549 2731 ,
1567 2691 1657 2735 quod
1668 2690 1709 2725 de
1718 2691 1916 2727 Cadomenfi
1928 2693 1967 2726 ad
1984 2694 2045 2726 San
2055 2710 2065 2717 -

1173 2739 1260 2772 &um
1298 2738 1502 2783 Stephanum
1539 2740 1746 2776 Monasterio
1775 2740 1883 2776 scribit
1917 2743 2059 2785 Joannes

1174 2789 1399 2831 Bromptonus
1412 2788 1525 2824 Abbas
1549 2791 1741 2834 Jornalensis
1760 2818 1767 2825 .
1795 2794 1968 2825 Guilielmus
1992 2796 2058 2826 Rex

1175 2844 1207 2872 in
1219 2838 1390 2879 Monasterio
1410 2840 1587 2883 Cadomenfi
1594 2865 1605 2881 ,
1635 2843 1715 2883 quod
1722 2840 1784 2885 ipse
1793 2848 1825 2875 in
1841 2843 1945 2876 honore
1967 2845 2060 2877 Beati

1174 2891 1412 2937 Proto-martyris
1423 2889 1568 2932 stephani
1579 2893 1600 2923 ἃ
1617 2890 1833 2933 fundamenta·
1858 2901 2058 2933 extruxerat,

1172 2940 1207 2974 Θ
1226 2941 1329 2973 multis
1345 2939 1430 2975 bonis
1452 2941 1613 2975 ditaverat
1635 2966 1646 2982 ,
1671 2941 1709 2980 est
1725 2942 1878 2985 sepultus.
1910 2947 1947 2976 In
1968 2946 2055 2985 cujus

2090 1977 2148 2010 Fol.
2161 1989 2174 2010 1
2181 1989 2226 2017 29·

2078 2820 2110 2848 Α·
2131 2830 2215 2856 10771

1167 2988 1321 3032 sepultura
1326 2990 1478 3031 quoddam
1485 2991 1672 3025 memorabile
1680 2991 1784 3033 fertur
1795 2993 1938 3036 contigiffit
1953 3018 1961 3026 .
1972 2997 2053 3027 Cum

1171 3045 1250 3073 enim
1262 3040 1383 3080 expleta
1392 3046 1585 3083 exequiarum
1591 3040 1770 3083 solennitate
1779 3064 1790 3080 ‚
1814 3050 1919 3084 >corpus
1940 3045 2005 3083 ejus
2017 3050 2052 3078 tn

1170 3091 1227 3122 loco
1236 3090 1281 3122 ad
1290 3088 1518 3132 hocpraeparato
1525 3091 1593 3134 effet
1603 3091 1785 3124 condendum
1795 3115 1806 3131 ,
1818 3094 1943 3134 quidam
1959 3101 2051 3134 terri·

1169 3139 1266 3172 biltter
1278 3139 1420 3171 accedens
1431 3164 1441 3180 ,
1469 3145 1689 3182 Omnipotentis
1706 3143 1761 3174 Dei
1779 3148 1894 3175 nomine
1914 3151 2048 3185 praeten-

1169 3197 1198 3221 to
1221 3213 1232 3229 ,
1257 3200 1325 3223 eum
1350 3188 1459 3223 ibidem
1480 3188 1601 3233 sepellri
1623 3189 1772 3232 prohibuit
1781 3216 1791 3233 ‚
1825 3193 1949 3231 dicens:
1975 3196 2048 3228 Ter-

1168 3251 1204 3272 ra
1216 3238 1269 3279 ista
1279 3243 1399 3280 antiquo
1406 3240 1478 3280 jure
1487 3239 1561 3272 mibi
1570 3247 1706 3285 competit
1715 3266 1726 3283 ,
1750 3249 1843 3284 ‘quam
1866 3244 1945 3276 idem
1957 3247 2025 3277 Rex
2034 3266 2046 3283 ,

224 3272 261 3306 di
281 3284 324 3307 ex
344 3285 435 3317 patre
461 3275 626 3334 lloberto.
663 3281 766 3329 Qod
792 3291 899 3317 autem
925 3283 1105 3328 Juditham‚
1168 3291 1240 3322 dum
1270 3287 1477 3329 *Monastertum
1504 3289 1697 3333 construeret,
1732 3293 1875 3326 violenter
1896 3293 1973 3334 ,mibi
1994 3294 2046 3326 ab·

225 3322 320 3382 suam
337 3334 382 3357 ex
404 3325 569 3383 Goisfredi
606 3329 837 3368 Britannorum
862 3332 1005 3369 Comitis
1041 3336 1106 3375 filia
1160 3338 1247 3379 stultt
1263 3363 1274 3379 ,
1298 3349 1350 3372 nec
1358 3350 1487 3382 unquam
1493 3348 1550 3383 pro
1560 3352 1598 3374 ea
1613 3340 1784 3385 satisfecit.
1822 3342 2041 3385 obstupuerunt

226 3370 412 3433 legitimam
438 3375 542 3433 filiam
558 3400 569 3416 ‚
580 3377 758 3435 ‚Balduino
786 3382 925 3418 Barbato
937 3410 947 3426 ‚
961 3385 1106 3421 Insulen-
1164 3399 1264 3422 omnes
1274 3394 1325 3431 qui
1332 3391 1483 3432 aderant,
1508 3391 1608 3424 at‘lum
1624 3391 1804 3436 tranfitoriae
1824 3394 2039 3431 dominationis

221 3420 268 3459 ᾗς
302 3433 385 3467 Ρὲῑῐι
399 3449 412 3467 >
436 3425 607 3464 trad1desst
633 3429 839 3475 Richardus,
863 3433 1011 3480 adeoque
1032 3447 1105 3482 prae-
1162 3437 1378 3481 confideruntes
1390 3464 1402 3482 ‚
1426 3449 1462 3479 at
1472 3443 1615 3485 Princeps
1622 3443 1805 3485 pottffimus,
1831 3448 1884 3485 qut
1895 3450 1959 3474 tam
1972 3440 2036 3480 lat?

1861 3523 1863 3526 ,
1902 3490 1992 3527 domt-
