2352 3736
368 151 469 200 254
674 133 1746 200 SANcr1LeonrsNor-rt‚

297 232 361 266 que
386 221 644 256 Christianarum
677 219 848 254 civitatum
876 217 998 261 lapides
1024 224 1174 251 metuens
1236 228 1355 252 naturae
1377 217 1539 268 rationem
1561 244 1568 252 .
1596 218 1788 259 Ascelinum
1810 249 1822 266 ,
1849 223 1938 269 quod
1960 223 2118 261 Euchari-

297 269 512 316 Berengarius
533 291 543 307 ‚
569 269 679 303 statim
701 264 836 303 tacuerit
852 292 863 308 ,
889 278 988 311 atque
1014 267 1060 301 ita
1086 266 1176 312 flagi·
1234 269 1328 303 stiam
1339 269 1401 302 esse
1413 270 1527 302 verum
1540 269 1681 303 Domini
1694 271 1822 315 Corpus
1845 277 2010 317 affereret,
2038 287 2117 311 una.

296 323 378 358 tiosa
395 320 581 364 pradicatio
592 330 712 363 paucos
726 317 880 352 turbarit.
908 317 1066 352 Tertium
1091 327 1174 352 erro·
1234 331 1297 364 que
1308 317 1475 360 tamquam
1487 329 1553 352 rem
1566 320 1812 363 corruptibilem
1825 323 1861 356 in
1881 324 2031 359 seceffum
2042 327 2116 361 mit-

297 384 364 406 tem
377 367 484 403 lucide
494 370 634 413 exponit
655 369 688 402 in
711 369 766 400 sua
787 368 828 401 ad
841 366 1075 412 Berengarium
1099 368 1179 412 Epi·
1234 379 1315 404 teret
1332 393 1343 409 ,
1369 367 1493 405 dende:
1530 378 1567 403 ut
1577 369 1635 404 fibi
1655 369 1712 414 ipfi
1725 370 1949 407 adversantem
1962 385 1974 406 .-
2001 384 2118 420 nempe

295 420 378 456 stola
398 419 628 454 Adelrnannus
639 417 820 460 Episcopus
831 417 1029 452 Brixienfis:
1056 420 1176 463 spargi·
1234 418 1384 454 credebat
1414 418 1596 455 accidentia
1616 419 1634 454 a
1656 421 1749 464 panis
1781 420 1815 455 &
1838 423 1907 456 vini
1943 422 2118 461 substantia

296 480 345 504 tur
354 468 563 514 usquequaque
578 492 588 508 ‚
613 465 699 509 quasi
713 476 742 500 te
759 467 919 502 abunitate
936 467 1051 512 sanelae
1063 471 1176 502 Matris
1236 472 1297 504 effe
1334 468 1559 513 inseparabilia
1585 495 1592 502 .
1621 470 1724 517 Qod
1760 472 1868 513 postea
1891 472 1954 507 fixit
1977 474 2120 516 palmare

294 517 616 562 Ecclefiaedivulftris,
640 518 722 551 &de
731 521 859 560 Corpore
870 530 905 552 ac
917 522 1065 563 sanguine
1077 522 1177 551 Domi·
1236 519 1433 564 principium
1452 520 1553 554 etiam
1573 520 1711 564 Joannis
1733 521 1894 557 Wicleffi.
1922 523 1966 558 Ec
1992 522 2118 560 hincin

293 576 394 611 mini,
419 570 499 612 quod
516 569 648 610 quotidie
661 572 692 599 in
705 567 847 611 universa
867 568 991 610 Ecclesia
1005 567 1095 612 super
1105 570 1177 602 San·
1237 569 1319 604 libro
1355 569 1397 604 de
1419 568 1537 605 hocce*
1551 570 1738 605 admirabili
1770 573 1983 608 Sacramento
2009 573 2121 609 scribit

294 621 373 654 tium
396 622 498 652 Altare
520 620 709 659 immolatur,
734 620 823 652 aliter
834 621 928 662 quam
932 618 1008 662 fides
1024 618 1177 652 catholiea
1237 622 1369 655 Sanstus
1382 619 1580 654 Anseimus:
1606 623 1808 664 Romndttas,
1836 623 1963 664 albedo,
1982 620 2121 666 fimilitu-

294 680 398 705 teneat
409 694 419 709 ‚
437 667 550 712 sentire
563 670 717 703 videaris.
742 671 799 702 Hoc
818 670 857 710 est
868 694 879 711 ‚
904 680 938 703 ut
958 671 1071 703 illorum
1091 671 1127 701 de
1149 679 1178 702 te
1235 675 1272 704 do
1284 671 1337 703 illa
1345 675 1459 713 panis,
1486 682 1554 714 quae
1564 676 1597 703 in
1608 673 1708 705 Altart
1722 679 1821 706 carnis
1829 673 1864 717 se
1876 675 1968 708 oculis
1980 679 2092 719 ingerit
2104 698 2118 714 ,

291 721 383 753 diliis
406 729 499 760 utar,
525 731 583 752 non
603 718 656 762 effe
667 730 774 752 verum
786 723 902 761 Corpus
924 720 1036 760 christi
1048 742 1058 758 ,
1084 730 1176 761 neque
1230 729 1288 763 per
1308 719 1343 764 se
1364 720 1517 764 inspec‘la,
1547 733 1604 754 non
1629 721 1667 762 est
1678 726 1794 765 Corpus
1819 727 1959 758 Domini.
1982 725 2044 759 Sed
2054 725 2120 758 ci‘cm

291 782 398 804 verum
417 773 599 815 Sanguinem
620 794 630 811 ,
653 767 711 812 sed
724 769 854 813 figuram
876 772 1032 813 quandam
1053 772 1087 804 (5
1098 768 1175 811 fimi·
1235 772 1299 815 effer
1318 773 1463 814 quiddam
1481 777 1575 814 priori
1587 770 1700 813 fimile,
1726 774 1763 806 id
1778 773 1816 813 est
1829 798 1840 814 ,
1861 780 1940 816 pani
1964 774 2119 808 inhaerens·

289 821 451 855 Iitudinem
474 846 481 854 .
508 821 553 854 Et
574 820 709 853 Sanetus
731 821 934 855 Lanfrancus
958 833 965 852 ε
992 823 1175 854 Sententiam
1235 822 1291 855 vel
1307 823 1461 863 accidens,
1492 827 1639 865 migrante
1660 828 1693 856 in
1706 826 1890 859 Dominicum
1911 829 2028 868 corpus
2048 823 2122 867 sub-

290 883 351 915 qua
356 880 470 914 panem
491 876 525 903 in
536 881 642 904 veram
664 869 774 912 Christi
790 875 941 912 Carnem,
969 872 1120 904 &vinum
1141 875 1174 903 in
1228 871 1370 912 stantia,
1395 878 1441 906 cui
1464 872 1632 907 inbaerebat
1650 897 1662 914 ,
1686 873 1823 916 remanfit
1848 876 1894 908 ad
1907 874 2117 920 peragendum

1218 909 1309 964 ¹sacri
1332 921 1496 963 institutum
1520 921 1646 961 Mysierii
1664 949 1671 956 .
1699 925 1795 967 ,Quod
1814 926 1935 967 quidem
1956 921 1995 967 est
2018 924 2121 969 visum

1233 980 1335 1005 contra
1343 978 1485 1006 rationem
1496 977 1588 1005 omnis
1600 975 1761 1008 mundanae
1768 973 1928 1018 sapientiae
1941 1000 1952 1016 ,
1979 975 2122 1020 utsubla-

1235 1020 1440 1065 tasubstantia
1461 1023 1594 1054 accidens
1613 1021 1767 1065 subfistat,
1788 1022 1843 1067 sed
1850 1025 1906 1069 legi
1928 1035 2047 1060 naturae
2059 1036 2120 1059 nm

1230 1071 1364 1116 subjacet
1386 1075 1468 1105 Deus
1481 1094 1492 1111 ,
1517 1074 1576 1104 imi
1595 1071 1679 1112 ipfias
1689 1074 1763 1116 legis
1785 1075 1834 1107 Iex
1857 1074 1914 1115 est.
1942 1076 2119 1121 lnfignitet

1235 1124 1268 1156 &
1290 1121 1470 1156 multifarie
1494 1121 1661 1155 veritatem
1673 1120 1758 1155 hanc
1778 1124 1975 1166 confirmat,
1999 1124 2119 1159 diserte

1234 1172 1369 1206 astetens
1397 1173 1428 1206 se
1439 1181 1534 1216 agere
1546 1171 1697 1205 adversus
1708 1171 1912 1208 mundanam
1926 1175 2121 1218 sapientiam

1237 1223 1422 1267 Berengarii
1446 1221 1665 1255 Turonensis.

1286 1273 1410 1308 Verum
1438 1271 1587 1317 adjungit
1611 1286 1623 1306 .-
1651 1274 1746 1305 Panis
1763 1272 1959 1317 substantiam
1975 1274 2038 1318 pst
2058 1278 2122 1308 Do-

290 933 397 955 verum
418 920 527 962 Christi
540 923 719 964 Sanguinem
739 925 871 954 converti
882 923 1030 955 credimus
1044 945 1055 961 ,
1079 930 1174 954 vecor-

289 975 375 1006 diam
399 977 533 1004 nominas
555 996 562 1003 .
591 970 733 1004 Domini
758 970 889 1014 Corpus
915 972 949 1006 &
970 971 1173 1015 Sanguinem

288 1021 376 1058 dixit
389 1023 451 1056 effe
463 1021 747 1065 incorruptibilia,
772 1021 912 1064 ideoque
936 1023 968 1055 in
990 1021 1173 1054 Sacramen-

289 1082 327 1106 (ο
354 1084 414 1106 nec
425 1072 479 1106 edi
500 1071 587 1115 poste
598 1083 659 1106 nec
670 1071 776 1115 frangi
790 1097 797 1103 .
826 1071 926 1105 Varia
950 1072 1108 1106 sacrarum
1123 1069 1174 1105 lit-

289 1131 429 1156 terarum
441 1148 451 1162 ‚
477 1122 511 1156 ὅ(
523 1123 706 1157 sanstorum
721 1122 853 1156 Parrum
866 1147 876 1163 ,
907 1120 1086 1167 Augustini
1100 1132 1174 1164 prae-

286 1173 397 1206 sertim
417 1173 450 1206 &
470 1172 658 1214 Ambrosii,
682 1172 841 1218 congesfir
866 1172 960 1212 loca,
986 1171 1172 1212 truncavit,

292 1225 326 1257 ὅ(
341 1222 427 1256 varie
450 1223 564 1257 vitiata
588 1223 738 1265 detorfir,
764 1224 811 1257 eis
832 1221 1044 1265 ineptiffirnas
1055 1231 1095 1256 ex
1107 1233 1172 1255 car-

291 1273 422 1307 nalibus
442 1271 735 1316 Capharnaitarum
759 1273 800 1310 de
810 1273 965 1308 Domino
988 1270 1169 1318 suspicioni·

290 1323 351 1358 bus
371 1324 559 1366 desumptas
577 1324 778 1358 ratiunculas
799 1322 951 1365 adJunxit
975 1346 986 1362 ,
1012 1332 1111 1365 atque
1131 1333 1169 1356 ex

287 1374 356 1408 illis
377 1374 619 1407 sacrosanctum
639 1373 884 1409 Sacramentum
895 1374 957 1408 esse
970 1373 1096 1414 solam,
1120 1383 1169 1406 ex·

288 1425 378 1459 clusa
400 1424 499 1458 etiarn
513 1425 758 1467 impanatione,
787 1423 977 1458 Dominicae
988 1423 1171 1457 substantiae

287 1474 426 1519 figuram
444 1484 547 1507 caecus
570 1485 607 1508 ac
619 1472 736 1508 infelix
746 1473 919 1509 conclusit.
947 1474 992 1509 Et
1013 1471 1097 1507 hanc
1108 1474 1170 1507 effe

287 1525 396 1559 Sancti
424 1522 571 1557 fulberti
603 1523 798 1558 sententiam
823 1549 833 1564 ,
859 1524 893 1557 δε
919 1524 964 1557 ita
988 1524 1018 1555 se
1038 1523 1080 1557 ab
1102 1524 1169 1568 ipso

285 1572 435 1609 didiciffe
455 1598 466 1614 ,
494 1573 631 1609 scribere
651 1585 720 1609 non
737 1573 865 1608 erubuit
887 1573 927 1608 ad
947 1573 1056 1606 nescio
1070 1583 1166 1615 quem

285 1624 496 1660 Richardum
506 1650 513 1657 .
543 1623 651 1659 Addit
674 1626 710 1659 in
724 1625 838 1659 eadem
850 1623 997 1666 Epistola
1011 1621 1052 1656 de
1061 1622 1170 1666 Magi-

285 1674 353 1710 stro
377 1675 555 1710 Ascelino:
582 1677 675 1708 Beati
694 1673 844 1718 Augustini
863 1673 957 1705 verba
980 1673 1024 1704 ad
1029 1677 1169 1713 pravita-

283 1734 349 1758 tem
367 1723 413 1767 sui
426 1730 534 1758 erroris
556 1725 727 1766 detorquere
748 1735 806 1756 non
819 1727 919 1755 timuit
931 1746 941 1762 ,
960 1720 1033 1763 ficut
1045 1723 1169 1762 quidam

281 1779 492 1817 compatriota
510 1773 590 1806 illius
603 1798 613 1813 ,
640 1779 689 1816 qui
708 1775 793 1814 apud
804 1772 976 1805 Paravium
986 1777 1063 1804 inter
1076 1770 1169 1814 discu-

282 1832 394 1858 tientes
411 1826 535 1859 eandem
546 1824 626 1857 beati
638 1823 787 1866 Augustini
791 1821 971 1865 sententiam
984 1845 993 1861 ,
1016 1820 1093 1854 banc
1107 1833 1169 1855 con-

278 1875 431 1917 jeeiuram
451 1886 510 1907 non
531 1873 569 1914 est
587 1872 724 1916 confusus
751 1873 864 1913 inferre
886 1884 894 1914 ;
926 1871 1074 1912 Propheta
1095 1872 1168 1904 dicit

286 1924 489 1967 eranfitorium
499 1926 721 1957 Sacramentum
730 1948 739 1964 ‚
767 1925 846 1966 quod
852 1931 904 1963 per
911 1921 1016 1963 fauces
1031 1921 1170 1963 transiret

285 1982 470 2008 inventrem
485 1995 492 2002 ·
521 1975 564 2007 Et
581 1973 613 2005 in
628 1972 773 2015 Epistola
786 1971 825 2006 ad
838 1973 942 2015 ipsum
955 1970 1168 2006 Ascelinum:

284 2028 374 2068 Sapis
386 2033 490 2058 contra
510 2036 610 2056 omnes
633 2032 753 2055 naturae
774 2028 922 2062 rationes,
949 2031 1050 2055 contra
1062 2025 1172 2055 Evan-

280 2076 408 2118 gelicam
429 2076 464 2108 &
479 2071 868 2116 apostolicamsententiam,
888 2070 918 2112 fi
934 2083 1000 2105 cum
1022 2070 1171 2114 Paschafio

279 2124 364 2169 sapis
377 2131 409 2158 in
419 2137 451 2160 eo
460 2127 540 2167 quod
544 2123 623 2168 solus
629 2123 683 2165 fibi
691 2122 830 2166 confingit
841 2124 1027 2154 sacramento
1038 2123 1169 2154 Domini-

285 2183 310 2209 rri
323 2181 461 2219 Corporis
476 2177 616 2209 decedere
637 2176 755 2205 omnim)
762 2178 856 2214 panis
875 2171 1085 2214 substantiam.
1114 2172 1169 2205 Ad

1236 1331 1336 1358 minici
1363 1328 1506 1366 Corporis
1529 1321 1772 1365 consecran'onem
1798 1330 1830 1358 in
1856 1327 1953 1359 altari
1974 1324 2120 1370 supereffo

1229 1375 1346 1418 semper
1359 1373 1497 1407 abhoruit
1505 1378 1606 1415 pietas
1622 1372 1793 1413 Christiana
1802 1400 1812 1415 ,
1835 1383 1983 1418 nuperque
1992 1376 2119 1409 damna·

1234 1431 1282 1458 vit
1305 1431 1337 1458 in
1360 1427 1539 1467 Berengario
1564 1434 1599 1456 ac
1617 1424 1681 1463 ejus
1699 1423 1892 1467 sequacibus.
1921 1430 2008 1459 Nam
2026 1423 2054 1466 fi
2068 1424 2120 1459 boe

1234 1476 1442 1508 admitteretur
1454 1499 1463 1514 ‚
1482 1475 1555 1515 jam
1567 1473 1692 1507 verbum
1705 1486 1763 1507 non
1773 1481 1963 1509 incarnatum
1979 1475 2100 1510 tamum
2107 1498 2121 1515 ,

1230 1524 1391 1567 sedetiam
1408 1549 1416 1563 ,
1438 1523 1466 1564 fi
1483 1525 1547 1557 dict
1557 1523 1651 1565 potest
1662 1548 1672 1564 ,
1701 1530 1887 1567 Impanatum
1911 1528 2074 1567 diceretur,
2094 1522 2125 1567 fi

1225 1573 1295 1615 ficut
1318 1575 1362 1606 ill}
1390 1573 1530 1606 dicebant
1543 1598 1552 1612 ,
1571 1580 1666 1614 panis
1681 1573 1723 1614 fic
1745 1581 1776 1606 in
1789 1580 1906 1618 Corpus
1931 1579 2122 1615 Dominicum,

1234 1623 1369 1666 tranfiret
1383 1648 1393 1663 ,
1408 1632 1442 1656 ut
1456 1632 1555 1655 tamen
1565 1629 1660 1665 panis
1674 1623 1726 1666 esse
1736 1635 1794 1657 non
1804 1625 1943 1667 defini-ret
1953 1651 1961 1658 .
1987 1623 2116 1661 Lucid&

1233 1684 1346 1707 contra
1370 1684 1431 1707 nos
1462 1673 1599 1706 affirmat
1620 1673 1637 1706 a
1651 1672 1847 1718 Berengario
1858 1676 2118 1721 dogmatizatam

1234 1724 1327 1757 fuisse
1361 1733 1429 1755 non
1454 1722 1554 1755 solam
1567 1723 1732 1766 figuram,
1759 1725 1811 1758 sed
1837 1726 2114 1769 impanationem.

1236 1772 1435 1818 Respondeo
1449 1782 1522 1806 cum
1536 1772 1652 1805 saneto
1665 1772 1895 1808 Guitmundo:
1910 1780 1984 1808 Non
2002 1787 2118 1816 omnes,

1234 1829 1283 1866 qui
1295 1824 1331 1856 de
1343 1822 1405 1863 istis
1416 1823 1617 1855 sacramentis
1627 1831 1731 1855 errant
1741 1847 1752 1863 ,
1779 1826 1841 1857 una
1857 1826 1997 1858 incedunt
2005 1832 2061 1858 via
2071 1836 2116 1858 er-

1234 1880 1326 1906 roris.
1355 1877 1443 1906 Nam
1455 1874 1673 1915 Berengartani
1685 1883 1784 1906 omnes
1806 1876 1926 1915 quidem
1947 1881 1980 1908 in
1990 1875 2042 1909 hoc
2053 1887 2116 1910 con·
2135 1883 2199 1916 fib,
2219 1893 2246 1922 3,

1235 1930 1361 1958 veniunt
1374 1948 1384 1964 ,
1410 1927 1579 1965 quiapanis
1606 1923 1639 1955 (ν’
1652 1926 1757 1954 vinum
1773 1925 1960 1964 essentialiter
1984 1937 2041 1959 non
2054 1938 2121 1960 mu·

1233 1983 1362 2015 tantur,
1386 1971 1439 2015 sed
1449 1982 1482 2004 ut
1502 1981 1674 2014 extorquere
1697 1970 1903 2015 &quibusdam
1910 1980 2017 2015 potui,
2044 1976 2119 2009 mul-

1233 2026 1340 2058 tumin
1355 2020 1574 2062 hecdifferunt,
1600 2021 1831 2064 quodaliinibil
1842 2028 1958 2057 omnino
1982 2025 2021 2058 de
2044 2029 2119 2058 Cor-

1232 2084 1304 2117 pore
1331 2072 1518 2116 &sanguine
1530 2075 1649 2104 Domini
1662 2074 1861 2106 Sacramentir
1875 2073 1936 2114 ifh's
1946 2074 2030 2118 ineffit
2041 2099 2052 2115 ,
2059 2073 2118 2118 sed

1232 2124 1437 2158 tantummodo
1452 2122 1576 2155 umbras
1589 2121 1651 2155 haec
1661 2123 1694 2155 Θ·
1701 2120 1816 2166 figuras
1830 2124 1882 2166 effe
1905 2126 2009 2158 dicunt
2021 2150 2028 2157 .
2058 2126 2119 2158 Alii

1233 2177 1303 2208 vero
1318 2174 1403 2206 reHis
1430 2171 1563 2213 Ecclelt'ae
1577 2172 1745 2205 rationibus
1766 2175 1921 2213 cedentes,
1947 2186 1997 2209 nec
2016 2184 2118 2209 tamen

286 2239 358 2269 quae
381 2226 554 2260 Ascelinus
575 2223 743 2267 respondit
757 2247 764 2254 .
791 2227 941 2256 Caeterum
964 2232 1028 2254 cum
1039 2220 1171 2263 Pascha·
1235 2227 1253 2256 ἃ
1261 2223 1390 2265 stultitia
1402 2224 1570 2256 recedentes
1586 2246 1596 2262 ‚
1625 2231 1659 2255 ut
1671 2221 1755 2264 quafi
1759 2225 1858 2266 aliquo
1877 2226 1961 2258 modo
1972 2224 2118 2268 nobiseum

281 2276 343 2319 Jto,
368 2274 490 2318 aliisque
512 2274 673 2308 Catholicis
697 2285 754 2306 non
771 2271 869 2315 solum
880 2270 966 2315 sapio
981 2296 991 2311 ,
1012 2270 1170 2315 sedetiam
1189 2308 1192 2327 ι
1235 2277 1285 2318 effi
1300 2275 1484 2313 videantur,
1510 2274 1614 2305 dicunt
1624 2272 1666 2304 ibi
1678 2276 1791 2314 Corpus
1818 2275 1852 2308 (²5
1866 2273 2045 2319 sanguinem
2057 2278 2117 2309 Do.

286 2325 630 2368 venerorl'tamplec‘ior
643 2335 746 2357 verum
755 2327 870 2365 Corpus
884 2346 895 2363 ,
919 2333 1082 2364 verumque
1097 2325 1193 2400 san-1
1238 2331 1310 2358 mini
1335 2334 1444 2358 revera
1457 2347 1468 2364 ‚
1487 2321 1547 2366 sed
1571 2323 1701 2356 latenter
1724 2329 1887 2364 contineri,
1913 2328 1948 2359 ὁ·
1982 2334 2015 2359 ut
2036 2324 2119 2368 sumi

283 2384 404 2421 guinem
426 2375 535 2418 Christi
559 2377 578 2407 ti
589 2373 728 2416 fidelibus
749 2379 781 2405 in
806 2375 903 2407 Altari
915 2372 997 2416 sumi
1013 2371 1068 2415 sub
1075 2371 1171 2416 specie
1234 2376 1315 2417 poffit
1338 2399 1347 2414 ‚
1374 2373 1610 2416 quodammodo,
1635 2380 1669 2405 ut
1694 2378 1739 2406 ita
1763 2375 1915 2414 dixerim,
1943 2380 2116 2417 impanari.

284 2434 378 2469 panis
400 2429 434 2461 (Ὗ
456 2431 540 2459 vini.
569 2427 630 2458 Sed
650 2436 742 2466 neque
763 2422 815 2455 hoc
838 2449 848 2464 ‚
874 2431 907 2456 ut
931 2423 1007 2456 dicis
1031 2448 1040 2462 ,
1066 2431 1169 2456 contra
1188 2404 1192 2463 i
1238 2429 1282 2458 Et
1292 2424 1370 2458 hanc
1381 2423 1469 2465 ipsius
1481 2425 1656 2466 Berengarii
1660 2421 1844 2465 subtiliorem
1862 2425 1915 2469 effe
1930 2424 2115 2468 sententiam

290 2485 407 2510 naturae
429 2483 562 2509 rationes
573 2487 640 2519 ago.
671 2479 777 2515 Neque
789 2479 868 2506 enim
880 2474 971 2505 aliud
978 2481 1117 2505 naturam
1127 2467 1193 2514 tii-3,
1235 2478 1338 2517 ajunt.
1368 2476 1427 2507 Alii
1450 2476 1520 2507 vero
1549 2484 1605 2506 non
1635 2474 1756 2514 quidem
1773 2476 1845 2514 jam
1872 2478 2090 2519 Berengariani
2101 2498 2115 2515 ‚

291 2534 387 2560 xerim
401 2551 410 2566 ‚
437 2529 527 2568 quam
551 2530 608 2558 Dei
620 2525 823 2557 voluntatem.
855 2526 947 2556 Porro
960 2525 1101 2556 voluntas
1115 2518 1191 2555 Deii
1233 2523 1292 2568 sed
1313 2525 1453 2558 acerrima?
1480 2525 1662 2566 Berengario
1686 2531 1905 2566 repugnantes,
1929 2530 2115 2567 argumentis

292 2588 357 2611 ram
377 2577 477 2618 efficax
500 2574 537 2614 est
562 2577 595 2608 ⁴&
607 2580 789 2615 omnipotens
810 2597 821 2612 ,
848 2581 883 2605 ut
902 2574 966 2612 eius
988 2573 1062 2606 velle
1076 2571 1171 2614 fidum
1234 2586 1337 2609 tamen
1354 2576 1418 2615 eius
1431 2599 1441 2614 ,
1467 2574 1501 2607 o·
1514 2570 1688 2614 quibusdam
1709 2573 1807 2605 verbis
1821 2576 1942 2606 Domini
1958 2572 2116 2616 paulisper

287 2627 355 2670 fieri
367 2626 406 2669 fit
424 2652 432 2659 .
459 2622 838 2659 Transubstantiationis
857 2621 1099 2665 poffibilitatem
1135 2634 1172 2655 ac
1236 2624 1334 2667 offensi
1343 2623 1479 2667 solebant
1498 2624 1566 2655 olim
1582 2630 1707 2663 putare,
1736 2624 1818 2663 quod
1834 2629 1925 2664 panis
1952 2625 1986 2656 ὠ*
2006 2630 2116 2657 vinum

294 2678 463 2712 veritatem
502 2674 636 2709 nervose
665 2671 865 2707 demonstrat
882 2695 892 2710 ‚
917 2673 951 2705 ἀ
985 2672 1170 2706 concludit:
1234 2688 1272 2709 ex
1291 2683 1382 2717 parte
1407 2681 1552 2706 mutentur
1567 2696 1576 2711 ‚
1603 2673 1637 2704 (γ
1657 2678 1793 2712 exparte
1814 2682 2004 2706 remaneant.
2030 2674 2111 2707 Aine

294 2734 368 2763 Haec
391 2726 446 2760 tibi
468 2726 601 2759 breviter
624 2723 840 2767 responderim,
867 2721 1018 2762 ostendens
1041 2734 1088 2755 me
1107 2733 1172 2754 cum
1215 2713 1302 2768 [vero
1313 2722 1543 2758 irrationabilem
1556 2720 1668 2760 illorum
1676 2719 1797 2763 sensum
1817 2723 1901 2766 longe
1929 2721 2114 2757 abhorrenti-

295 2776 446 2822 Paschasio
469 2787 561 2819 neque
571 2782 672 2808 contra
694 2783 810 2806 naturae
825 2777 978 2812 rationes,
1005 2783 1098 2815 neque
1106 2783 1170 2805 con·
1215 2769 1309 2815 flues,
1330 2773 1497 2819 sedeadem
1519 2770 1612 2803 verba
1626 2774 1769 2810 Domini,
1794 2772 1903 2814 quibus
1925 2772 1970 2812 isti
1991 2785 2116 2807 moven-

292 2839 343 2861 rra
366 2829 582 2870 Evangelicom
605 2826 638 2858 (θ’
651 2823 836 2867 Apostolicam
852 2821 957 2865 sapere
971 2820 1170 2865 sententiam.
1215 2811 1283 2859 itur
1297 2849 1307 2864 ,
1334 2834 1391 2856 non
1403 2820 1485 2866 satis
1508 2822 1581 2863 apt?
1594 2821 1846 2864 intelligentibus,
1873 2822 2034 2857 videbatur
2053 2831 2113 2865 pa-

293 2878 386 2913 Tota
407 2880 493 2911 inter
516 2876 749 2919 Berengarium
774 2873 808 2906 &
822 2872 1014 2907 Ascelinum
1037 2872 1171 2915 quaestio
1215 2856 1299 2913 inem
1324 2875 1472 2908 &vinum
1484 2882 1522 2905 ex
1535 2879 1594 2903 toto
1604 2873 1725 2913 quidem
1736 2879 1868 2913 mutari,
1890 2871 2020 2916 sedcum
2030 2874 2112 2905 indi·

294 2939 360 2962 erat
371 2929 508 2972 eaipsa,
533 2937 602 2970 quae
623 2926 706 2958 olim
727 2925 811 2957 inter
824 2924 981 2967 Joannem
995 2921 1171 2965 Erigenam
1215 2920 1218 2943 ³
1228 2932 1285 2972 gni
1297 2926 1440 2958 accedunt
1463 2923 1507 2954 ad
1515 2923 1785 2955 communicandum
1796 2927 1927 2956 Carnem
1939 2926 2058 2955 Domini
2076 2923 2113 2956 θ

295 2979 328 3010 &
348 2976 581 3013 venerabilem
610 2973 817 3008 Paschafium
850 2972 1045 3006 Ratbertum
1068 2973 1171 3005 fuerat
1216 2978 1413 3018 sanguinem
1442 2997 1451 3012 ,
1476 2978 1586 3005 iterum
1605 2977 1637 3004 in
1655 2979 1767 3013 panem
1793 2974 1828 3007 o·
1849 2976 1956 3015 ¹uinum
1977 2977 2108 3005 reverti.

295 3028 438 3068 agitata.-
466 3028 522 3061 An
547 3028 638 3070 panis
659 3026 692 3059 &
714 3025 828 3058 vinum
845 3024 913 3057 sola
936 3021 1054 3056 verbali
1077 3021 1172 3056 bene·
1216 3022 1548 3068 {Subtilioremistam
1560 3022 1962 3057 sententiammediointer
1973 3023 2111 3056 suamde

287 3074 438 3110 rdiaione
455 3077 488 3109 in
511 3079 614 3111 solam
628 3073 799 3109 Dominici
816 3073 974 3116 Corporis
992 3072 1025 3105 &
1039 3072 1173 3116 Sangui·
1216 3070 1218 3119 Ι
1234 3074 1443 3109 Eucharistiae
1455 3073 1589 3107 veritate
1611 3072 1644 3106 in
1658 3072 1808 3106 Romana
1821 3071 1953 3105 Nicoiai
1976 3072 2110 3106 secundi

293 3125 349 3157 nis
368 3126 637 3160 Sacramentalem
658 3127 795 3170 figuram
817 3149 827 3164 ‚
853 3134 894 3156 an
919 3133 973 3166 per
993 3122 1115 3156 realem
1137 3123 1170 3156 &
1215 3121 1403 3160 IPontificis
1423 3121 1561 3167 Synodo
1586 3122 1764 3157 solemnem
1786 3122 2011 3164 profeffionern
2035 3146 2046 3162 ,
2072 3134 2111 3156 ac

294 3175 641 3210 transelementarivam
664 3174 942 3209 consecrationem
975 3172 1010 3206 in
1031 3173 1171 3216 ipsorum
1215 3164 1376 3220 lejusdern
1398 3173 1603 3209 manifestam
1630 3172 1765 3206 revelata
1785 3172 1867 3204 facie
1881 3172 2112 3215 praevaricatio-

287 3222 538 3257 *substantialem
574 3226 743 3258 veritatem
771 3225 1046 3258 sancrificarenrur
1074 3223 1091 3255 ?
1126 3223 1169 3256 Et
1235 3237 1308 3260 nem
1345 3235 1494 3269 tempore
1532 3221 1704 3257 adinvenit
1739 3220 1954 3265 Berengarius
1991 3247 1998 3253 .
2033 3221 2110 3254 Pro-

296 3273 447 3317 Erigenae
468 3272 548 3306 adeo
567 3275 770 3315 pertinaciter
791 3272 1165 3318 adhaesstBerengarius‚
1233 3277 1400 3311 feffionem
1429 3274 1521 3308 istam
1548 3270 1732 3306 erubescens
1757 3281 1924 3306 revomere
1937 3296 1948 3312 ‚
1972 3272 2008 3305 δε
2025 3271 2110 3304 acci-

296 3333 335 3355 ut
358 3320 610 3355 Eucharisticam
634 3324 800 3355 veritatem
813 3325 876 3357 esse
899 3322 996 3356 solius
1007 3322 1166 3357 Paschafii
1233 3327 1382 3361 dentium
1409 3325 1426 3358 ᾗ
1441 3324 1532 3367 panis
1557 3321 1590 3354 &
1609 3318 1865 3355 vinisubstantia
1893 3319 2110 3364 separabilita-

296 3383 524 3407 commentum
544 3371 698 3414 garriret,
723 3373 784 3404 effe
804 3383 919 3405 contra
932 3373 1167 3416 Evangelicum
1232 3387 1298 3410 tem
1315 3377 1429 3410 nolens
1439 3372 1528 3406 fateri
1542 3367 1721 3412 poffibilem
1734 3395 1744 3409 ,
1774 3371 1879 3414 lapsus
1901 3370 1946 3403 est
1960 3370 1993 3402 in
2008 3368 2110 3411 impa-

295 3426 437 3472 dogma,
462 3430 579 3461 contra
602 3418 734 3457 Patrurn
753 3420 954 3463 doctrinam,
980 3434 1018 3457 ac
1034 3433 1169 3457 omnem
1211 3427 1420 3505 lnationem:
1447 3427 1486 3458 Ut
1508 3429 1564 3463 per
1588 3426 1700 3462 panem
1726 3422 1761 3457 ὢ·
1782 3427 1887 3455 vinum
1897 3423 1975 3453 Caro
1998 3417 2110 3459 Christi

1950 3470 2061 3508 comedi

928 3575 943 3622 s
