2352 3736
78 434 139 464 Lib.
168 443 199 464 1.

81 475 156 513 Cap.
169 484 182 504 J
189 482 215 510 3.

55 2280 129 2318 Cap.
137 2286 172 2311 6.

466 33 498 95 ἐ

559 94 589 124 D
625 97 648 124 E

252 266 365 301 retulit
376 263 416 297 ad
429 263 560 297 fratrem
584 264 679 297 suum
692 264 858 299 Leonem.

304 317 348 350 Et
358 313 588 348 difficultatem
609 314 709 348 etiarn
722 314 847 358 sapiens
860 313 1017 358 Princeps
1040 325 1140 359 agno-

253 366 303 399 vit
312 388 323 405 ,
348 364 515 399 novellam
528 365 620 400 suam
631 364 760 409 Legem
776 366 921 408 praesatus
934 378 945 398 .·
957 367 1051 409 ,Quod
1059 368 1139 399 Bea-

253 417 351 449 titudo
370 425 425 448 tua
433 413 562 457 postulat
573 439 584 455 ,
608 417 630 447 a*
640 414 725 448 vobis
734 416 892 457 procedere
904 416 997 457 quam
1023 418 1044 448 ἃ
1055 416 1137 448 nobis

250 471 391 512 originem
395 464 512 509 sumere
533 466 568 499 Θ
575 463 719 508 proficisci
730 487 741 504 ,
765 471 878 507 aequius
893 464 1001 506 fuerat
1010 490 1017 497 .
1046 468 1094 498 De
1108 476 1138 498 re

253 523 333 551 enim
338 515 428 560 sacra
437 515 635 550 Sant‘litatem
646 523 731 549 tuam
742 513 858 557 sancire
869 515 1022 557 oportebat
1030 540 1037 546 .
1055 515 1136 550 Suos

250 567 437 602 infantulos
449 577 519 600 non
528 565 637 600 statim
649 564 810 608 baptizare
818 589 830 606 ‚
858 564 910 599 sed
920 565 960 599 ad
980 564 1135 607 majuscu-

251 618 320 652 lam
332 641 343 658 ,
368 628 439 660 quae
451 615 653 651 Sacramenti
677 614 776 649 ritum
790 628 828 650 ac
839 616 988 649 effectum
1009 624 1132 648 utcum-

252 679 317 710 que
329 667 424 710 poffit
447 677 560 709 capere
573 689 585 705 ,
609 674 734 700 aetatem
746 666 849 699 Graeci
871 666 974 701 solent
984 661 1112 698 differre
1126 689 1131 696 .

252 718 347 751 Hinc
356 717 446 751 enim
458 715 601 750 desemet
613 715 681 760 ipso
691 715 802 750 scribit
816 715 931 749 Petrus
941 713 1105 747 Arcudius
1121 728 1131 749 :

249 770 318 811 Ego
328 792 339 808 ,
365 767 483 809 quando
497 766 639 807 lustratus
670 765 724 809 fui
735 790 747 806 ‚
767 764 907 807 ejusmodi
917 768 1018 799 aetatis
1028 774 1108 797 eram
1122 788 1132 805 ‚

250 826 284 850 ut
304 818 401 859 plane
425 822 607 850 meminerim
629 841 636 847 .
661 815 808 858 Ipsorum
831 825 942 848 tamen
967 813 1130 848 Eucholo-

249 868 331 911 gion
346 866 442 901 habet
453 865 543 900 hunc
553 865 687 899 titulum
698 877 709 898 .·
734 867 839 897 oratio
858 865 904 896 ad
915 863 1132 907 crucesignan-

249 919 325 950 dum
331 924 456 959 puerum
465 938 477 954 ‚
491 913 698 958 fitscipientem
710 924 813 947 nomen
822 913 930 947 octava
940 915 989 946 die
999 938 1007 945 .
1036 915 1131 948 octa-

248 977 290 1000 va
311 963 491 1000 nativitatis
510 962 566 998 die
589 965 827 998 consueverunt
852 962 1032 997 infantulos
1057 965 1130 998 suos

247 1015 351 1049 facere
370 1011 647 1051 catechumenos,
673 1013 709 1049 &
720 1012 792 1055 ipfis
804 1024 927 1047 nomen
944 1013 1111 1056 imponere
1123 1039 1130 1046 .

246 1064 293 1098 Et
304 1063 453 1098 laudatus
475 1061 593 1097 titulus
608 1060 710 1097 habet
732 1061 819 1097 hanc
836 1063 1104 1098 subnotationem
1119 1078 1129 1098 .-

249 1112 477 1157 Observandum
488 1136 499 1152 ,
525 1111 638 1155 quodsi
645 1121 732 1146 natus
751 1121 828 1155 puer
844 1118 986 1157 graviter
999 1112 1132 1156 infirma-

246 1173 295 1197 tus
306 1166 352 1197 lac
362 1161 515 1206 nonsugat
524 1187 536 1203 ‚
564 1164 599 1196 ἐν
608 1164 652 1196 ad
658 1168 812 1197 interitum
822 1173 932 1207 vergat
941 1188 951 1204 ‚
979 1165 1063 1197 nulla
1074 1175 1131 1196 mo-

246 1227 284 1248 ra
302 1213 454 1248 trahenda
475 1212 614 1254 estJ'uxtd
632 1224 683 1247 eos
695 1237 706 1254 ,
726 1219 778 1256 qui
799 1219 834 1248 in
840 1211 961 1257 sextam
990 1223 1044 1247 aut
1054 1213 1130 1246 otta-

245 1276 319 1298 vam
339 1266 418 1297 diem
438 1261 619 1307 baptismum
631 1264 829 1306 reponendum
845 1264 975 1308 afferunt
987 1288 998 1304 ‚
1020 1262 1046 1307 s
1042 1264 1083 1296 ed
1092 1275 1126 1298 ea

243 1325 304 1356 qua
322 1323 413 1347 natus
433 1313 470 1354 est
491 1312 588 1354 hora,
606 1312 637 1357 fi
653 1315 738 1348 modo
759 1313 877 1348 ablutus
893 1339 904 1356 ,
932 1313 971 1354 est
992 1316 1128 1347 continuo

242 1364 465 1406 baptizandus,
492 1376 529 1398 ne
539 1375 597 1398 non
608 1365 799 1399 illuminatus
815 1365 954 1399 decedat.
983 1365 1058 1398 Eos
1069 1363 1125 1408 qui

242 1426 306 1449 nec
316 1426 358 1448 ex
368 1424 458 1449 tanta
471 1414 656 1450 necessitate
678 1414 755 1450 ante
765 1416 915 1449 ocstavum
927 1424 984 1449 aut
999 1416 1126 1448 sextum

242 1464 333 1499 diem
343 1465 520 1500 censebant
532 1463 767 1509 baptizandum
781 1490 793 1507 ,
819 1466 1002 1508 improbat,
1027 1473 1126 1508 atque

242 1515 289 1549 ita
300 1516 443 1549 insinuat
464 1515 562 1549 istum
571 1526 715 1551 errorem
739 1525 820 1550 tunc
831 1513 984 1549 adhucin
1000 1513 1124 1546 Graecia

242 1564 379 1610 viguiffe
391 1590 399 1598 .
425 1564 558 1609 Nempe
571 1565 697 1600 Leonis
706 1565 859 1605 sapientis
878 1562 1025 1596 novellas
1034 1561 1125 1605 leges

241 1625 311 1648 non
322 1613 447 1648 admisit
459 1613 640 1648 orientalis
653 1610 796 1646 Ecclefia
806 1636 818 1652 ,
843 1620 942 1654 atque
963 1610 1008 1644 ita
1021 1611 1121 1644 etiam

237 1662 311 1706 post
322 1663 405 1706 ipsas
417 1662 552 1707 quidam
576 1661 610 1695 in
623 1662 682 1694 suo
702 1671 811 1694 errore
822 1669 921 1702 atque
943 1657 1045 1691 abusu
1056 1668 1123 1699 per-

237 1712 362 1746 tinaces
383 1712 622 1746 constiterunt.
650 1708 683 1743 A
696 1708 792 1742 nobis
814 1717 929 1742 tamen
950 1704 1122 1741 adductam

238 1762 348 1805 legem
371 1758 483 1794 laudat
504 1784 516 1800 ,
541 1760 574 1794 ὅ(
594 1756 736 1793 omnino
753 1758 942 1792 servandam
968 1757 1120 1791 asseverat

238 1811 275 1845 in
294 1812 353 1845 suo
363 1809 404 1844 ad
426 1809 606 1844 secundum
625 1808 734 1843 Sanc'ti
746 1807 900 1851 Dionysii
924 1804 1120 1841 Patriarchae

237 1860 460 1895 Alexandrini
483 1860 658 1894 Canonem
670 1858 908 1893 commentario
918 1854 1121 1890 Theodorus

236 1910 413 1945 Balsamon
425 1934 434 1942 .
459 1908 564 1956 Qod
578 1910 706 1943 faciunt
724 1909 759 1942 δε
770 1908 827 1942 alii
840 1908 1030 1941 Graecorum
1044 1905 1119 1949 Epi-

235 1961 325 2003 scopi
346 1961 381 1994 &
400 1961 563 1994 Dodores
584 1960 621 1994 in
642 1958 708 1992 suis
736 1957 920 1992 Canonicis
943 1956 1119 1999 Responlis

234 2021 293 2044 aut
312 2010 463 2044 Decretis
481 2008 567 2051 apud
590 2009 640 2052 jus
652 2007 973 2042 Graeco-Romanum
987 2031 994 2039 .
1025 2007 1118 2054 Qia

236 2059 353 2092 abusus
365 2058 505 2092 necdum
517 2068 585 2093 erat
602 2057 779 2091 exstinctus
789 2083 797 2092 .
826 2057 872 2091 Et
882 2055 973 2091 hunc
994 2057 1053 2090 suo
1066 2056 1116 2091 ad-

235 2107 303 2143 huc
322 2119 469 2152 tempore
482 2107 569 2152 apud
585 2108 773 2142 Graecorum
796 2106 955 2150 quosdam
976 2107 1116 2150 grassan-

235 2169 302 2193 tem
325 2160 444 2193 merito
453 2157 588 2193 damnat
609 2158 645 2193 &
657 2157 699 2192 ad
711 2155 842 2192 haereses
853 2156 1024 2201 proscribit
1036 2155 1115 2191 Car·

232 2209 354 2244 dinalis
367 2208 573 2244 Humbertus
583 2233 592 2243 .

295 2258 453 2293 Gravidas
485 2260 637 2294 mulieres
660 2270 730 2293 non
758 2259 922 2303 baptizare
942 2257 988 2290 est
1011 2256 1112 2291 etiam

231 2310 387 2355 antiquus
418 2308 608 2344 Graecorum
627 2308 744 2343 abusus
775 2333 788 2350 ,
824 2309 858 2342 in
883 2318 979 2353 quem
1002 2306 1113 2341 statuit

231 2359 311 2394 Neo
329 2377 343 2384 -
363 2358 564 2395 Caesarienfis
584 2358 737 2402 synodus
759 2372 770 2392 .·
808 2359 981 2393 Gravidam
1001 2365 1112 2400 oportet

231 2409 385 2452 baptizari
405 2435 416 2451 ‚
443 2411 565 2452 quando
585 2410 713 2443 voluerit
732 2434 740 2441 .
776 2408 872 2442 Nibil
887 2414 968 2443 enim
986 2413 1020 2441 tn
1039 2407 1090 2442 boc
1102 2432 1111 2448 ,

231 2471 299 2502 quae
318 2466 406 2500 parit
424 2485 435 2500 ‚
459 2459 591 2504 nascenti
610 2463 801 2493 communicat
826 2483 836 2499 ,
858 2460 1014 2502 propterea?
1035 2460 1114 2500 quod

231 2507 452 2553 uniuscnjusque
483 2509 662 2553 propositum
695 2515 728 2543 in
748 2509 911 2551 confeffione
928 2511 1108 2543 declaretur.

231 2559 382 2603 Exponit
403 2559 605 2595 Theodorus
631 2559 806 2594 Balsamon
829 2572 836 2592 ι
862 2560 999 2604 ‚Quidam
1034 2560 1111 2593 dice-

233 2608 308 2642 bant
328 2621 386 2642 non
402 2610 506 2644 debere
526 2611 680 2653 baptizari
695 2611 847 2654 gravidas
861 2634 872 2650 ‚
894 2609 953 2654 sed
961 2607 1108 2652 exspelia-

232 2669 265 2691 re
277 2657 371 2698 foetus
384 2664 496 2692 exitum
515 2665 548 2692 in
572 2662 661 2694 lucem
677 2684 684 2691 .
711 2665 763 2694 Ne
781 2661 852 2693 dum
863 2672 898 2694 ea
910 2660 1085 2702 baptizatur
1096 2683 1106 2700 ,

232 2708 374 2740 videatur
385 2717 495 2749 quoque
505 2720 566 2741 una
586 2709 736 2752 baptizari
739 2709 838 2751 foetus
849 2734 861 2751 ,
887 2722 973 2752 quem
994 2715 1027 2743 in
1045 2717 1104 2744 ute-

231 2769 263 2789 ro
278 2763 356 2800 gerit
367 2778 378 2795 ,
403 2765 437 2790 ut
461 2762 513 2799 qui
525 2755 564 2797 fit
584 2763 611 2790 ei
631 2762 747 2793 omnino
760 2765 863 2793 unitus
878 2784 885 2791 .
911 2763 980 2803 ,Quo
988 2758 1046 2801 fit,
1071 2768 1104 2793 ut

226 2806 382 2850 postquam
403 2815 493 2840 natus
510 2805 609 2848 fuerit
627 2830 638 2847 ‚
663 2809 716 2840 vel
733 2820 790 2842 non
810 2812 995 2845 illuminatus
1016 2812 1104 2843 relin-

231 2866 343 2899 quatur
365 2881 377 2897 ,
404 2857 455 2890 vel
483 2855 509 2898 Ιῖ
524 2857 693 2898 baptizetur
713 2879 724 2895 ,
761 2857 950 2900 rebaptizari,
958 2868 1082 2901 putetur
1095 2885 1102 2892 .

231 2910 339 2940 Patres
362 2912 460 2948 itaque
481 2906 538 2939 hac
560 2906 787 2940 contradit‘lione
806 2918 864 2940 non
875 2909 999 2952 admiffa
1013 2933 1024 2949 ‚
1042 2909 1103 2950 sta·

229 2963 351 2990 tuerunt
363 2966 396 2989 ut
400 2955 462 2998 sine
479 2957 535 2990 ullo
540 2956 718 2998 praejudicio
729 2955 919 2999 baptizentur
938 2959 1103 3002 pr'aegnan-

230 3015 278 3039 tes
289 3008 422 3040 mulieres
437 3031 448 3046 ,
473 3008 591 3050 quando
610 3007 756 3040 voluerint
769 3031 779 3047 ,
804 3010 835 3042 eo
855 3009 936 3050 quod
954 3007 1032 3042 nihil
1051 3009 1102 3042 ba-

228 3055 299 3089 beat
318 3068 466 3091 commune
494 3065 642 3099 puerpera
661 3068 726 3090 cum
740 3056 818 3098 soetu
843 3082 854 3098 ‚
890 3064 942 3101 qui
959 3063 1100 3101 paritur,

230 3106 312 3147 quod
332 3107 376 3138 ad
396 3108 625 3140 illuminationis
635 3112 781 3140 rationem
790 3113 898 3142 attinet
911 3134 918 3141 .
946 3110 1102 3151 Maxime,

229 3161 388 3197 inquiunt,
412 3167 476 3189 cum
488 3156 529 3199 fit
551 3162 704 3200 unicuique
720 3155 776 3200 fita
796 3162 828 3191 in
840 3157 1034 3201 Baptismate
1053 3170 1101 3194 ne·

226 3206 350 3247 cessaria
366 3207 523 3247 promiffio.
551 3213 655 3242 Foetus
676 3216 794 3247 autem,
819 3214 870 3251 qui
892 3207 929 3248 est
951 3214 985 3241 in
996 3217 1101 3251 utero,

227 3264 295 3287 cum
309 3254 347 3296 fit
367 3255 517 3297 affefflone
539 3257 692 3299 destitutus
712 3282 723 3298 ‚
758 3270 815 3292 non
832 3258 925 3301 potest
945 3282 956 3298 ,
981 3270 1049 3301 qua
1069 3264 1102 3294 in

227 3303 419 3349 Baptismate
438 3313 649 3351 requiruntur,
670 3308 849 3352 profeffiones
876 3311 911 3345 (r
931 3317 1004 3344 vota
1017 3308 1101 3352 face·

719 82 759 126 S.
831 83 1169 128 LEONIS

255 166 381 211 integre
401 152 595 197 obiaditum.
621 161 717 196 Hinc
736 164 865 198 causam
890 164 1078 207 resumpsit,
1106 165 1142 198 ἀ

255 212 438 252 auctoritati
451 212 512 246 suae
523 224 591 246 non
604 213 746 247 confisus
757 213 946 248 patriarcha
958 212 1140 258 Stephanus

1239 83 1476 128 Noui
1546 87 1844 131 Acr1s.

1202 174 1251 196 re.
1280 164 1437 204 Adjec‘ium
1461 162 1501 204 est
1521 172 1623 197 autem
1644 168 1784 207 Canoni,

1915 107 1981 152 42
1993 110 2010 139 1

1810 167 1956 214 Qando
1977 174 2088 208 volue-

1202 213 1244 246 rit
1257 236 1267 251 ‚
1287 222 1409 256 propter
1427 227 1494 255 eos,
1520 221 1572 256 qui
1584 215 1709 255 dicunt,
1734 225 1896 260 antequam
1907 217 2004 259 foetus
2020 223 2089 262 sbr-

1201 272 1295 295 metur
1307 269 1340 297 in
1353 263 1499 299 bominem
1511 289 1523 306 ,
1545 266 1621 308 posse
1632 267 1781 299 mulierem
1800 276 2008 312 praegnantem
2025 270 2087 310 fine

1189 346 1191 348 .
1196 316 1331 355 periculo
1341 315 1493 356 baptizari
1507 339 1518 355 ,
1544 326 1602 348 non
1612 324 1713 349 autem
1726 316 1803 350 reste*
1818 317 1970 359 baptizari
1976 319 2088 361 postea,

1201 365 1232 396 eo
1243 366 1325 405 quod
1344 366 1380 397 id
1386 367 1465 407 quod
1483 365 1606 400 babetur
1619 371 1652 398 in
1664 375 1765 405 utero,
1790 372 1823 399 in
1844 379 1880 401 ea
1904 367 1942 407 est
1955 369 2089 409 constitu-

1201 418 1277 447 tione
1291 438 1302 455 ,
1326 420 1359 448 in
1371 426 1429 459 qua
1439 415 1575 456 infantes
1587 421 1638 459 qui
1649 418 1733 449 modo
1745 423 1811 450 nati
1826 416 1902 461 sunt
1915 443 1925 458 ,
1951 425 2002 462 qui
2023 420 2090 462 pol‘

1197 464 1278 496 liceri
1304 475 1361 497 non
1378 465 1511 509 possunt.
1537 469 1583 498 Et
1603 467 1666 499 ideo
1689 468 1832 501 dixerunt
1850 470 1960 501 Patres
1980 470 2032 512 esse
2052 474 2087 504 in

1198 515 1330 547 mulieris
1338 516 1482 558 gravidae
1488 515 1629 558 potestate
1639 516 1790 558 baptizari
1802 542 1813 557 ,
1838 519 1957 561 quando
1986 521 2082 554 velit.

1199 565 1350 606 ,Quomodo
1369 570 1446 598 enim
1463 564 1496 609 se
1505 565 1638 599 babeant
1647 566 1744 607 foetus
1755 572 1788 599 in
1812 578 1895 602 utero
1907 593 1919 609 ,
1943 580 2026 602 nemo
2033 578 2087 612 po-

1197 613 1248 653 test
1264 620 1459 657 perquirere,
1486 618 1540 650 vel
1560 627 1608 650 eos
1624 615 1788 659 susi-ipere.
1821 619 1963 660 Infantes
1985 629 2086 653 autem

1190 671 1249 705 per
1259 674 1327 705 eos,
1353 671 1405 707 qui
1424 664 1502 707 ipsivs
1528 664 1716 708 suscipiunt,
1742 668 1916 709 affirmant,
1943 670 1978 703 <9
2001 669 2086 704 allus

1197 714 1358 746 illuminati
1391 718 1510 747 Divina
1546 714 1737 755 illustratIone
1772 719 1856 761 digni
1893 717 2052 763 censentur
2072 745 2083 753 .

1195 761 1344 807 Quidam
1366 772 1439 797 toto
1465 763 1712 808 qualiscumque
1727 788 1739 805 ,
1766 766 1900 808 quidam
1923 769 1994 803 solo
2014 769 2085 804 ani-

1194 823 1289 845 matae
1309 812 1501 857 gestationis
1525 824 1673 857 tempore
1705 813 1909 851 affirmabant
1932 819 2084 862 gravidas

1195 873 1263 896 non
1278 861 1507 906 baptizandas:
1537 864 1640 911 Qod
1662 865 1739 899 ante
1758 866 1997 902 animationem
2024 868 2084 903 foe-

1193 920 1244 946 tus
1265 913 1300 947 fit
1323 913 1482 957 Baptismi
1505 914 1647 957 incapax
1661 939 1672 956 ,
1699 914 1840 960 ideoque
1858 917 1916 951 ille
1929 917 1996 952 fine
2009 918 2082 953 ullo

1179 962 1338 1004 ‚periculo
1366 974 1422 997 aut
1437 964 1654 999 incommodo
1665 967 1760 1000 matri
1773 977 1853 1001 tunc
1865 967 2080 1010 impartiatur.

1193 1012 1374 1055 Opinionis
1386 1013 1635 1049 fundamentum
1646 1015 1776 1050 fuerunt
1791 1016 1953 1052 Romanae
1970 1018 2056 1063 leges
2068 1043 2082 1060 ‚

1192 1072 1262 1104 quae
1282 1062 1426 1097 clausum
1439 1074 1530 1098 utero
1559 1066 1678 1098 soetum
1698 1067 1860 1102 affirmant
1884 1068 1948 1102 effe
1969 1069 2081 1103 matris

1194 1122 1316 1154 partem
1342 1137 1354 1153 ,
1381 1115 1522 1158 ideoque
1545 1114 1661 1149 datum
1683 1114 1762 1150 huic
1785 1117 1983 1161 baptismum
2011 1129 2082 1152 non

1192 1162 1280 1205 poffe
1301 1162 1352 1196 illi
1378 1174 1447 1197 non
1474 1165 1713 1200 communicari
1734 1190 1741 1198 .
1769 1167 1883 1213 Qam
1906 1169 2082 1202 difficulta-

1191 1221 1259 1246 tem
1271 1213 1420 1248 evasurus
1431 1214 1466 1247 in
1478 1214 1595 1249 Nomo
1604 1232 1617 1242 ·
1630 1216 1771 1250 Canone
1795 1215 1935 1251 Photius
1946 1218 2082 1252 demon-

1191 1261 1268 1296 strat
1279 1262 1367 1306 leges
1389 1263 1450 1298 hac
1465 1265 1500 1298 in
1511 1277 1544 1300 re
1556 1265 1602 1300 ob
1618 1266 1740 1301 variam
1755 1266 1914 1302 fastorum
1936 1268 2079 1312 speciem

1175 1312 1253 1346 ¹esse
1265 1311 1405 1348 diversas
1431 1324 1528 1359 atque
1550 1315 1722 1358 adversas,
1748 1317 1781 1350 &
1809 1316 1983 1362 adjungit:
2009 1320 2078 1352 Alia
2097 1324 2156 1355 Tit.
2177 1337 2204 1361 4·

1175 1345 1280 1413 'etiam
1289 1361 1346 1396 bac
1358 1365 1395 1398 de
1407 1376 1438 1398 re
1447 1364 1571 1409 diversa
1575 1368 1651 1408 jura
1662 1371 1695 1399 in
1703 1366 1777 1401 libro
1787 1379 1851 1402 meo
1862 1369 1899 1401 de
1909 1366 2076 1412 inspeciem
2098 1365 2173 1403 Cal>-
2192 1379 2235 1399 10·

1174 1418 1344 1462 ‚contrariis
1349 1412 1496 1458 singulari
1506 1417 1605 1461 collegi
1616 1443 1623 1448 .
1655 1417 1699 1451 Et
1719 1417 1820 1452 etiam
1844 1416 1900 1452 hic
1913 1418 2076 1454 Theodo-

1173 1468 1243 1512 grus
1263 1462 1437 1497 Balsamon
1459 1476 1726 1501 commentatur.-
1752 1467 1886 1501 Dubium
1907 1469 2075 1512 aliquando

1182 1510 1270 1551 fuit,
1297 1525 1339 1545 an
1347 1521 1556 1557 praegnantem
1578 1514 1729 1558 baptizari
1745 1525 1889 1559 oporteret
1902 1544 1909 1551 .
1937 1523 2074 1553 Fuerunt

1189 1565 1269 1591 enim
1280 1566 1332 1602 qui
1343 1563 1475 1594 dicerent
1485 1584 1496 1601 ,
1520 1570 1659 1604 quoniam
1665 1565 1761 1605 foetus
1776 1573 1808 1599 in
1819 1573 1965 1600 maternis
1979 1566 2036 1610 vis
2031 1579 2076 1602 ce-

1188 1609 1271 1641 ribus
1299 1609 1483 1651 absconditis
1517 1636 1528 1651 ,
1554 1619 1647 1646 matri
1673 1624 1829 1657 tamquam
1854 1620 1971 1651 omnino
1992 1627 2072 1660 pars

1187 1655 1273 1696 ipfius
1283 1663 1413 1689 counitus
1425 1658 1462 1696 est
1473 1681 1484 1697 ‚
1509 1671 1567 1692 non
1576 1662 1652 1703 poffe
1663 1662 1758 1704 ipsum
1768 1676 1834 1697 cum
1846 1666 1901 1699 illa
1924 1667 2074 1701 illumina-

1185 1710 1234 1744 ri,
1259 1707 1326 1739 ideo
1336 1708 1416 1748 quod
1426 1709 1558 1741 nondum
1570 1715 1603 1743 in
1612 1713 1703 1744 lucem
1714 1716 1884 1756 prodierit,
1911 1727 2004 1759 neque
2027 1720 2073 1751 ad

1185 1754 1402 1797 assentiendum
1408 1755 1596 1800 sacrosanfflo
1616 1761 1792 1805 baptismati
1820 1767 2007 1801 voluntatem
2016 1767 2074 1800 ha-

1184 1803 1252 1838 beat
1261 1818 1276 1846 ;
1303 1817 1352 1838 nec
1360 1805 1458 1849 ipsam
1465 1816 1678 1852 praegnantem
1690 1812 1792 1846 debere
1815 1815 1968 1855 baptizari
1980 1840 1992 1856 ‚
2013 1816 2073 1859 sed

1183 1853 1353 1898 exspellare
1362 1864 1489 1898 oportere
1488 1856 1589 1900 foetus
1599 1861 1760 1896 editionem
1783 1869 1818 1896 in
1839 1864 1954 1906 lucem,
1979 1874 2015 1898 ut
2033 1877 2072 1900 ne

1173 1905 1270 1940 ,aliud
1277 1904 1364 1948 ipsius
1376 1906 1536 1940 membrum
1548 1908 1741 1950 baptizetur,
1771 1914 1860 1946 aliud
1879 1925 1940 1948 non
1960 1916 2070 1949 illumi-

1183 1963 1290 1988 natum
1299 1965 1442 1989 maneat.
1469 1960 1515 1990 Et
1526 1956 1729 2000 quodfifoetus
1738 1963 1799 1993 und
1833 1973 1899 1995 cum
1905 1971 2071 2008 praegnan·

1183 2014 1211 2037 te
1222 2004 1397 2047 baptizatus
1410 2030 1421 2046 ‚
1443 2006 1599 2049 postquam
1612 2015 1644 2042 in
1656 2011 1749 2044 lucem
1766 2013 1912 2053 prodierit
1926 2039 1938 2056 ‚
1968 2015 2072 2056 bapti·

1182 2063 1265 2088 zetur
1277 2079 1288 2096 ‚
1315 2058 1487 2090 inveniatur
1499 2057 1545 2090 bis
1556 2059 1607 2102 esse
1620 2060 1811 2102 baptizatus:
1839 2065 1934 2106 ,Quod
1957 2063 1996 2103 est
2017 2069 2066 2097 in-

1176 2102 1276 2147 solens
1299 2129 1306 2137 .
1343 2107 1438 2140 Idirco
1465 2110 1535 2140 Neo
1549 2107 1754 2154 -Caesariense
1788 2114 1951 2146 Concilium
1967 2112 2065 2157 solvit

1180 2154 1422 2198 ambiguitatem.
1452 2156 1603 2192 Eundem
1623 2171 1763 2195 errorem
1787 2162 1957 2207 insigniter
1973 2164 2069 2199 refel-

1181 2204 1219 2238 lit
1240 2205 1276 2238 in
1299 2206 1390 2240 sexto
1403 2205 1552 2242 adversus
1573 2209 1738 2252 Julianum
1759 2211 2064 2257 pelagianistamli-

1180 2253 1238 2288 bro
1260 2255 1394 2290 Sanetus
1415 2256 1622 2302 Augustinus
1646 2272 1654 2291 :
1681 2263 1793 2295 Matris
1813 2271 1919 2305 corpus
1938 2273 1971 2297 ut
1994 2264 2067 2307 effet

1177 2305 1319 2346 templum
1347 2309 1420 2347 Dei,
1442 2313 1555 2351 gratiae
1577 2309 1744 2351 beneficium
1762 2311 1822 2351 est,
1849 2324 1908 2346 non
1920 2323 2063 2347 naturae.

1177 2357 1259 2399 ‚Quae
1262 2362 1367 2399 gratia
1379 2368 1436 2390 non
1447 2363 1626 2400 conceptione
1639 2383 1650 2400 ‚
1670 2358 1731 2403 sed
1751 2368 1971 2406 regeneratione
1996 2373 2064 2397 cott-

1169 2404 1269 2448 fertur
1281 2430 1288 2438 .
1316 2410 1402 2439 Nam
1420 2406 1451 2450 fi
1466 2409 1509 2441 ad
1529 2414 1639 2443 matris
1660 2419 1765 2453 corpus
1790 2413 1827 2445 id
1839 2436 1851 2453 ‚
1876 2414 1957 2456 quod
1973 2419 2007 2446 in
2023 2424 2063 2447 τε

1173 2461 1330 2498 concipitur
1340 2479 1351 2496 ,
1371 2462 1534 2499 pertineret
1546 2483 1558 2501 ,
1582 2466 1629 2494 ita
1642 2469 1676 2494 ut
1686 2463 1749 2504 ejus
1755 2470 1834 2505 pars
1847 2463 2059 2506 deputaretur,

1171 2517 1229 2540 -non
1241 2507 1448 2549 baptizaretur
1458 2507 1567 2551 infans
1578 2532 1589 2550 ,
1615 2512 1700 2551 cujus
1716 2521 1813 2547 mater
1837 2512 1996 2555 baptizata
2018 2513 2061 2554 est

1169 2558 1266 2600 aliquo
1277 2563 1381 2591 mortis
1396 2568 1518 2601 urgente
1525 2562 1677 2601 periculo,
1703 2572 1767 2594 cum
1788 2573 1854 2595 eum
1871 2562 1998 2606 gestaret
2024 2568 2059 2595 in

1168 2617 1265 2641 utero.
1296 2612 1389 2641 Nunc
1411 2611 1482 2641 verb
1505 2620 1570 2642 cum
1590 2618 1685 2644 ettam
1704 2610 1768 2654 ipse
1781 2611 1971 2657 baptizetur,
1997 2624 2058 2646 non

1167 2664 1267 2699 utique
1277 2657 1322 2690 bis
1335 2657 1506 2699 baptizatus
1518 2658 1676 2693 habebitur
1688 2686 1696 2693 .
1726 2660 1783 2694 An
1812 2661 1884 2703 quis
1907 2661 2055 2704 aliquan-

1168 2708 1211 2742 do
1223 2707 1362 2742 Latinus
1375 2707 1472 2741 istum
1483 2719 1624 2742 errorem
1636 2708 1907 2754 dogmatizaverit
1919 2734 1932 2751 ‚
1957 2711 2056 2756 igno-

1169 2769 1221 2792 ro.
1248 2755 1350 2791 Rene
1372 2768 1481 2792 tamen
1503 2756 1709 2802 Augustinus
1722 2759 1824 2794 dicit:
1852 2761 1957 2803 Aliquo
1978 2773 2053 2794 mor-

1168 2814 1207 2842 tis
1228 2815 1346 2852 urgente
1366 2809 1507 2849 periculo.
1538 2806 1640 2843 Tune
1659 2809 1751 2844 enim
1777 2809 1867 2844 extra
1889 2811 2053 2847 canonica.

1167 2869 1310 2902 tempora
1335 2869 1434 2892 nemo
1454 2858 1514 2893 nifi
1529 2858 1575 2893 ob
1601 2859 1720 2895 mortis
1731 2860 1915 2906 periculum
1927 2860 2051 2897 solebat

1166 2909 1320 2953 baptizari
1333 2933 1342 2941 .

1214 2959 1270 2994 Isti
1296 2971 1351 3004 per
1363 2957 1681 2995 Neo-Caesariensem
1705 2961 1878 3005 Synodum
1899 2961 2049 2998 damnati

1167 3010 1351 3044 Graecorum
1374 3011 1515 3045 Errones
1534 3022 1670 3046 omnem
1691 3012 1792 3046 deviae
1814 3014 1934 3047 mentis
1946 3013 2048 3056 impe-

1165 3072 1235 3096 tum
1248 3070 1409 3095 verterunt
1422 3061 1456 3094 in
1471 3072 1658 3105 puerperas,
1685 3062 1762 3096 fulti
1773 3062 1838 3097 hoc
1850 3088 1861 3104 ‚
1888 3074 1943 3107 per
1956 3062 2046 3097 Cou-

1164 3111 1343 3146 stantinum
1356 3111 1644 3155 Harmenopulum
1658 3112 1791 3147 laudato
1802 3136 1813 3152 ,
1830 3112 1949 3158 Magni
1962 3111 2045 3146 Dio-

1163 3161 1243 3205 nysii
1269 3159 1461 3195 Patriarchae
1481 3161 1700 3196 Alexandrini
1712 3162 1863 3198 Canone:
1895 3160 2042 3196 Catecbu-

1163 3223 1266 3251 mena,
1289 3209 1320 3252 fi
1321 3211 1437 3252 fluxum
1448 3211 1604 3254 babuerit,
1617 3224 1653 3247 ne
1663 3212 1831 3256 baptizetur
1840 3237 1851 3254 ,
1876 3219 2038 3254 antequam

1161 3270 1292 3305 purgata
1295 3260 1409 3303 fuerit.
1437 3261 1610 3299 Consonat
1622 3263 1656 3297 in
1670 3261 1854 3299 Canonicis
1865 3260 2036 3305 Responfis

1166 3310 1284 3356 Magni
1295 3311 1450 3356 Dionysii
1473 3314 1630 3350 successor
1637 3312 1838 3350 Timotheus
1850 3326 1862 3347 :
1886 3314 1919 3346 si
1935 3308 2036 3390 mulier

1911 3369 1943 3392 ca
1956 3367 1985 3392 e-
