2352 3736
559 149 645 178 DE
717 131 757 177 S.
827 131 1160 178 LnoNrs

287 217 459 262 Episcopis
484 213 716 249 patriarchales
738 212 822 256 apud
837 211 1166 259 Constantinopolim

281 263 438 312 'synodos
451 264 676 300 fuisse&ante
688 264 721 297 &
745 263 813 306 post
838 260 1012 296 Michaelis
1039 260 1171 294 Cerula-

286 319 327 352 rii
343 316 482 351 schisma
495 316 711 358 frequentatas
725 312 845 346 docent
862 311 1106 354 subscriptiones
1129 310 1169 343 ad

283 366 391 404 editos
412 366 429 399 ὲ
450 361 589 399 Silinnio
613 361 773 401 secundo,
799 362 941 395 secundo
965 361 1097 405 Sergio,
1132 371 1169 393 ac

284 416 437 454 Eustatio
450 413 645 449 patriarchis
670 414 846 455 Capones,
872 411 1031 445 exstantes
1044 411 1077 443 in
1097 410 1170 453 Jure

282 466 600 500 'Graeco-Romano.
629 464 764 499 Horum
775 462 1001 505 contagiosam
1025 470 1170 493 commu-

282 517 422 552 nionem
446 515 480 553 ὃς
505 513 682 549 Michaelis
695 512 882 547 insolentias
896 521 1045 544 metuens
1056 509 1169 542 Petrus

288 567 412 610 fugerat
426 566 568 599 Romam
583 587 593 602 ,
620 562 773 608 atqueita
790 558 1080 602 Constantinopoli
1102 567 1167 591 erat

287 616 467 658 plurimum
483 614 648 657 suspectus.
677 613 771 645 Hinc
783 611 877 643 illum
889 618 1047 653 expurgat
1059 608 1167 641 noster

289 660 425 700 'Sanctus
450 664 522 697 Leo
549 662 632 707 apud
660 661 871 703 Principem,
898 661 931 693 δε
947 659 1098 692 asseverat
1124 659 1169 691 es-

282 713 319 748 se
346 714 420 751 vere
448 714 640 748 Romanum
662 737 669 744 .
708 707 842 753 Utpote
881 710 937 751 qui
974 718 1040 739 non
1069 707 1168 740 Rem-

280 763 454 806 ·publlcam
477 787 489 803 ,
528 761 581 797 sed
607 761 844 796 schismaticam
871 757 1047 792 Ecclefiam
1071 756 1167 802 fugis-

287 813 354 848 set.
1011 812 1013 814 ’

339 862 441 897 Redi&
457 862 584 896 addidit
595 861 665 894 Leo
684 871 691 890 z
720 860 929 892 Familicrriter
950 856 1096 900 nobiscum
1122 862 1166 890 vl·

287 918 357 947 vit.
397 912 531 944 Etenim
556 908 799 954 belligerantem
819 906 969 941 adversus
990 908 1166 941 Nortman-

269 955 274 961 ’
288 972 350 994 nos
361 961 393 992 in
413 959 531 1002 Apulia
544 958 739 992 Pontificem
755 958 930 991 comitatus
943 957 1004 990 fuit
1029 957 1144 990 Petrus
1156 981 1166 996 ‚

286 1010 320 1044 &
337 1008 403 1041 illic
415 1020 489 1042 cum
504 1010 573 1050 ipso
584 1008 703 1041 decidit
735 1017 841 1041 motas
861 1008 946 1040 inter
964 1007 1165 1042 Luitfridum

284 1058 328 1093 ad
340 1058 499 1095 Vulturni
513 1059 620 1092 sontes
634 1056 798 1091 Abbarem
810 1081 820 1096 ,
847 1057 879 1090 &
897 1054 1069 1089 Albertum
1092 1056 1166 1089 Mo·

282 1107 428 1141 maehum
445 1133 456 1148 ‚
481 1109 536 1149 qui
548 1109 668 1142 sanctae
682 1107 795 1142 Mariae
806 1106 847 1140 de
857 1105 1027 1140 Caffineto
1038 1105 1166 1139 Cellam

284 1158 466 1198 invaserat,
495 1158 527 1191 &
552 1157 619 1190 illic
633 1158 664 1190 se
676 1156 859 1191 ostentabat
873 1155 1058 1195 Abbatem‚
1085 1167 1166 1199 quae-

283 1207 423 1246 stiones,
455 1207 496 1241 de
509 1206 624 1251 quibus
638 1206 727 1240 istius
741 1205 935 1250 Monasterii
949 1204 1164 1239 Chronicon:

284 1257 479 1297 Affistentibus
516 1257 650 1299 pluribus
682 1255 884 1299 Praesulibus,
910 1257 929 1287 ἃ
958 1257 1044 1296 Papa
1071 1258 1165 1287 Leone

283 1305 373 1350 kausa
398 1306 435 1347 est
456 1309 598 1348 judicata
626 1306 734 1340 Abbati
758 1306 859 1338 δαηᾶῐ
901 1310 1062 1338 Vincentii.
1099 1307 1165 1348 ,Qui

284 1356 485 1398 interfuerunt
500 1383 510 1398 ,
537 1357 568 1390 bi
588 1356 678 1400 sunt:
708 1358 887 1393 Humbertus
910 1356 1005 1394 sylvae
1014 1355 1165 1387 Candidae

279 1406 450 1450 'Episcopus
465 1433 474 1448 ,
488 1404 837 1450 Petrus‘Amcrlpbt'tamcs
851 1404 1100 1448 Archiepifitopus.
1114 1404 1164 1436 Ex

278 1462 349 1500 'quo
374 1458 463 1492 vides
487 1458 678 1493 Cardinales
705 1458 883 1501 Episcopos
902 1467 943 1489 ex
973 1466 1052 1488 tunc
1073 1454 1165 1488 fuisse

279 1506 545 1551 'Archiepiscopis
557 1508 725 1553 digniores
743 1534 749 1540 .
777 1507 910 1539 Factum
923 1504 986 1538 hoc
1003 1505 1063 1537 fuit
1076 1515 1164 1537 anno

278 1556 371 1591 istius
415 1559 518 1592 saeculi
548 1558 814 1602 quinquagesimo
846 1554 951 1586 tertio·
964 1576 971 1583 .
1026 1553 1079 1585 De
1106 1551 1165 1583 Pe-

276 1606 328 1640 'tro
355 1607 466 1640 nostro
489 1607 598 1640 scribit
623 1607 663 1639 ad
700 1602 906 1637 Defiderium
943 1601 1162 1634 Caffinensem

100 1652 214 1689 1-—2-59·
223 1659 252 1685 15
275 1654 443 1689 Abbatem
455 1656 554 1689 etiam
569 1656 702 1688 Sanetus
714 1653 829 1685 Petrus
851 1650 1024 1698 Damiani:
1067 1648 1163 1687 Vester

274 1706 322 1736 ille
330 1706 478 1747 finitimus
489 1710 553 1744 piae
577 1703 783 1735 recordationis
799 1698 1030 1741 amalphitanus
1043 1695 1161 1739 Episco-

271 1762 331 1796 pus
341 1778 350 1793 ‚
383 1764 485 1786 nomen
501 1751 591 1796 nescio
603 1775 613 1791 ‚
641 1751 789 1792 stephano
802 1755 933 1782 Romano
948 1747 1085 1790 Pontifici
1095 1771 1105 1787 ,
1117 1757 1162 1779 me

271 1802 422 1846 praefi’nte
436 1828 446 1842 ,
467 1802 522 1846 sub
538 1803 736 1844 jurejurando
752 1800 835 1843 saepe?
854 1800 977 1839 testatus
999 1799 1060 1839 est,
1087 1802 1160 1840 quia

275 1854 339 1887 ct‘cm
366 1854 524 1894 aliquando
560 1850 689 1894 mensam
704 1855 823 1883 Domini
845 1848 1063 1891 sacrificaturus
1085 1858 1160 1881 acce-

274 1903 377 1942 deret,
398 1901 455 1944 sed
462 1901 551 1944 super
574 1904 760 1934 sacramento
785 1903 930 1932 Dominici
954 1906 1092 1941 Corporis
1112 1905 1159 1932 in·-

275 1953 410 1986 credulus
421 1950 612 1991 haefitaret,in
627 1949 692 1992 ipsa
701 1949 897 1991 confracvione
905 1948 1050 1992 subituris
1063 1948 1157 1992 Hostiq

273 2001 367 2034 r'ubra
377 2000 499 2043 prorsus
511 2012 544 2033 αι·
552 1999 686 2042 perfec‘Ia
698 2011 763 2032 caro
777 2006 808 2031 in
819 2001 884 2039 ejus
897 2011 1004 2032 manus
1015 2006 1155 2040 apparuit

273 2055 318 2082 ita
330 2058 362 2082 ut
372 2057 463 2083 etiam
477 2051 582 2093 digitos
597 2051 673 2083 illius
687 2058 857 2082 cruentaret
871 2074 880 2089 ‚
902 2048 997 2091 ficque
1005 2051 1155 2082 sacerdoti

273 2111 387 2132 omnem
395 2099 566 2142 scrupulum
580 2100 742 2133 dubietatis
756 2098 895 2140 auferret:
912 2099 968 2131 Ubi
979 2101 1153 2139 notandum,

273 2152 362 2192 qiteim
368 2149 405 2191 fit
424 2155 551 2183 immane
560 2151 719 2192 periculum
732 2173 742 2188 ‚
769 2150 899 2192 indignis
912 2149 1050 2182 manibus
1062 2158 1154 2182 attre-

272 2200 353 2232 c‘lare
364 2209 426 2232 tam
438 2200 566 2233 terribile
580 2203 804 2233 sacramentum
814 2223 822 2230 .
851 2198 1057 2232 Graffabatur
1074 2209 1153 2232 tunc

274 2250 508 2294 Berengariana
521 2250 659 2287 haerefis,
682 2250 750 2291 ejus
763 2248 975 2282 fundamenta
989 2248 1102 2282 Petrus
1118 2249 1152 2282 in

272 2298 470 2333 Vercellensi
482 2297 621 2343 Syfrodo
643 2299 749 2333 forsan
778 2298 923 2332 audierat
939 2323 948 2337 ,
987 2309 1084 2340 atque
1109 2298 1153 2332 ita

271 2352 375 2393 pasius
386 2351 489 2383 fuerat
500 2350 517 2383 a
531 2349 716 2393 Berengarii
729 2348 1014 2389 fautoribus,quod
1026 2348 1059 2381 in
1081 2347 1154 2390 Pre-

96 2414 166 2451 Cap«
189 2424 231 2450 15·
271 2399 486 2442 scriptionum
507 2400 590 2433 libro
614 2397 711 2432 habet
736 2399 977 2432 Tertullianus:
1016 2401 1173 2432 Haeretici.

266 2448 434 2492 firtpturas
444 2450 603 2482 obtendunt
619 2473 629 2488 ‚
651 2451 684 2482 θ
696 2446 811 2490 hac-fica
826 2447 1060 2487 audaciastatim
1072 2446 1154 2490 quos-
1170 2463 1173 2481 J

272 2501 345 2531 dam
356 2509 473 2532 movent
488 2524 498 2539 ‚
521 2505 553 2532 in
565 2498 626 2542 ipso
637 2501 708 2532 vero
721 2499 858 2541 congreffic
867 2499 968 2540 firmos
987 2497 1127 2540 fatigant
1143 2522 1153 2538 ,

271 2548 401 2591 infirmos
414 2555 533 2591 capiunt
546 2574 556 2590 ‚
568 2550 677 2582 medios
690 2560 754 2581 cum
760 2546 894 2590 scrupulo
906 2549 1063 2580 dimittunt
1071 2572 1081 2587 ,
1096 2547 1153 2581 Pe-

271 2606 353 2644 trus¹
364 2609 443 2632 tunc
455 2610 520 2633 erat
533 2611 573 2633 ex
586 2598 700 2633 mediis
714 2623 724 2638 ,
750 2610 786 2631 ac
798 2599 901 2641 ipsum
915 2598 1039 2631 Divina
1050 2597 1150 2642 gratia

273 2647 335 2680 isto
348 2648 506 2683 miraculo
524 2650 655 2692 perfecit
666 2649 700 2682 in
713 2648 842 2681 firmum
858 2673 865 2679 .
892 2648 1020 2693 Qavis
1044 2648 1151 2680 adver-

278 2695 331 2729 sus
346 2694 580 2730 Eucharistiam
593 2699 754 2743 grassante
777 2697 879 2731 haerefi
893 2703 906 2737 ‚'
930 2699 1053 2731 Divina
1074 2698 1149 2730 sem-

274 2756 330 2789 per
350 2746 383 2778 in
410 2756 469 2778 nos
483 2745 613 2779 bonitas
623 2758 770 2781 arcanam
782 2748 971 2781 sacrosansti
997 2747 1147 2787 Mysterii

273 2795 462 2835 veritatem,
488 2795 520 2828 δε
544 2796 733 2837 cespitantes
754 2797 795 2831 de
813 2798 882 2839 ipso
904 2805 1028 2830 mentes
1059 2797 1148 2830 vario

274 2845 434 2879 miraculo
454 2845 556 2878 erexit
579 2855 616 2877 ac
637 2844 806 2878 stabilivit.
839 2846 949 2879 Etiam
973 2845 1092 2880 Latine
1113 2847 1146 2880 δε

275 2894 388 2928 Graece
399 2894 540 2928 eruditus
563 2893 624 2928 fuit
647 2895 704 2927 iste
730 2893 863 2934 Petrus,
892 2894 1069 2938 habuitque
1091 2896 1146 2931 do-

274 2947 362 2978 &um
376 2945 525 2979 Clerum.
554 2943 687 2978 Etenim
708 2944 872 2978 Paschalis
894 2945 1024 2977 secundi
1045 2945 1144 2991 Lega-

274 2998 347 3035 tus,
376 2996 431 3038 qui
455 2995 538 3028 inter
548 2993 802 3027 Boadmundum
818 2992 1004 3027 Antiochiae
1024 2993 1145 3030 Princi-

274 3056 348 3087 pem
372 3045 528 3078 Latinum
551 3045 585 3078 ὅ(
605 3044 792 3077 Graecorum
817 3044 1046 3086 Imperatorem
1070 3045 1145 3079 Ale-

274 3093 367 3127 xium
380 3095 591 3128 Comnenum
601 3094 782 3137 composuit
793 3103 904 3135 pacem
915 3117 926 3133 ‚
952 3093 1013 3126 fuit
1028 3104 1068 3126 ex
1080 3095 1144 3137 ejus

273 3142 439 3186 discipulis
450 3141 860 3186 MaurusArchiepiscopus
871 3142 1142 3186 Amalphitanus.

273 3192 321 3226 Ita
335 3194 370 3226 in
384 3193 480 3227 tertio
490 3194 618 3228 decimo
630 3194 687 3226 suo
700 3193 784 3226 libro
796 3192 906 3226 scribit
932 3191 1144 3228 Anna-Com-

272 3253 377 3275 nena.

273 3292 379 3326 noster
391 3293 460 3325 Leo
473 3317 479 3324 .

1232 129 1466 185 NONI
1535 134 1832 176 Acrls.
1901 147 2024 193 ,441

1233 210 1328 251 sede,
1355 209 1471 244 habuit
1493 209 1616 256 aliquid
1635 209 1839 244 fundamenti
1858 234 1865 242 .
1892 209 2036 253 Exponit
2059 213 2094 245 in

1232 260 1315 294 libro
1327 261 1366 293 de
1378 261 1519 294 Domini
1531 263 1666 303 corpore
1676 259 1823 294 adversus
1843 259 2072 304 Berengarium
2084 285 2096 300 ‚

1231 310 1285 353 qui
1296 309 1517 344 Humbertum
1531 310 1616 344 varie
1637 310 1849 344 calumniatus
1871 309 1994 342 dixerat
2019 309 2099 342 Bur-

1231 361 1377 403 gundum
1406 384 1416 400 ‚
1454 362 1587 395 Sanstus
1606 360 1808 393 Lanfrancus
1830 359 2099 401 Archiepiscopus

1231 410 1485 444 Cantuariensis:
1519 410 1713 444 Humbertum
1725 415 1824 443 virum
1827 409 1915 451 fuisse
1925 406 2099 451 religiosum,

1223 458 1285 500 fide
1294 457 1694 501 Christiana&sanlliffimis
1708 458 1839 501 operibus
1857 456 2102 501 perseveranriffi-

1224 512 1277 542 ’7ηέ
1295 511 1482 550 decoratum,
1505 507 1627 552 scientia
1651 513 1833 542 Divinarum
1856 510 1890 542 <it
1914 506 2101 551 saecularium

1227 559 1396 592 litterarum
1418 561 1554 601 apprime
1578 560 1723 593 eruditum
1743 559 1883 598 testantur
1904 569 2000 591 omnes
2014 582 2024 597 ,
2050 561 2102 600 qui

1229 610 1279 641 vel
1284 616 1408 650 propria
1417 615 1597 650 experientia
1607 621 1672 643 eum
1695 618 1861 648 noverunt,
1891 611 1943 642 vel
1950 607 1989 640 ab
2009 608 2077 640 aliis
2089 631 2100 647 ‚

1228 663 1278 700 qui
1288 657 1383 701 ipsum
1394 666 1507 700 experti
1510 657 1585 700 siant
1593 684 1602 699 ‚
1630 661 1693 697 ejus
1706 665 1895 703 cognitionem
1906 665 2080 700 acceperunt
2089 682 2098 689 .

1229 711 1313 740 Hunc
1326 719 1383 740 non
1395 710 1435 740 de
1442 710 1619 750 Bur-gandia
1630 733 1640 748 ,
1657 707 1713 750 sed
1722 712 1758 741 de
1771 709 1965 752 Locharingia
1975 707 2101 753 SanHus

1229 759 1288 789 Leo
1302 759 1428 789 Romam
1439 759 1579 790 traduxit
1590 782 1600 796 ‚
1627 759 1906 799 adpraedicandum
1918 758 2018 790 Siculis
2033 768 2102 790 ver·

1227 806 1296 838 bum
1310 810 1366 839 Dei
1378 805 1627 849 Arcbiepr'seopum
1640 808 1794 840 ordinavit
1811 830 1821 845 ‚
1836 806 1933 847 posted
1947 809 2016 839 ver&
2027 808 2102 840 San-

1229 856 1276 888 ι’ἳα
1287 860 1423 889 Romana
1435 860 1463 888 E
1466 856 1559 896 cclefia
1573 855 1730 900 Praefielem
1736 857 1791 897 fibi
1803 856 1996 889 cardinalem
2005 856 2103 896 consti-

1227 911 1304 939 tuit.
1331 908 1401 950 ,Quo
1411 911 1443 939 in
1454 908 1510 940 loco
1516 906 1623 949 posttus
1635 908 1737 940 taliter
1748 913 1830 940 vixit
1846 931 1856 946 ,
1881 907 1982 939 taliter
1995 907 2102 945 docuit,

1227 963 1259 988 ut
1271 958 1308 989 de
1316 956 1378 998 fide
1390 957 1442 989 vel
1452 957 1587 990 doctrina
1597 956 1684 999 tpfius
1700 968 1748 990 nec
1754 955 1990 1000 saltemfinistrae
2009 954 2103 998 suspi-

1226 1011 1314 1038 ciom's
1318 1006 1414 1048 fama
1424 1008 1584 1049 aliquando
1595 1017 1699 1041 exorta
1701 1005 1755 1048 fit.
1785 1008 1880 1044 Huius
1901 1010 1944 1039 rei
1967 1005 2045 1045 restis
2057 1004 2104 1045 -est

1227 1056 1360 1095 totafere*
1377 1060 1553 1097 Latinitas,
1580 1070 1648 1100 quae
1669 1066 1725 1099 pro
1750 1059 1919 1090 excellentia
1941 1054 2104 1097 Apostolicae

1227 1107 1330 1146 sedis,
1358 1109 1443 1146 cujus
1454 1110 1593 1140 Conciliis
1606 1108 1783 1148 &Consiliis
1802 1105 1919 1150 semper·
1940 1107 2048 1139 aderat
2069 1116 2104 1138 ac

1224 1163 1376 1196 praeerat‚
1401 1167 1466 1188 eum
1476 1162 1610 1200 [gnorare
1633 1163 1813 1199 nonpotuit.
1854 1155 1956 1203 Qod
1981 1155 2021 1189 ad
2042 1166 2105 1189 cer-

1227 1216 1292 1238 tam
1304 1207 1467 1241 civitatem
1480 1231 1489 1246 ‚
1517 1218 1552 1240 ut
1571 1207 1679 1241 mariti
1691 1208 1731 1241 ad
1743 1218 1858 1240 vxores
1868 1231 1877 1245 ‚
1906 1205 2082 1249 alligentur
2093 1228 2105 1245 ‚

1228 1255 1261 1288 &
1274 1254 1421 1289 absolute
1432 1258 1610 1291 consecrari
1626 1269 1692 1291 non
1705 1257 1824 1300 poffint
1846 1255 1999 1298 Episcopi
2022 1279 2032 1294 ‚
2058 1255 2104 1288 est

1228 1306 1370 1338 omnino
1382 1306 1716 1349 ApostolicusCanon
1732 1332 1742 1347 ‚
1767 1305 1870 1340 immo
1884 1305 2105 1350 Evangelicus

1228 1363 1323 1397 atque
1344 1355 1503 1390 Divinus.
1530 1357 1617 1405 Qis
1636 1359 1726 1391 enim
1755 1357 1875 1391 nesciat
1907 1354 2104 1398 Apostolum

1228 1403 1357 1438 Petrum
1372 1406 1529 1440 Romanae
1540 1406 1609 1440 urbi
1623 1408 1714 1440 fuiffe
1725 1406 1766 1440 ab
1787 1407 1855 1450 ipso
1877 1406 2033 1439 Domino
2054 1405 2109 1438 da-

1228 1464 1296 1486 tum
1321 1455 1355 1488 &
1380 1455 1553 1500 alligatum
1572 1457 1585 1489 .)
1625 1457 1667 1491 Et
1690 1457 1731 1491 de
1750 1456 1905 1491 omnibus
1925 1455 2107 1499 generatim

1227 1503 1396 1547 Episcopis
1406 1505 1490 1539 dixit
1503 1507 1652 1549 gentium
1665 1508 1791 1541 1)οᾶοτ
1814 1505 1992 1548 Apostolus
2005 1519 2015 1537 .·
2055 1507 2109 1535 At·

1226 1554 1339 1583 tendite
1358 1559 1443 1595 gregi
1456 1577 1465 1592 ‚
1491 1561 1524 1585 in
1554 1567 1610 1595 quo
1634 1568 1687 1588 vo:
1709 1559 1836 1597 spiritus
1854 1555 1979 1587 Sanclus
2010 1551 2106 1596 posuit

1226 1599 1386 1642 Episcopus
1397 1613 1493 1645 regere
1503 1603 1660 1643 Ecclefiam
1683 1608 1738 1637 Dei
1751 1628 1758 1635 .
1788 1603 1947 1638 Attamen
1969 1614 2108 1646 pagana-

1224 1658 1296 1680 rum
1313 1658 1369 1680 aut
1381 1650 1461 1682 alias
1471 1651 1635 1684 deviatum
1659 1653 1907 1686 provinciarum
1933 1651 2107 1695 Apostola-

1224 1705 1294 1730 tum
1310 1699 1393 1731 tanti
1410 1699 1531 1742 semper
1542 1701 1620 1734 fecit
1636 1701 1788 1735 Romana
1814 1702 1954 1737 Ecclesia
1967 1727 1977 1742 ‚
2004 1712 2041 1736 ut
2060 1703 2105 1745 ip·

1225 1747 1295 1780 sum
1306 1749 1466 1782 censuerit
1482 1750 1664 1794 legitimum
1686 1752 1886 1795 Episcopalis
1898 1752 1997 1786 etiam
2020 1753 2106 1786 ordi-

1226 1798 1370 1831 nationis
1382 1798 1518 1831 titulum
1532 1823 1543 1838 ‚
1567 1801 1599 1833 &
1612 1802 1704 1834 omni
1723 1802 1838 1835 saeculo
1851 1802 1891 1836 ad
1904 1803 2005 1844 ipsum
2028 1813 2107 1835 con-

1224 1847 1349 1881 secrarit
1363 1872 1369 1878 .
1385 1847 1520 1881 Etenim
1530 1848 1571 1882 de
1585 1850 1668 1883 Caio
1685 1850 1844 1885 Romanae
1855 1851 2002 1884 Eccleliae
2016 1851 2105 1885 Pres-

1223 1896 1339 1938 bytero
1364 1896 1473 1930 scribit
1498 1899 1529 1930 in
1564 1899 1771 1933 Bibliotheca
1804 1899 1944 1934 Phorius
1970 1916 1981 1934 :
2019 1907 2104 1934 Hune

1221 1946 1426 1990 Caiumfuiffr
1436 1948 1586 1989 affirmant
1593 1947 1648 1991 fi‘b
1662 1948 1825 1991 Zephyrino
1836 1952 1869 1983 Θ
1891 1950 2004 1984 Vic‘lore
2027 1954 2105 1984 Pon·
2123 1952 2182 1983 Lib.
2209 1957 2255 1989 48·

1220 2006 1242 2031 ti
1242 1998 1348 2041 ficibus
1362 2023 1372 2038 ,
1399 1999 1626 2040 ordinatumque
1634 2005 1765 2043 gentium
1779 1997 1971 2042 Episcopum.
2003 2001 2045 2034 Et
2059 2003 2101 2035 ad

1222 2049 1417 2083 Decentium
1431 2047 1644 2093 Eugubinum
1667 2050 1867 2093 Episcopum
1892 2049 2001 2084 scribit
2024 2052 2100 2084 San-

1219 2101 1286 2132 etus
1313 2100 1526 2133 Innocentius
1548 2098 1679 2133 Primus
1703 2099 1880 2133 Pontifex:
1909 2100 2099 2142 Manifestum

1219 2148 1256 2188 est
1268 2173 1278 2189 ‚
1302 2155 1335 2182 in
1358 2161 1471 2182 omnem
1494 2150 1636 2189 Itallam,
1664 2151 1804 2190 Gallias,
1833 2149 1997 2193 Hispanias
2011 2176 2022 2192 ‚
2059 2156 2098 2184 A·

1211 2198 1343 2239 fucum,
1371 2201 1520 2240 siciliam,
1548 2197 1714 2243 Insulasque
1725 2202 1954 2242 interjacentes,
1983 2202 2095 2235 nullum

1217 2249 1362 2292 instituisse
1372 2249 1533 2291 Ecclefi'ar‚
1561 2249 1616 2291 nisi
1632 2261 1679 2283 eos
1692 2274 1702 2289 ,
1728 2262 1800 2293 quos
1820 2251 1999 2285 venerabilis
2023 2256 2095 2294 Apo-

1210 2298 1301 2338 stolus
1316 2302 1422 2332 Petrus
1438 2325 1447 2338 ‚
1474 2309 1526 2333 aut
1536 2303 1597 2341 ejus
1607 2300 1773 2343 succeffores
1782 2300 1978 2341 constituerint
1999 2304 2095 2336 Sacer·

1223 2350 1306 2382 dotes
1321 2374 1327 2380 .
1357 2349 1420 2383 Uti
1434 2349 1558 2385 Titusa
1571 2353 1686 2385 Sansso
1699 2350 1804 2384 Paulo
1817 2352 1855 2385 ad
1869 2353 2000 2386 Cretam
2012 2376 2023 2392 ,
2045 2353 2091 2387 ita

1223 2397 1255 2431 hi
1265 2400 1282 2432 a
1297 2399 1392 2436 variis
1404 2399 1619 2435 Pontificibus
1631 2401 1671 2436 ad
1685 2401 1786 2436 varias
1795 2412 1909 2446 gentes
1921 2402 2005 2436 fuere
2015 2414 2091 2436 con-

1219 2449 1327 2483 secrati
1343 2449 1492 2494 Episcopi
1510 2464 1516 2483 :
1548 2463 1615 2485 non
1638 2451 1679 2485 ad
1690 2451 1747 2485 fibi
1758 2452 1955 2499 jungendas,
1983 2452 2036 2487 sed
2048 2453 2090 2487 ad

1218 2499 1399 2532 fundandas
1415 2500 1820 2536 Ecclefias&Cathedras.
1850 2503 1898 2536 lta
1908 2501 1948 2537 de
1970 2505 2088 2538 Sancto
2128 2504 2131 2507 ⁴

1216 2548 1395 2582 Coelestino
1408 2550 1511 2592 primo
1524 2574 1534 2590 ,
1559 2552 1646 2594 quod
1660 2551 1811 2586 ordinato
1824 2553 1931 2586 Scotis
1951 2554 2002 2586 seu
2027 2553 2088 2586 Hi-

1216 2598 1319 2632 bernis
1332 2599 1494 2643 Episcopo
1517 2600 1666 2635 Palladio
1688 2602 1861 2636 Barbaram
1882 2603 2021 2636 insulam
2044 2604 2087 2636 fe-

1212 2648 1290 2680 cerit
1303 2646 1539 2688 Christianam,
1567 2651 1698 2685 testatur
1713 2653 1745 2684 in
1769 2652 1851 2685 libro
1874 2663 1987 2686 contra
2010 2652 2088 2686 Gol-

1211 2696 1347 2730 latorem
1363 2699 1493 2731 Sanetus
1507 2698 1642 2743 Prosper
1653 2724 1660 2732 .
1687 2700 1790 2748 Qiod
1802 2702 1954 2734 §anetum
1967 2702 2088 2736 Mona-

1209 2745 1308 2780 chum
1322 2746 1546 2792 Augustinum
1570 2773 1581 2788 ,
1607 2761 1673 2783 non
1687 2750 1727 2783 ad
1741 2751 1884 2795 aliquam
1897 2752 2085 2792 civitatem,

1210 2796 1262 2829 sed
1291 2796 1331 2830 ad
1358 2809 1492 2831 ornnem
1521 2799 1740 2842 Anglicanam
1760 2812 1891 2845 gentem
1918 2803 2084 2837 consecra-

1208 2846 1234 2878 ri
1261 2845 1302 2880 ab
1330 2846 1486 2881 AEltherio
1514 2849 1690 2883 Arelatensi
1721 2851 1935 2895 Metropolita
1962 2851 2084 2894 jusserit

1208 2907 1344 2940 magnus
1366 2897 1545 2942 Gregorius
1557 2923 1569 2938 ,
1595 2899 1640 2933 est
1677 2901 1831 2935 omnibus
1866 2910 1999 2936 notum.
2039 2902 2084 2936 Et

1205 2945 1291 2979 idem
1320 2946 1428 2980 scribit
1453 2948 1493 2981 ad
1532 2948 1784 2984 Constantinam
1821 2951 2059 2993 Imperatr-icem
2072 2968 2083 2988 .-

1210 2999 1287 3028 Dum
1323 3002 1355 3029 in
1392 2998 1534 3030 Sardinia
1569 2998 1671 3041 Insula
1706 3001 1811 3034 multos
1849 2995 1909 3044 esse
1929 3004 2084 3045 gentilium

1203 3049 1413 3089 cognovissem,
1438 3045 1536 3090 eosque
1548 3049 1646 3081 adbuc
1666 3057 1778 3091 pravae
1799 3052 1980 3095 gentilitatis
2006 3064 2083 3088 more

1206 3095 1347 3139 idolorum
1370 3095 1524 3139 sacrificiis
1549 3097 1718 3141 deservire,
1745 3101 1779 3133 (5
1806 3099 1937 3145 eiusdem
1972 3101 2081 3145 Insulae

1203 3146 1369 3186 Scrcerdotes
1403 3148 1446 3179 ad
1465 3149 1688 3188 praedieana'um
1715 3150 1935 3193 Redemptor-em
1955 3153 2078 3193 nostrum

1203 3202 1347 3235 torpentes
1373 3196 1528 3239 existerent
1554 3222 1564 3238 ,
1598 3210 1688 3232 unum
1714 3200 1779 3232 illue
1802 3212 1839 3234 ex
1866 3202 1964 3234 ItaIIae
2001 3206 2075 3243 Epi-

2092 3017 2124 3055 ,L
2137 3027 2253 3065 40Ep.33

398 3243 613 3291 Qareillum
622 3254 689 3276 non
703 3243 767 3277 ἧσε
780 3241 1001 3276 fundamentis
1022 3243 1142 3287 legavit
1200 3242 1294 3287 scopis
1311 3244 1390 3286 mist,
1418 3253 1469 3288 qui
1491 3247 1597 3280 multos
1618 3248 1776 3292 gentilium
1802 3251 1846 3283 ad
1863 3250 1955 3293 fidem
1975 3254 2076 3284 Domi·

1203 3305 1238 3325 no
1257 3302 1426 3336 cooperante
1448 3303 1604 3330 convertit.
1637 3299 1691 3332 Ad
1713 3298 1796 3332 istud
1823 3310 1905 3343 opus
1922 3300 2072 3341 potuisset

331 3340 585 3376 Michaeletiam
596 3343 800 3383 Cerularius,
835 3341 912 3376 dum
936 3343 1141 3379 Cardinalem
1203 3354 1324 3377 novum
1354 3345 1550 3388 Episcopum
1578 3349 1780 3382 consecrare.
1809 3350 1851 3382 Et
1871 3349 1909 3380 de
1932 3348 2069 3391 Sansto,

274 3391 493 3426 Humbcrrum
513 3391 598 3425 dixit
629 3393 726 3426 fuisse
755 3390 1045 3438 Archiepiscopum
1076 3396 1142 3429 sine
1202 3405 1298 3438 quem
1311 3395 1441 3430 Sanctus
1455 3396 1633 3434 Autbertus
1644 3397 1877 3433 Cameracensis
1890 3397 2068 3443 Episcopus
2087 3411 2096 3416 „

326 3459 328 3461 ·
372 3441 474 3484 Christ.
481 3445 556 3486 Lupi
567 3445 784 3486 oper.T0m.1V.

1603 3445 1730 3483 Kkk

1976 3458 2016 3482 ΒΧ
