2352 3736
596 133 1004 183 Remnuse

34 230 153 266 heor-
205 228 305 265 „icon
316 251 324 258 .
356 223 400 259 Et
418 221 503 268 apud
516 222 704 258 Simeonem
718 219 976 255 Dunelmensem
991 215 1081 250 Wal-

205 278 335 315 theosus
369 274 491 308 Comes
509 281 688 318 cognatum
723 272 816 305 suum
839 267 1080 312 Gyrv-vensibus

207 322 710 367 Monachiseducandumtradit
735 333 774 355 ac
784 318 1017 356 erudiendum,
1047 316 1081 349 δε

206 386 266 422 pro
280 374 441 420 stipendio
451 374 555 408 donat
577 369 741 416 quandam
764 368 955 402 Ecclesiam.
983 367 1083 400 Innu-

18 455 21 461 Α
43 417 76 451 Λ’
91 425 173 450 ¹¹²¹·
206 435 295 462 mera
318 428 393 460 sunt
412 424 571 468 ejusmodi
592 422 809 457 donationum
831 417 980 460 exempla
1005 442 1016 457 ,
1041 427 1083 450 ex

1075 134 1629 178 C0Nc1L1uM.

1863 124 1960 177 169'

1144 215 1377 253 usuftudiuario
1400 213 1468 256 jure
1483 211 1622 247 detineri
1643 209 1661 244 ὲ
1683 207 1791 244 Laicis
1814 232 1824 250 ,
1850 206 2025 243 mandana-

1144 276 1209 309 que
1229 265 1398 308 Episcopis
1421 262 1532 298 reddi.
1558 262 1660 298 Vetat
1672 259 1853 303 Episcopos
1874 259 1909 293 in
1922 257 2022 292 talem

1145 315 1370 349 detentionem
1391 312 1590 347 consentire.
1618 310 1800 345 Rationem
1821 307 1876 343 dat
1899 309 1936 342 in
1959 307 2024 341 suis

1144 364 1186 398 ad
1197 364 1300 398 varias
1311 364 1416 397 Sanffi
1437 363 1588 398 Anselmi
1610 358 1866 397 consultationes
1879 358 2025 401 Respon-

1146 414 1186 447 fls
1209 413 1373 448 Paschalis
1396 413 1555 448 secundus
1578 424 1585 444 ε
1613 415 1781 445 Divinam
1805 410 1915 442 nullius
1940 408 2026 440 bonis

208 476 422 521 quibu-slucet
436 471 685 508 Cathedrales&
698 466 887 515 Abbatiales
900 467 935 500 in
950 467 1084 512 Regum
1140 462 1215 507 sunt
1229 488 1239 504 ,
1267 465 1301 497 ὑ·
1326 465 1406 507 quod
1425 466 1486 496 Deo
1496 461 1591 504 Jeme!
1609 461 1741 495 oblatum
1763 459 1801 501 est
1818 484 1828 500 ,
1853 465 1889 492 in
1913 458 2026 490 alienos

210 526 246 561 ἃ
266 527 406 560 aliorum
428 525 646 568 supremorum
668 518 883 561 Principum,
909 516 1084 551 Parochia-

1147 512 1214 556 usus
1239 525 1297 547 non
1318 514 1442 556 expedit
1462 511 1619 554 usurpari.
1647 510 1804 545 Ecclesias
1826 519 1942 542 omnes
1964 507 2028 541 effe
2051 505 2210 547 L-3.Epist.

210 575 257 610 les
278 586 386 611 autem
409 574 562 610 Ecclesias
594 572 627 603 in
661 568 853 612 quorumvis
878 566 1100 605 Domicello-¹
1148 564 1253 598 d1v1n1
1278 565 1378 607 juris,
1405 561 1544 605 ideoque
1569 572 1638 594 non
1651 561 1738 603 posse
1758 562 1821 594 effe
1833 559 1867 592 in
1880 557 2028 592 humano
2052 557 2100 586 45·

212 635 283 660 rum
297 625 423 660 Alodio
446 634 484 656 ac
493 621 591 665 pleno
601 616 753 653 dominio
764 617 873 654 fuisse.
902 617 1080 651 Peffimum
1147 613 1299 648 dominio
1311 638 1321 654 ‚
1347 613 1392 647 est
1408 610 1626 655 antiquissima
1651 611 1703 643 lex
1715 610 1864 644 fidelium
1891 609 2030 653 Impera·

210 675 346 710 abusum
363 675 494 709 damnat
505 670 638 713 praesens
657 667 777 702 Canon
790 692 801 708 ,
828 668 942 701 eumsta
956 666 1084 700 Altaria
1152 674 1278 698 torum:
1305 664 1448 706 speetant
1469 660 1510 696 ad
1531 661 1637 705 solum
1661 659 1799 710 Deum,
1825 668 1942 703 utpote
1961 658 2031 702 ejus

212 726 265 760 (eu
279 721 483 769 parochiales
494 719 648 754 Ecclefias
661 728 774 753 vetans
785 717 1000 761 proprietario
1022 726 1079 750 aut
1130 709 1136 767 Ι
1151 713 1295 747 Bafilicae
1307 715 1455 758 Domus.

629 843 1657 997 CANONIV

211 1079 378 1201 NE
413 1080 513 1147 quis
551 1079 597 1127 in
632 1079 753 1133 atriis
790 1077 1073 1133 Ecclefiarum
1109 1090 1262 1144 praeter
1294 1071 1559 1141 ‘Episcopum
1598 1075 1641 1126 &
1678 1077 1769 1138 ejus
1796 1071 2040 1126 Ministrum

382 1149 606 1217 quaslibet
641 1146 968 1198 confisetudines
1003 1150 1172 1216 exigere
1207 1143 1500 1219 praesumeret,

420 1272 913 1320 Senot10N.

301 1418 431 1455 Cciefiae
449 1418 570 1454 atrium
588 1418 722 1462 quidam
742 1427 818 1453 cum
843 1414 1004 1453 vestibulo
1025 1427 1101 1453 con-

230 1488 234 1491 <
325 1469 490 1510 fundunt,
514 1468 682 1503 adversum
702 1479 785 1512 quos
804 1468 885 1502 recte
910 1471 945 1502 in
962 1467 1100 1503 Scholio

220 1519 263 1555 ad
272 1518 450 1554 secundum
463 1519 571 1553 Sancti
584 1519 740 1560 Dionysii
754 1517 950 1552 Patriarchae
959 1517 1102 1552 Alexan·

220 1569 307 1604 titini
333 1568 504 1604 Canonem
530 1567 640 1602 scribit
666 1566 868 1602 Theodorus
897 1567 1101 1602 Balsamon:

219 1618 294 1652 Non
316 1615 392 1661 sunt
414 1617 559 1659 vestibula
588 1623 755 1652 communia
797 1640 808 1657 ,
845 1626 879 1650 ut
905 1615 1098 1659 Ecclefiarum

219 1675 319 1708 atria,
340 1665 475 1712 sedsunt
491 1676 570 1709 pars
582 1667 731 1711 ipsarum.
756 1667 840 1701 Sunt
860 1668 1018 1711 postrema
1038 1668 1096 1701 Ec-

218 1718 319 1753 elefiae
331 1728 402 1762 pars
414 1743 423 1758 ,
444 1716 559 1760 fandis
570 1724 664 1751 omnis
670 1724 790 1762 generis
809 1718 990 1761 imaginibus
1016 1728 1097 1751 exor-

219 1775 298 1802 nata
309 1789 320 1808 ,
330 1770 364 1802 <a
375 1770 418 1802 ad
429 1772 482 1800 Dei
494 1768 611 1801 laudem
621 1770 784 1810 deputata.
811 1767 905 1815 Qiid
923 1768 1004 1801 atria
1014 1768 1074 1800 sint
1088 1793 1098 1809 ,

220 1816 392 1863 insigniter
406 1819 440 1851 in
453 1818 547 1851 tertia
560 1816 836 1852 Chalcedonensis
847 1816 984 1860 'Synodi
1003 1817 1102 1851 afflo-

221 1878 285 1909 ne,
310 1868 350 1901 de
363 1868 515 1902 Dioscori
527 1867 719 1902 Patriarehae
733 1866 947 1900 Alexandrini
971 1867 1099 1901 citatio-

221 1927 264 1952 ne
273 1927 373 1961 agens
384 1940 394 1956 ‚
420 1917 558 1959 exponit
570 1917 684 1950 AEtius
696 1916 845 1950 Eccsefiae
859 1917 1097 1951 Constantino-

221 1965 376 2011 politanae
397 1964 661 2001 Archidiaconus
673 1988 683 2005 ,
709 1968 743 2000 &
755 1967 970 2000 Notariorum
986 1966 1103 1999 Primi-

221 2017 347 2051 cerius:
373 2015 564 2058 Epiphanius
591 2019 625 2050 &¹
647 2017 790 2057 Elpidtus
818 2016 982 2055 Presbyteri
1009 2041 1020 2056 ,
1045 2021 1102 2048 cir-

221 2076 388 2101 cumeuntes
405 2064 543 2109 sanHam
554 2065 632 2099 hanc
654 2066 808 2108 Bafilicam
819 2091 828 2107 ‚
860 2065 1033 2108 quaefierune
1047 2070 1102 2098 Re-

224 2115 415 2160 ligsofiffimum
428 2114 606 2158 Episcopum
628 2117 823 2150 Alexandria·
846 2114 1026 2159 Dioscorum.
1057 2116 1101 2149 Et

226 2166 280 2207 ipsi
295 2166 415 2200 laudati
435 2166 647 2208 Presbyteri:
675 2169 876 2209 Peragrantes
901 2173 983 2199 atria
1003 2165 1103 2208 sanc‘li

226 2215 314 2255 hujus
326 2218 390 2255 loci,
402 2217 589 2258 quaefivimus
601 2219 634 2251 Θ
645 2228 702 2250 non
715 2222 895 2250 invenimus.
915 2217 956 2249 Et
968 2215 1009 2249 de
1023 2217 1107 2249 Hie-

228 2265 458 2306 rosolymitana
469 2266 652 2300 Dominicae
674 2265 929 2300 Resurrestionis
958 2265 1102 2298 Ecclesia

228 2314 338 2348 scribit
359 2315 393 2348 in
408 2315 618 2350 Constantini
632 2316 750 2360 Magni
778 2317 844 2348 vita
859 2313 1018 2348 Eusebius
1034 2316 1105 2349 Me-

54 2356 114 2394 Ῑ-’ὃν
122 2363 149 2387 ⁰·
160 2364 208 2394 34·
227 2364 381 2407 tropolita
394 2365 606 2400 Caesareensis:
616 2365 829 2406 Constantinus
840 2366 883 2397 ad
894 2366 986 2406 ampli
1016 2377 1095 2398 mum

227 2415 329 2455 templi
339 2416 428 2447 locum
440 2438 450 2454 ,
477 2416 566 2449 libero
587 2415 666 2448 Coelo
687 2424 841 2456 patentem
857 2440 866 2455 ,
893 2416 1100 2448 exornandum

222 2461 405 2507 secontulit,
434 2470 478 2496 cus
498 2463 631 2507 &solum
654 2466 754 2506 lapide
768 2471 874 2497 eximio
889 2465 1019 2505 stratum
1032 2490 1041 2505 ‚
1067 2467 1101 2500 &⁹

226 2520 355 2555 porticus
365 2517 459 2558 longis
471 2515 704 2548 ambulationum
711 2514 824 2558 spanis
847 2527 884 2548 ex
898 2516 994 2548 fribus
1006 2518 1104 2549 lateri-

228 2563 284 2596 bus
290 2566 464 2597 circumdati
473 2566 655 2607 permultum
666 2566 775 2598 decoris
791 2567 976 2598 attulerunt.
1007 2565 1049 2598 Et
1062 2565 1103 2599 de

233 2611 443 2648 Patriarchasi
462 2615 750 2649 Antiochenorurn
763 2615 903 2649 Ecclesia
917 2628 922 2646 :
935 2615 1110 2655 Constanti-

230 2671 287 2695 nus
298 2663 465 2706 universum
475 2667 612 2707 templum
629 2666 722 2706 longis
731 2666 898 2707 porticibus
923 2664 1104 2708 extrinsi’cus

232 2712 358 2752 :ribellis
380 2717 586 2749 circumdedit.
616 2715 659 2749 Et
670 2715 711 2749 de
736 2715 1107 2759 Constantinopolitana

233 2763 411 2795 sanstorum
436 2762 670 2806 Apostolorum
696 2766 832 2800 Bafilica
862 2779 869 2798 :
901 2771 978 2799 Hinc
999 2772 1109 2798 atrium

230 2816 337 2854 ingens
360 2823 394 2844 ac
400 2810 535 2856 subdiale
547 2817 776 2856 circumdatum,
802 2823 834 2848 in
854 2825 993 2857 apertum
1020 2818 1110 2858 &pu-

233 2870 301 2894 rum
311 2872 408 2894 aerem
429 2864 651 2904 explicabatur.
680 2867 777 2913 Hujus
798 2874 855 2908 per
867 2875 991 2908 quatuor
1012 2867 1109 2899 latera

231 2917 363 2954 porticus
383 2921 469 2945 erant
490 2911 629 2955 dispofitae
641 2938 651 2953 ,
675 2926 742 2956 quae
761 2917 890 2949 medium
912 2923 1022 2949 atrium
1046 2927 1110 2948 cum

230 2963 344 3002 templo
365 2960 425 3003 ipso
445 2962 724 3003 compleaebantur.
753 2965 848 3000 Atria
859 2977 939 3010 ergo
958 2967 1030 2999 sunt
1043 2966 1113 2999 sub.

65 3006 89 3039 Χ.
100 3015 163 3043 4-c·
174 3017 209 3044 59
234 3010 331 3047 dialis
343 3012 510 3045 Basilicam
540 3013 774 3057 circumcinges
783 3026 853 3052 area
867 3038 877 3055 ,
901 3026 1000 3060 quam
1012 3016 1114 3050 Geor-

238 3061 310 3104 gius
323 3060 474 3095 Codinus
485 3061 698 3106 Curopasates
712 3062 889 3098 Proaulion
903 3091 911 3105 ,
940 3065 1112 3100 Maximus

64 2891 137 2932 Capi
150 2900 198 2931 ⁴9·

239 3109 446 3152 Cytherenfis
471 3111 590 3146 Aulam
614 3111 789 3146 Narthecis
812 3137 822 3153 ,
846 3116 974 3158 antiqui
997 3116 1112 3150 Latini
1159 3119 1161 3122 ’

240 3171 437 3194 vocaverunt
458 3162 667 3196 Paradisum.
697 3160 747 3195 Ita
767 3163 807 3196 ad
819 3163 1015 3198 vaticanam
1039 3168 1117 3200 San-

1164 1266 1283 1310 mirific&
1306 1266 1420 1306 stravit
1441 1292 1447 1298 .
1475 1264 1519 1300 Et
1546 1267 1581 1300 in
1604 1264 1743 1309 ejusdem
1767 1260 1973 1298 Domnionis
1992 1261 2047 1294 seu
2071 1276 2137 1309 L-5·
2159 1280 2224 1310 cap,

1168 1318 1261 1351 Doni
1276 1317 1449 1351 Pontificis
1463 1317 1529 1351 vita
1539 1316 1620 1350 liber
1631 1315 1857 1350 pontificalis.
1870 1318 1925 1345 Hic
1936 1317 2049 1345 atrium
2071 1323 2085 1351 3
2096 1325 2118 1344 1.

1175 1370 1269 1401 Beati
1284 1370 1367 1400 Petri
1380 1367 1502 1410 Apostoli
1518 1366 1674 1410 superius,r
1700 1366 1779 1408 quod
1789 1361 1957 1406 Paradisus
1979 1363 2053 1394 dici-

1178 1427 1228 1451 tur
1241 1442 1251 1458 ‚
1278 1418 1372 1459 estque
1393 1427 1463 1449 anre
1474 1416 1651 1457 Ecclesiam,
1676 1422 1708 1448 in
1718 1417 1970 1457 quadriporticum
1991 1424 2053 1444 ma-

1163 1474 1235 1512 gnis
1248 1466 1445 1499 marmoribus
1460 1465 1593 1505 stravit.
1617 1466 1660 1498 Et
1673 1465 1705 1497 in
1724 1463 1917 1497 Caffinenfis
1936 1462 2055 1495 Mona-

1166 1516 1253 1551 sserii
1277 1514 1453 1549 Chronico
1478 1513 1548 1548 Leo
1568 1514 1788 1548 Marficanus:
1813 1512 1891 1545 otho
1906 1510 2054 1554 secundus

1167 1572 1332 1609 Imperator
1355 1569 1479 1598 Romam
1502 1566 1618 1598 rediens
1642 1566 1741 1597 eodem
1753 1572 1881 1605 tempore
1899 1561 2056 1603 dffunHus

1166 1615 1204 1656 est
1219 1641 1229 1657 ,
1255 1624 1345 1658 atque
1366 1621 1398 1648 in
1417 1615 1499 1647 labro
1512 1614 1712 1657 porphyretico
1733 1612 1868 1657 sepultus
1890 1637 1900 1652 ,
1927 1617 1958 1643 in
1981 1615 2058 1643 atrio

1168 1665 1305 1707 Ecclefiae
1335 1667 1428 1698 Beati
1456 1667 1540 1698 Petri
1562 1665 1708 1707 Apostoli,
1734 1663 1947 1698 introeuntibus
1959 1667 1991 1694 in
2003 1665 2057 1693 Ec-

1167 1714 1357 1758 clefiaeipfius
1375 1713 1558 1758 Paradisum
1583 1715 1736 1748 adlaeva.
1766 1715 1809 1748 Et
1822 1714 1968 1747 rursum:
2000 1715 2058 1743 De-

1162 1764 1288 1807 fiderius
1313 1765 1411 1798 abbas
1429 1765 1505 1806 fecit
1522 1771 1633 1798 atrium
1657 1776 1728 1799 ante
1738 1763 1899 1805 Ecclesiam
1911 1763 2059 1803 Cafflnen·

1165 1814 1227 1859 sem
1240 1838 1251 1854 ,
1261 1817 1340 1857 quod
1347 1819 1483 1847 Romana
1496 1813 1699 1857 consuetudin
1714 1813 1897 1856 Paradisum
1910 1816 2038 1845 dicimus
2047 1837 2055 1843 .

1171 1865 1280 1900 Etiam
1305 1865 1346 1899 de
1375 1866 1513 1908 Elgenta
1530 1865 1670 1899 Roberti
1686 1865 1791 1898 Ducis
1802 1875 1907 1897 uxore
1919 1862 2031 1896 scribit
2047 1875 2058 1895 :
2079 1887 2104 1916 L.
2120 1894 2135 1924 3
2157 1894 2190 1918 ca
2218 1888 2222 1893 .

1170 1920 1207 1947 In
1229 1914 1362 1954 Ecclest‘ae
1384 1914 1531 1957 paradi-fo
1552 1924 1622 1948 ante
1646 1914 1806 1956 Basilicam
1833 1917 1918 1947 Petri
1934 1910 2059 1954 Apostoli
2081 1905 2149 1965 ΖΞ]
2192 1895 2220 1925 P'

1170 1966 1313 1998 tumulari
1341 1971 1461 1997 oravit.
1491 1965 1534 1997 Et
1554 1965 1594 1999 de
1606 1964 1761 1998 defuncto
1783 1961 1951 2006 Arnulphi
1968 1964 2060 1996 Gan·

1169 2015 1273 2049 densis
1290 2015 1330 2048 ad
1343 2015 1495 2048 Sanstum
1522 2013 1656 2049 Petrum
1671 2014 1814 2049 Abbatis
1839 2015 1934 2048 fratre
1946 2011 2058 2046 scri-bit

1171 2065 1204 2098 in
1228 2065 1276 2098 sui
1300 2064 1496 2099 Monasterii
1520 2063 1690 2099 Chronico
1722 2063 1922 2107 Rudolphus
1943 2062 2057 2096 Abbas

1171 2115 1278 2148 Sancti
1304 2114 1479 2148 Trudonis
1493 2129 1504 2148 :
1525 2116 1621 2158 Jacet
1638 2114 1775 2157 sepultus
1798 2124 1871 2147 ante
1884 2113 2058 2145 Occidenta-
2079 2118 2142 2150 Lib,
2168 2130 2214 2151 Π,

1169 2167 1226 2198 lem
1240 2172 1361 2206 portam
1386 2165 1576 2204 Monasterii,
1603 2166 1682 2206 quod
1701 2165 1867 2197 circumdat
1888 2174 1991 2196 murus
2004 2174 2058 2196 un-

1172 2216 1261 2257 dique
1286 2213 1363 2254 vasti
1383 2214 1497 2246 &bene
1513 2213 1657 2255 compositi
1682 2213 1836 2255 Paradisi.
1865 2213 1975 2247 Etiam
1990 2214 2056 2247 Ro·

1170 2276 1273 2298 manae
1294 2263 1335 2297 ad
1357 2265 1500 2297 sanilam
1529 2266 1671 2298 Mariam
1693 2264 1889 2298 Medianam
1915 2263 2058 2297 Basilicae

1171 2315 1261 2348 fuisse
1277 2315 1368 2348 suum
1382 2337 1393 2354 ‚
1418 2324 1516 2356 quem
1526 2314 1709 2359 Gregorius
1724 2324 1856 2359 quartus
1878 2313 2059 2358 porticibus

1172 2366 1204 2399 &
1230 2365 1359 2397 musivis
1382 2365 1540 2407 parietum
1563 2365 1714 2407 operibus
1736 2366 1866 2399 ornarit
1888 2389 1899 2404 ,
1926 2363 2060 2397 Paradi-

1174 2417 1243 2448 sum
1267 2413 1377 2448 scribit
1399 2415 1434 2447 in
1460 2414 1583 2449 laudati
1599 2415 1771 2449 Pontificis
1794 2415 1858 2448 vita
1869 2414 2059 2448 Anastafius

1174 2463 1466 2498 Bibliothecarius.
1496 2464 1637 2499 Ecclesia
1657 2466 1747 2498 enim
1759 2467 1812 2498 seu
1823 2464 1956 2498 Basilica
1970 2488 1981 2503 ‚
2007 2463 2060 2497 uti

1173 2527 1212 2549 ex
1231 2515 1370 2549 Canone
1392 2513 1590 2558 Apostolico
1611 2516 1645 2548 in
1658 2515 1820 2548 Homiliis
1840 2516 1930 2558 super
1950 2515 2060 2548 Gene-

1173 2566 1228 2599 sim
1238 2565 1377 2599 advertit
1399 2566 1532 2599 Sanctus
1556 2566 1698 2609 loannes
1714 2563 1995 2607 chrysostomus,
2021 2564 2061 2597 fi-

1174 2616 1310 2660 gnificat
1327 2616 1447 2649 coelurn
1461 2640 1471 2656 ‚
1496 2616 1615 2650 &coeli
1635 2640 1644 2656 ‚
1669 2616 1706 2649 ‘in
1720 2615 1810 2660 quod
1822 2615 1931 2649 nullus
1944 2625 2059 2658 pravus

1175 2666 1294 2699 intrare
1308 2665 1411 2709 potest
1423 2690 1432 2705 ‚
1461 2667 1573 2711 imago
1587 2666 1630 2699 est
1642 2692 1652 2706 ‚
1679 2666 1819 2710 ideoque
1841 2667 1877 2700 &
1888 2666 1956 2708 ejus
1977 2663 2060 2697 atria

1175 2717 1249 2749 sunt
1262 2717 1374 2760 imago
1390 2716 1530 2749 Paradifi
1541 2741 1548 2748 .
1579 2717 1755 2750 Plantatus
1771 2715 1888 2750 enima
1904 2713 2059 2748 Domino

1177 2765 1330 2800 terrestris
1358 2764 1529 2799 Paradisus
1554 2766 1617 2799 fuit
1641 2766 1892 2810 praeambulum,
1917 2765 1950 2797 &
1971 2762 2059 2806 quasi

1178 2816 1294 2849 atrium
1308 2816 1387 2849 aulae
1399 2816 1431 2849 ὅ(
1445 2815 1554 2861 Regni
1566 2816 1710 2850 coelestis.
1737 2817 1830 2850 Hinc
1842 2814 2066 2852 Ecclefiarum,

1179 2867 1260 2900 atria
1276 2878 1343 2901 non
1357 2866 1432 2900 solis
1450 2864 1591 2909 pretiosis
1603 2864 1780 2910 porticibus
1792 2877 1848 2900 aut
1861 2862 2034 2908 parietibus
2048 2886 2060 2903 ‚

1154 2939 1157 2941 >
1179 2916 1230 2950 sed
1242 2916 1341 2951 etiarn
1352 2915 1520 2951 arboribus
1533 2941 1543 2957 ‚
1567 2917 1712 2951 odoratis
1725 2915 1828 2950 herbis
1841 2922 1953 2947 ornata
1965 2921 2058 2946 erant

1178 2969 1209 3001 δε
1223 2967 1369 3001 fontibus
1381 2990 1391 3007 ,
1418 2967 1459 3001 de
1473 2967 1590 3011 quibus
1604 2969 1634 3000 in
1655 2965 1876 3003 Ecclesiastica,
1886 2963 2034 2996 Historia
2047 2985 2060 3001 ‚

1180 3029 1299 3053 novam
1321 3017 1504 3060 Tyriorum
1518 3018 1694 3053 Ecclesiam
1717 3015 1851 3049 laudans
1865 3038 1875 3054 ‚
1901 3011 2061 3047 Eusebius

1180 3066 1398 3108 Metropolita
1419 3065 1642 3100 Caesareenfi52
1671 3063 1880 3104 Constantinus
1902 3075 1939 3097 ex
1952 3064 2062 3099 κάων·
2084 3073 2145 3105 Lib,
2173 3087 2215 3106 ω,

1178 3115 1215 3160 sa
1230 3116 1335 3157 fronte
1352 3116 1455 3148 latices
1472 3121 1666 3157 praeparavit
1676 3113 1782 3158 copioso
1791 3125 1937 3157 aquarum
1954 3113 2061 3154 fluxu,
2082 3125 2144 3154 cap·
2168 3127 2195 3151 4·

1178 3166 1329 3209 sacrorum
1335 3168 1486 3206 septorum
1493 3167 1664 3206 penetralia
1686 3165 1886 3198 accedentibus
1899 3166 1943 3196 ad
1961 3158 2063 3203 lustra·

238 3210 280 3244 eti
302 3209 392 3243 Petri
415 3210 581 3245 Basilicam
603 3211 694 3246 fuisse
716 3213 875 3257 insignem
897 3237 908 3252 ‚
934 3225 1116 3249 marmoreo
1156 3233 1160 3239 =
1184 3223 1290 3249 tionem
1299 3214 1496 3257 praestitutos.
1524 3215 1631 3249 lslotis
1648 3215 1800 3249 manibus
1820 3213 1996 3249 Ecclesiam
2014 3215 2060 3247 in-

240 3261 376 3295 stratum
387 3258 494 3303 lapide
508 3285 519 3299 ‚
543 3261 729 3296 Paradisum
741 3262 849 3296 scribit
860 3262 1047 3297 Monachus
1058 3263 1116 3298 Αἰ·
1158 3298 1162 3302 ,
1183 3276 1264 3300 trare
1276 3277 1340 3297 non
1356 3258 1711 3308 praesumebat'antiqua
1724 3264 1973 3298 Christianitas:
1992 3263 2061 3297 imo

68 3311 107 3386 ’.ξς
115 3320 141 3346 4·
161 3319 224 3350 cap·
241 3311 378 3344 moinus
389 3335 396 3342 .
426 3310 467 3343 Et
481 3309 600 3344 Paulus
611 3313 784 3347 Diaconus
799 3327 809 3346 .·
838 3316 961 3346 Domnio
971 3314 1113 3355 Pontifex

1186 3315 1319 3359 quidam
1345 3314 1494 3348 lavabant
1514 3316 1546 3349 ὃς
1566 3315 1661 3359 pedes
1679 3340 1686 3347 .
1716 3316 1806 3349 Hinc
1830 3315 1862 3348 in
1886 3315 1969 3349 atrio
1995 3313 2059 3346 bal-

244 3362 390 3394 Romana»
401 3358 534 3401 Ecclsfiae
543 3361 710 3404 locum-qui
722 3361 887 3406 Paradisus
904 3365 1010 3397 dicitur
1023 3389 1034 3405 ‚
1047 3374 1117 3399 ante
1186 3377 1244 3400 nea
1257 3389 1267 3404 ‚
1291 3365 1421 3408 piscina:
1435 3389 1446 3405 ,
1469 3366 1503 3399 δε
1523 3365 1629 3400 fontes
1648 3391 1655 3398 .
1678 3365 1727 3398 ‘Et
1756 3365 1832 3410 quia
1855 3366 1948 3398 illota
1965 3373 2058 3398 mens

247 3410 403 3452 Bafilicam
416 3412 508 3444 Beati
524 3414 607 3444 Petri
619 3413 754 3444 candidis
769 3413 921 3458 lapidibus
946 3420 1114 3450 marmoreis
1159 3452 1163 3458 ,
1184 3416 1228 3450 est
1239 3414 1388 3450 sordities
1410 3414 1506 3459 longe
1518 3415 1604 3460 pejor
1615 3441 1626 3455 ,
1652 3415 1748 3451 etiam
1762 3415 1951 3461 pauperibus
1969 3422 2059 3445 men·

343 3461 453 3501 t'lm'st.
468 3465 547 3503 Lupi
558 3465 644 3504 Oper.
656 3465 733 3496 Tom-
742 3467 792 3497 1V.

1598 3465 1631 3497 Y
1929 3461 2010 3495 dicis
