2352 3736
365 109 419 138 nn
453 91 723 147 LArmonuM
759 86 1070 132 Emscopokum
1105 100 1157 131 ετ
1189 85 1488 132 Cttmcoaum
1512 98 1833 136 commannis.

223 179 284 213 dus
296 173 488 217 stampensis
500 170 728 206 Bastardorum
740 171 868 203 causam
879 169 1032 204 acerrime
1049 167 1101 202 de·

224 226 384 266 senderit,
410 223 495 258 infra
514 221 724 256 ostendetur.
751 221 890 254 Laudari
916 220 1014 253 etiam
1024 219 1101 253 Gre-

222 277 309 323 gorii
321 276 356 309 in
368 273 494 318 Anglia
506 272 652 317 legatum
663 270 838 304 Othonem
852 270 961 304 Sancti
970 268 1102 302 Nicolai

226 328 261 362 in
272 324 437 359 Tulliano
449 333 575 358 carcere
588 320 794 355 Cardinalcm
804 319 1003 358 Diaconum,
1014 318 1102 362 quod

57 372 111 401 ΛΠ·
129 378 209 406 ¹²3⁷·
223 378 261 412 in
272 375 464 420 illegitimos
474 372 620 407 Clericos
633 371 713 405 dura
726 370 901 403 statuturus
918 368 1080 403 diceretur
1092 393 1103 409 ,

224 427 243 461 a
254 425 449 460 turbulentis
459 421 654 458 hominibus>
671 419 764 453 titisse
781 419 920 462 graviter
943 419 1103 462 periclita-

225 486 298 511 tum
314 500 325 516 ,
353 484 458 508 narrat
479 478 677 508 memoratus
698 467 874 503 Matthaeus
900 468 1103 502 Parifienfis.

225 526 442 561 Sanuiffimos
466 533 574 558 tamen
595 519 750 552 Canones
759 519 870 552 omnis
897 518 1030 552 tandem
1042 520 1103 554 La-

225 577 297 610 tina
316 574 456 609 Ecclefia
481 569 574 614 plene
597 568 798 611 acceptavit.
827 569 936 603 Etiam
962 569 1101 602 Latinos

225 626 305 660 ritus
327 625 415 668 sequi
435 619 589 655 consueta
603 618 745 652 Ecclesia
768 619 1021 653 Armeniorum.
1049 619 1104 652 Et-

225 677 315 710 enim
327 674 515 709 Diaconum
540 670 724 703 consecrare
743 668 816 702 istic
834 669 876 703 ab
887 667 1104 703 Archidiaco-

226 737 273 760 no
294 721 475 767 postulatus
492 719 695 762 Episcopus,
721 718 878 753 ritualiter
903 719 938 753 δε
963 719 1029 762 ipse
1053 729 1101 752 ro·

48 777 115 817 ¹301,
143 796 208 822 ¹14·
224 785 304 820 gart
323 773 412 804 scitis
423 770 505 803 illum
519 770 572 813 effe
584 768 732 812 exsandlo
755 775 942 803 matrimonio
962 777 1069 802 natum
1086 770 1104 801 ,ἓ

221 825 271 859 Ita
288 829 377 865 patet
395 821 590 864 exipsorum
613 818 697 852 libro
717 818 908 854 Pontificali
919 843 931 860 ‚
955 819 1103 854 exstante

221 871 308 918 apud
320 870 529 905 Clementem
541 869 706 903 Galanum
719 894 726 901 .

270 921 387 965 Rogat
401 920 442 954 de
452 920 529 954 solis
539 919 700 954 Diaconis
712 932 723 951 t
748 918 853 967 Qod
875 919 961 964 apud
980 920 1065 963 ipsos
1084 919 1101 953 a

219 971 412 1006 Diaconam
422 970 583 1014 incipiant
597 970 675 1003 sacri
691 970 833 1004 Ordines
846 994 857 1010 ‚
882 971 902 1004 ὲ
913 970 1032 1014 quibus
1054 971 1101 1003 so-

221 1022 262 1056 lis
274 1020 436 1056 Urbanus
459 1020 618 1055 secundus
640 1020 811 1055 Bastardos
821 1021 1022 1065 proscripsit,
1047 1020 1103 1054 Li-

219 1080 274 1106 cet
290 1071 360 1115 ejus
371 1071 527 1106 Canones
537 1071 708 1106 videantur
730 1070 771 1104 de
781 1072 897 1114 quovis
918 1071 1034 1106 ordine
1056 1070 1103 1104 lo-

219 1122 298 1164 qui,
312 1132 426 1157 eorum
437 1132 548 1157 tamen
563 1123 719 1163 interpres
730 1120 936 1155 Pistavienfis
948 1120 1102 1165 Synodus

219 1171 339 1206 diserte
348 1173 395 1207 ait
408 1187 419 1207 .·
446 1174 495 1205 Aa
501 1171 602 1215 sacros
631 1171 761 1204 Ordines
780 1182 837 1204 non
854 1180 1101 1213 promoveantur.

221 1221 267 1256 Et
278 1222 479 1256 Guiliclmus
490 1219 784 1255 Malmesberiensis
804 1220 933 1255 eosdem
947 1221 1103 1256 Canones

47 1275 109 1311 fol.
119 1285 184 1315 131.
220 1270 340 1317 redigit
350 1272 385 1305 in
397 1270 501 1307 hocce
526 1270 779 1314 compendium:
807 1273 901 1315 ,Quod
921 1272 1103 1311 Presbyterw

219 1333 287 1356 rum
312 1323 348 1357 o·
361 1322 596 1358 concubinarum
602 1319 660 1362 filii
669 1322 713 1354 ad
724 1321 959 1360 Presbyteratum
970 1333 1028 1355 non
1034 1330 1104 1364 pro-

219 1380 417 1407 moveantur.
443 1374 498 1408 De
508 1373 586 1407 solis
597 1372 676 1405 item
690 1371 785 1405 sacris
805 1371 987 1405 Ordinibus
1005 1371 1104 1405 Inno-

219 1422 370 1457 centium
379 1422 515 1458 tertium
525 1419 690 1456 consuluit
707 1418 857 1454 Andreas
877 1418 1104 1464 Archiepisco·

219 1481 281 1516 pus
305 1471 488 1507 Lundenfis
517 1494 525 1502 .
551 1467 733 1504 Postmodo
759 1479 869 1504 tamen
893 1470 934 1505 ad
961 1471 1104 1506 minores

220 1521 322 1556 ctiam
343 1521 498 1561 ordines,
523 1521 690 1565 ipsamque
715 1519 908 1555 Clericalem
935 1522 1099 1555 tonsuram

218 1571 351 1605 extensa
376 1571 425 1606 est
461 1570 678 1616 irregularitas
702 1595 710 1603 ,
738 1570 875 1606 Etenim
910 1570 1103 1606 Bonifacius

219 1619 715 1661 oeta-msadminoresordines‚
739 1621 773 1655 &
806 1621 961 1665 simplicia
978 1622 1104 1656 Benefi-

219 1670 271 1706 cia
294 1682 352 1716 per
371 1671 579 1717 Episcopos,
605 1670 647 1704 ad
668 1670 805 1714 majores
825 1670 902 1705 vero
922 1672 1040 1717 gradus
1066 1673 1100 1706 &

218 1721 405 1758 animarum
422 1731 533 1757 curam
558 1722 717 1764 permittit
728 1719 898 1756 Bastardos
917 1722 936 1756 a
947 1723 1018 1757 solo
1030 1723 1098 1757 Ro-

220 1781 322 1808 mano
333 1771 496 1808 Pontifice
520 1770 712 1816 dispensari.
741 1771 895 1816 Episcopi
909 1774 1101 1817 potestatem

219 1822 264 1857 ad
276 1818 489 1858 cathedrales
498 1822 597 1858 etiam
608 1820 802 1856 Praebendas
812 1845 824 1863 ‚
840 1834 910 1865 quae
923 1824 1102 1869 dignitates

219 1882 292 1918 non
303 1871 367 1907 fint
379 1896 391 1913 ,
415 1870 550 1917 quidam
564 1871 763 1907 extendunt.
792 1873 970 1916 Regulates
989 1874 1030 1908 ad
1055 1874 1102 1907 sui

217 1922 347 1957 ordinis
356 1922 468 1956 officia
492 1923 526 1957 δε
536 1922 710 1966 dignitates
720 1922 737 1956 a
750 1922 814 1956 suis
824 1922 966 1958 Praelatis
978 1924 1103 1967 dispen-

219 1972 281 2008 sari
291 1971 428 2007 indulsit
441 1972 622 2018 Gregorius
632 1972 779 2006 decimus
790 1983 937 2014 quartus.
967 1974 1010 2008 Et
1034 1975 1101 2017 qui-

216 2022 296 2057 dem
307 2024 448 2068 gratiam
471 2022 558 2057 hanc
579 2022 671 2055 fuisse
681 2022 763 2055 olim
775 2023 988 2064 facillimam,
1014 2024 1101 2057 lucet

219 2083 261 2107 ex
270 2072 462 2107 Innocentii
472 2072 560 2107 tertii
590 2072 631 2105 ad
643 2070 866 2106 Calaritanum
875 2072 1100 2119 Archiepisco—

148 2153 154 2161 ,
220 2130 299 2167 pum
329 2123 526 2166 Rescripto:
552 2121 744 2156 Bastardum
768 2147 779 2162 ,
805 2124 861 2166 qui
889 2124 991 2157 tacito
1018 2123 1100 2157 vitio

149 2162 208 2192 ’ω’
222 2174 363 2216 permisit
387 2175 420 2208 se
433 2173 466 2206 in
480 2173 677 2217 Episcopum
690 2172 867 2206 consecrari
883 2197 894 2213 ,
919 2173 1101 2208 dummodo

222 2222 303 2257 reste
314 2222 517 2258 administret
532 2247 543 2264 ‚
568 2222 602 2255 &
615 2233 683 2256 non
695 2222 820 2265 spurius
834 2247 845 2263 ‚
871 2223 925 2257 sed
946 2222 1101 2256 naturalis

223 2271 283 2311 sit,
308 2272 445 2308 affirmat
464 2284 533 2308 non
553 2272 660 2307 solum
689 2271 961 2312 misericorditer,
987 2271 1040 2306 sed
1067 2273 1099 2306 &

223 2319 349 2353 utiliter
362 2320 397 2354 in
412 2323 514 2365 gradu
523 2322 663 2355 tolerari.
690 2321 782 2355 Hinc
794 2323 872 2356 item
883 2320 1099 2362 Gaufredum,

222 2379 266 2402 ex
295 2369 439 2404 Henrici
460 2370 591 2404 secundi
610 2370 800 2415 Anglorum
830 2371 931 2416 Regis
944 2372 1099 2407 Bastardo

221 2418 425 2462 Episcopum
451 2419 716 2455 Lincolniensem
743 2432 799 2464 per
823 2421 1097 2465 dispensationem

223 2466 405 2504 Alexandri
416 2468 505 2503 tertii
518 2492 529 2508 ‚
555 2470 692 2511 potuiffe
702 2470 768 2504 fine
789 2482 875 2505 nova
891 2473 996 2516 gratia
1018 2472 1097 2517 eligi

48 1697 151 1731 [ar-tit.
161 1709 206 1731 ιι.

49 1747 106 1769 c-r.

53 2157 112 2186 Lr.
131 2162 144 2185 t

51 2202 128 2225 ξ-ιο.

53 2499 115 2564 ’Ᾰῗῇ
128 2506 208 2573 ζζξζζ
220 2518 255 2552 &
283 2519 448 2553 transferri
471 2518 511 2552 ad
523 2518 759 2553 Eboracensem
771 2519 1098 2565 Archiepiscopatum

53 2575 176 2605 Lim-1
185 2586 208 2604 ι.
223 2568 367 2604 scribunt
378 2567 571 2612 Radulphus
581 2567 622 2602 de
632 2568 754 2603 Diceto
767 2594 778 2610 ,
788 2570 822 2604 δε
834 2571 976 2613 Joannes
988 2572 1100 2605 Brom-

52 2613 177 2651 ιαμβι
187 2624 210 2644 1-
224 2627 343 2660 pronus
354 2644 362 2652 .
391 2617 493 2664 Qod
505 2630 620 2662 nempe
631 2617 829 2663 dispensatus
839 2621 880 2655 ad
905 2633 1010 2656 unum
1024 2621 1101 2666 Epi-

226 2667 391 2709 scopatu-m
403 2670 566 2704 censeatur
577 2668 773 2712 dispensatus
786 2670 827 2704 ad
838 2672 1100 2721 ommeam

227 2713 453 2753 liberalitatem
474 2743 484 2759 ,
511 2731 579 2753 non
600 2719 708 2754 solum
733 2720 843 2763 quoad
866 2721 1099 2766 Episcopatus,

226 2763 281 2796 sed
292 2768 397 2806 quoad
407 2769 517 2803 omnia
530 2769 685 2803 beneficia
697 2769 815 2804 merito
844 2771 1010 2806 restrinxit
1036 2773 1099 2806 Bo-

225 2812 366 2847 nifacius
381 2817 506 2852 0&²vus
516 2843 523 2851 .
550 2818 719 2854 Bastardos
731 2821 798 2854 sinc
810 2832 895 2855 nova
920 2823 1015 2856 venia
1040 2834 1100 2856 no-

225 2862 290 2895 luit
316 2863 358 2896 de
384 2863 539 2900 beneficio
563 2870 728 2904 transferri
748 2870 790 2904 ad
814 2870 1011 2907 beneficium
1023 2897 1033 2913 ‚
1060 2883 1097 2906 ac

224 2921 316 2945 novo
328 2914 496 2955 praesertim
507 2913 662 2953 beneficio
673 2921 850 2957 cumulari.
879 2922 966 2969 Qis
977 2923 1098 2967 irregu-

225 2961 388 2996 laritatem
412 2963 452 2996 ad
478 2965 615 2999 minores
625 2969 723 3004 etiam
747 2968 879 3005 ordines
889 2971 1074 3006 extenderit
1087 2997 1097 3013 ,

226 3011 362 3056 ignoro.
395 3013 540 3046 Forsitan
554 3015 659 3049 nullus
669 3013 789 3055 Canon
798 3045 809 3060 ‚
834 3021 889 3055 sed
900 3022 953 3065 912
964 3023 1096 3057 consue.

227 3059 309 3095 tudo
321 3086 328 3093 .
355 3062 411 3096 Est
437 3063 577 3096 omnino
591 3065 743 3106 piiffima..
769 3070 911 3106 Causam
934 3068 1038 3107 edicit
1063 3072 1096 3106 in

226 3110 343 3145 litteris
355 3110 397 3145 ad
406 3112 603 3156 Episcopum
611 3113 873 3154 cameracensem
886 3121 1098 3157 Innocentius

228 3160 343 3194 tertius
355 3175 365 3194 :
392 3164 440 3195 Ad
452 3161 612 3203 Bastardos
622 3171 743 3204 peccata
755 3169 919 3203 Parentum
944 3169 1100 3214 promotio-

228 3214 277 3243 nis
290 3212 498 3251 impedimenta
522 3211 730 3256 transmittunt
741 3240 751 3255 ‚
777 3227 809 3249 eo
828 3221 906 3258 quod
927 3228 1100 3267 propagatio

224 3264 361 3294 criminis
371 3266 403 3293 in
415 3262 469 3294 tali
479 3264 560 3303 prole
573 3268 694 3297 timetur
708 3289 718 3303 ‚
744 3266 814 3298 dum
828 3272 934 3300 vitiati
946 3269 1100 3313 ramusculi

226 3310 266 3343 de
277 3308 384 3353 vitiosa
392 3312 490 3344 radice
495 3315 670 3352 procedunt.
704 3314 786 3362 Qo
797 3316 1013 3352 fundamento
1040 3320 1102 3354 fuit

227 3361 320 3405 supra
335 3361 409 3395 usus
420 3361 520 3396 etiam
532 3361 700 3399 Leofricus
712 3364 824 3400 Abbas
834 3367 941 3401 Sancti
953 3364 1080 3403 Albani
1093 3394 1100 3402 .

56 3141 140 3182 Epist„
146 3146 192 3181 89.

1915 101 1977 148 39

1217 170 1300 203 Sunt
1309 178 1419 203 tamen
1430 166 1644 203 fundamenta
1657 194 1670 210 ,
1693 181 1734 205 ex
1744 169 1861 215 quibus
1879 170 2050 208 Bastardo-

1166 230 1237 252 rum
1249 243 1259 259 ,
1284 231 1353 253 non
1366 218 1471 253 solum
1482 218 1523 253 ad
1538 218 1770 263 Episcopatum
1781 245 1792 261 ,
1817 221 1872 257 sed
1895 223 1995 256 etiam
2005 222 2047 258 ad

1166 269 1332 303 inferiores
1342 269 1460 314 gradus
1470 268 1687 314 irregularitas
1699 271 1846 306 videatur
1867 271 1969 317 longe
1989 284 2049 306 an-

1165 319 1305 361 tiquior.
1333 320 1468 354 Etenim
1480 318 1564 354 inter
1576 320 1714 354 crimina
1726 344 1738 360 ,
1763 321 1932 364 dequibus
1946 322 2048 357 Euse-

1166 368 1257 402 bium
1269 368 1650 413 PelufiiMetropolitam
1674 371 1835 405 accusavit
1856 373 1941 415 apud
1966 373 2047 408 San-

1165 416 1251 452 &um
1278 419 1445 461 Cyrillum
1470 419 1732 455 Alexandrinum
1743 419 1965 456 Patriarcham
1991 422 2048 457 ffi-

1164 468 1262 502 dorus
1272 468 1459 508 Pelusiota,
1485 469 1550 502 fuit
1575 471 1610 504 δε
1623 471 1723 504 illud:
1751 471 1854 520 Qod
1873 471 2045 507 Martinia-
2062 474 2123 506 Lib.
2143 487 2171 504 ι.

1165 529 1265 559 num,
1291 519 1411 563 ignotae
1429 518 1567 562 originis
1596 518 1790 561 hominem,
1816 523 1853 556 in
1875 521 2046 565 Presbyte.
2061 518 2179 555 Ep-xzy.

1164 580 1234 602 rum
1247 568 1472 612 promovisset.
1501 568 1564 602 Per
1574 567 1724 612 ignotam
1736 572 1902 617 originem
1918 570 2046 606 videtur

1163 618 1346 663 intelligere
1364 617 1485 652 natales
1496 618 1716 660 meretricios,
1742 620 1913 664 dequibus
1934 621 2045 657 scribit

1163 668 1312 703 etiamad
1323 668 1518 713 Strategium
1528 666 1754 703 Monachum:
1782 672 1875 713 ,Quod
1886 684 1923 706 ex
1947 673 2046 715 forni-
2061 669 2125 701 Lib.
2151 681 2179 705 4-

1162 725 1238 752 cario
1247 718 1396 761 complexu
1411 717 1541 762 naftnur
1557 742 1569 758 ,
1590 720 1765 752 contumelia
1781 722 1906 761 afficitur
1921 747 1932 763 ,
1957 728 2046 766 quip-
2063 712 2118 750 ΕΡ·
2133 720 2199 747 ¹²9·

1159 778 1199 811 pe
1207 770 1287 811 quod
1295 768 1418 802 nothum
1441 779 1478 801 ac
1484 766 1620 811 spurium
1630 779 1769 811 vocetur,
1794 771 1830 804 ό·
1851 771 1956 813 ubique
1978 774 2048 806 loco-

1164 831 1230 852 rum
1242 827 1357 853 notetur
1366 824 1549 863 ignominia,
1575 820 1610 853 &
1630 818 1738 860 fivein
1758 822 1938 854 coenaculum
1953 845 1964 860 ,
1983 822 2049 862 five

1163 876 1195 903 in
1197 871 1362 915 Judtcium
1372 870 1580 913 ingrediatur,
1607 870 1678 903 inde
1690 870 1880 905 exturbetur.
1909 871 2050 917 Qanto

1165 921 1266 964 igitur
1284 921 1389 964 magis
1415 920 1434 952 a
1448 921 1535 953 sacro
1552 918 1651 954 Clero
1665 943 1677 960 ,
1702 921 1760 965 qui
1780 932 1822 955 ex
1851 920 2050 965 Apostolico

1164 969 1302 1004 Canone
1324 971 1387 1004 esse
1412 969 1495 1004 boni
1515 970 1696 1004 testimonii
1723 972 1777 1005 seu
1802 971 1897 1005 famae
1910 970 2051 1011 debeat,

1163 1021 1262 1054 etiam
1275 1020 1360 1064 apud
1372 1020 1449 1054 illos
1457 1020 1512 1064 qui
1528 1020 1607 1054 foris
1619 1020 1694 1055 sunt
1706 1021 1724 1052 ἒ
1750 1021 1795 1055 Et
1805 1019 1846 1056 de
1857 1019 2051 1066 Arnulpho‚

1165 1070 1477 1114 Hierosolymitanae
1491 1070 1637 1104 Ecclefiae
1650 1070 1765 1107 Elefio
1777 1095 1788 1112 ,
1815 1072 1924 1106 scribit
1943 1071 1979 1105 in
2002 1072 2048 1105 sa-

1164 1121 1210 1155 cri
1237 1120 1314 1155 belli
1340 1119 1475 1155 historia
1496 1121 1672 1156 Guibertus
1699 1122 1887 1166 Novigenti
1914 1120 2051 1156 Abbas=

1167 1174 1254 1213 Papa
1283 1171 1439 1215 Pascbalis
1462 1170 1610 1215 secundus
1626 1196 1637 1212 ,
1659 1171 1722 1214 post
1747 1181 1871 1205 mortem
1897 1171 2051 1215 Podlenfis
2067 1166 2225 1207 Lib-zfflss

1165 1220 1327 1264 Epist-opi,
1354 1227 1435 1256 vices
1449 1221 1542 1266 super
1554 1225 1702 1256 Dominici
1723 1229 1869 1256 exercitus
1889 1232 1961 1255 cura
1974 1221 2052 1266 ficas

1165 1273 1327 1305 mandavit
1337 1272 1498 1306 Damberto
1515 1271 1733 1316 Arcblepiscopo
1752 1272 1864 1317 Pisano
1876 1298 1883 1306 .
1911 1275 1977 1317 ,Qui
1995 1274 2052 1308 ele-

1162 1317 1287 1354 aionem
1306 1333 1373 1364 quae
1399 1323 1435 1356 de
1449 1322 1600 1364 ernulpho
1619 1322 1726 1364 fuerat
1743 1323 1836 1364 falla
1856 1324 2053 1363 eventilans,

1158 1369 1320 1414 secundum
1331 1374 1569 1414 Canonumjura
1578 1371 1773 1414 refutandam
1782 1374 1873 1405 duxit
1880 1398 1887 1405 .
1920 1372 2049 1416 Dtscuffo

1164 1428 1305 1456 nimirum
1318 1421 1446 1454 hominis
1453 1432 1560 1464 genere
1569 1445 1581 1460 ‚
1606 1424 1775 1454 sacerdotis
1785 1423 1868 1463 filius
1880 1429 2027 1463 reperitur
2038 1447 2051 1464 ‚

1162 1478 1214 1514 qut
1236 1482 1294 1504 non
1307 1469 1401 1513 filum
1421 1471 1443 1501 ἃ
1461 1467 1558 1512 sacris
1586 1476 1681 1502 arceri
1693 1472 2027 1514 praecanitur-gradibus
2040 1490 2053 1512 4

1157 1520 1216 1565 sed
1224 1520 1387 1564 secundum
1407 1521 1558 1554 Toletanae
1580 1521 1685 1558 synodi
1707 1519 1808 1563 seira,
1834 1523 1897 1562 ejus
1918 1521 2054 1564 Ecclefiae

1163 1572 1208 1604 ad
1215 1573 1298 1612 qu'us
1309 1572 1452 1612 iniuriam
1467 1568 1581 1607 constat
1589 1570 1640 1613 effe
1647 1576 1833 1614 progenitum
1844 1595 1856 1612 ‚
1878 1569 1990 1615 servus
1997 1574 2052 1612 ju-

1162 1621 1247 1656 betur
1251 1621 1321 1664 fieri
1339 1620 1557 1665 sempiternas.
1585 1621 1713 1655 Lucide
1731 1621 1816 1656 dicit
1836 1619 2054 1665 Arnulphum

1163 1672 1203 1707 ad
1215 1682 1330 1707 omnes
1342 1673 1446 1706 sacros
1456 1670 1601 1705 Ordines
1614 1671 1707 1706 fuisse
1718 1671 1930 1716 irregularem
1941 1696 1948 1703 .
1975 1670 2052 1706 Nec

1163 1722 1197 1757 id
1221 1721 1337 1767 probat
1364 1733 1407 1756 ex
1429 1722 1554 1756 recenti
1577 1720 1712 1756 Urbani
1732 1721 1865 1756 secundi
1878 1722 2052 1761 Decrero,

1164 1772 1217 1807 sed
1238 1784 1280 1806 ex
1295 1772 1433 1816 antiquo
1459 1771 1598 1806 canone
1612 1772 1803 1807 Toletano.
1844 1771 1981 1815 Utique
2006 1783 2051 1805 ex

1163 1834 1256 1858 nonae
1283 1822 1412 1866 Synodi
1438 1822 1590 1862 decimo,
1616 1822 1695 1857 sacri
1719 1822 1871 1863 Clerici,
1897 1823 1953 1855 seu
1972 1832 2052 1857 cum

1165 1873 1298 1908 Ancilla
1311 1898 1322 1914 ,
1348 1875 1403 1907 seu
1414 1883 1490 1907 cnm
1502 1873 1647 1918 Ingenua
1657 1872 1856 1918 conjugium
1866 1872 2053 1907 affirmante

1162 1925 1226 1958 effe
1237 1924 1462 1958 detestandum
1474 1948 1485 1963 ,
1510 1923 1543 1957 &
1554 1922 1755 1969 adjungente
1770 1936 1778 1956 :
1805 1923 1855 1956 Illi
1864 1948 1875 1962 ,
1892 1934 1930 1957 ex
1942 1922 2051 1966 quibus

1158 1973 1529 2018 filiigenitiprobabuntur
1543 1998 1553 2013 ‚
1586 1974 1737 2007 Canonica
1762 1973 1882 2017 censura
1905 1975 2052 2007 damnen-

1163 2033 1226 2056 tur.
1261 2025 1364 2056 Proles
1385 2032 1486 2058 autem
1499 2031 1573 2057 nata
1594 2035 1633 2058 ex
1654 2026 1711 2058 tall
1719 2026 1880 2067 pollutione
1891 2047 1902 2064 ‚
1928 2036 1986 2058 non
2003 2023 2050 2067 so-

1160 2075 1221 2107 lum
1243 2081 1404 2115 parentum
1427 2074 1636 2108 baeredltatem
1662 2074 1806 2118 nusquam
1818 2081 1947 2116 accipiat
1960 2099 1970 2114 ,
1992 2073 2052 2116 sed

1160 2129 1252 2157 etiam
1263 2130 1295 2157 in
1302 2123 1481 2167 servitutem
1497 2127 1562 2165 ejus
1576 2125 1707 2167 Ecclefiae
1723 2149 1733 2165 ,
1759 2127 1796 2158 de
1815 2126 1899 2165 cujus
1912 2125 2050 2157 sacerdo-

1162 2179 1202 2206 tis
1228 2176 1280 2207 vel
1297 2175 1423 2216 ministri
1436 2180 1598 2218 ignominia
1622 2180 1689 2208 nati
1704 2173 1778 2217 sunt
1801 2199 1812 2215 ,
1830 2176 1903 2215 jure
1920 2178 2050 2216 perenni

1162 2223 1323 2256 manebunt
1339 2249 1346 2255 .
1374 2225 1501 2271 Qatta
1524 2224 1608 2259 solas
1634 2223 1785 2259 Ancillas
1811 2223 2051 2265 Concubinas,

1162 2275 1276 2307 ostava
1291 2273 1390 2307 etiam
1403 2275 1569 2317 ingenuas
1580 2273 1665 2316 juffit
1675 2274 1798 2315 vendi,
1823 2272 1890 2308 haec
1909 2274 2050 2309 Toleta-

1163 2334 1203 2357 na
1215 2323 1354 2367 synodo
1374 2323 1416 2358 de
1429 2323 1507 2357 filiis
1522 2323 1631 2358 statuit
1641 2322 1771 2359 duriora
1783 2349 1794 2365 ‚
1820 2324 1968 2367 adeoque
1978 2326 2050 2358 san-

1161 2373 1210 2406 xit
1228 2372 1367 2407 infames
1391 2383 1488 2418 atque
1509 2374 1713 2418 irregulares.
1741 2375 1795 2408 De
1820 2375 1949 2416 multa,
1975 2386 2049 2418 quae

1161 2421 1206 2457 ob
1226 2422 1442 2457 inveteratam
1468 2423 1504 2457 in
1516 2423 1670 2459 Ecclefiis
1680 2424 1911 2469 grassationem
1926 2425 2051 2470 corrigi

1162 2483 1230 2507 non
1243 2473 1357 2516 possit,
1384 2473 1561 2509 Canonum
1575 2474 1839 2517 praevaricatione
1851 2475 2050 2509 lamentatur

1161 2523 1197 2557 in
1223 2522 1380 2556 Romano
1406 2525 1466 2558 suo
1493 2523 1665 2558 Itinerario
1691 2525 1792 2559 etiam
1804 2524 1982 2559 Ratherius
2007 2537 2049 2559 ex

1161 2572 1335 2607 Lobbiensi
1362 2573 1448 2617 apud
1475 2585 1536 2608 nos
1553 2572 1727 2609 Monacho
1749 2575 1945 2610 Veronensis
1970 2575 2050 2619 Epi-

1160 2623 1295 2666 scopus:
1322 2625 1354 2655 51
1375 2634 1532 2658 manzeres
1564 2626 1746 2659 acle-matu
1757 2624 1935 2667 abjicerent,
1961 2637 2049 2668 quem

1160 2678 1252 2707 enam
1266 2684 1306 2706 ex
1314 2675 1449 2715 puerulis
1459 2679 1492 2707 in
1502 2672 1598 2708 Cboro
1615 2674 1696 2715 stare
1703 2681 1909 2718 permitterent
1924 2677 1941 2708 ,ἶ
1967 2677 2048 2709 Om-

1160 2723 1211 2757 nis
1223 2722 1313 2757 enim
1337 2731 1417 2758 tunc
1427 2723 1545 2759 clerus
1570 2726 1606 2759 ὃς
1628 2725 1791 2771 sacrilegis
1801 2726 1966 2770 conjugiis
1979 2749 1989 2765 ‚
2013 2725 2047 2758 &

1160 2771 1358 2807 haereditaria
1385 2774 1421 2807 in
1456 2784 1608 2817 paternos
1618 2775 1736 2819 gradus
1757 2776 1952 2810 successione
1977 2785 2046 2808 erat

1162 2822 1331 2867 pollutus,
1357 2823 1498 2866 ideoque
1514 2824 1684 2860 constabat
1709 2826 1787 2859 solis
1813 2825 1878 2860 fere
1904 2825 1980 2858 filiis
1992 2824 2047 2857 Sa-

1158 2872 1336 2908 cerdotum.
1363 2873 1456 2908 Hinc
1466 2875 1498 2909 δε
1513 2875 1546 2908 in
1561 2875 1676 2910 litteris
1687 2876 1728 2910 de
1743 2876 1867 2910 illicitis
1878 2873 2046 2916 cujusdam

1160 2924 1284 2967 nuptiis
1309 2923 1473 2959 exclamat
1496 2924 1536 2959 ad
1550 2920 1643 2959 suum
1657 2925 1794 2961 Clerum
1816 2926 1901 2959 idem
1915 2923 2047 2966 Episco-

1183 2984 1219 3007 us
1233 2986 1240 3006 z
1254 2975 1324 3017 ‚Quo
1334 2979 1412 3008 etrca
1421 2975 1559 3008 monenda·
1572 2977 1606 3010 ὀ·
1615 2975 1784 3018 obftcrands·
1785 2975 1918 3015 fratres,
1930 2982 1965 3006 ut
1975 2977 2045 3014 quia

1155 3019 1403 3066 probibemprob
1414 3020 1510 3066 dolor-5
1522 3027 1543 3057 ἃ
1553 3026 1717 3057 mulieribus
1731 3025 1838 3056 valetis
1849 3023 1927 3056 nullo
1938 3025 2022 3055 modo
2035 3047 2047 3065 ,

1156 3068 1235 3116 filios
1246 3075 1283 3107 de
1294 3068 1379 3107 vobis
1389 3080 1547 3119 generatos
1562 3075 1750 3107 dimitteretis
1755 3071 1862 3116 saltem
1871 3073 1923 3115 effe
1934 3073 2021 3106 laicos
2030 3097 2043 3115 ,

1157 3124 1239 3166 filias
1263 3122 1346 3155 laicis
1362 3126 1548 3166 jungeretis,
1573 3131 1607 3154 ut
1622 3123 1674 3155 vel
1694 3128 1726 3156 in
1753 3121 1816 3164 fine
1831 3120 1938 3166 saltem
1950 3122 2043 3162 vestro

1163 3178 1370 3206 terminaretur
1384 3196 1394 3211 ‚
1420 3171 1609 3214 &nusquam
1622 3177 1653 3204 in
1673 3171 1763 3214 finem
1787 3170 1892 3215 saeculd
1917 3174 2042 3207 duraret

1164 3221 1287 3262 vestrum
1297 3222 1492 3254 adulterium.
1519 3221 1682 3265 Sacrilega
1694 3221 1784 3256 Cleri
1799 3222 1955 3268 conjugia
1976 3223 2040 3257 esse

1166 3271 1307 3306 invalida
1320 3294 1331 3310 ,
1354 3270 1438 3304 &ex
1452 3270 1525 3314 ipsis
1546 3279 1641 3305 natos
1657 3271 1763 3307 lucide
1781 3274 1889 3307 censet
1914 3283 2041 3307 manze-

1166 3332 1234 3359 res,
1258 3320 1397 3362 ideoque
1420 3319 1768 3364 ejiciendoseChoro,
1795 3323 1850 3357 seu
1872 3322 2039 3357 minorum

1166 3372 1262 3405 etiam
1288 3368 1449 3415 graduum
1469 3370 1635 3416 incapaces
1657 3396 1664 3404 .
1689 3372 1733 3407 Et
1759 3372 1801 3408 ad
1820 3371 1906 3408 hane
1931 3372 2038 3407 sanai

1918 3422 1988 3455 Ane-
