2352 3736
44 538 208 574 Anna374.

48 1559 107 1588 An·
125 1566 207 1592 1074·

45 1824 71 1855 L
84 1824 209 1862 »Ἐριῶ-

49 2018 121 2057 Cap-
141 2026 166 2047 ι.

52 3182 117 3214 Lt-
134 3183 213 3222 Ep-3.

361 162 415 191 DE
450 144 719 189 LATINORUM
755 142 1065 186 EPISCOPORUM
1101 154 1151 183 ET
1186 137 1482 183 CLERICORUM
1508 153 1833 186 CONTINENTIA·

222 230 340 264 Eodem
352 239 431 260 anno
440 232 519 260 mira
542 226 627 259 Setia
653 234 716 259 tam
727 229 859 259 virorum
872 247 883 264 ,
902 233 991 264 quam
1001 223 1100 254 mulie-

224 292 312 320 rum,
338 284 424 312 venit
445 274 660 320 Aquisgranum
684 276 721 308 de
740 274 877 317 partibus
899 273 1101 312 Alemanniae,

222 332 262 365 ⁴&
272 328 403 372 ascendit
427 326 514 371 usque
537 327 581 359 ad
590 330 778 359 Harmoniam
786 327 838 366 seu
848 326 876 354 F
877 327 1008 354 ranciam
1019 347 1029 362 ‚
1054 333 1102 354 cu-

219 381 276 422 jus
289 381 362 412 talis
372 389 437 412 erat
447 378 574 410 conditio
587 400 594 407 .
622 373 774 419 Utriusque
788 370 877 415 smus
887 371 1019 404 homines
1037 372 1103 404 illu-

225 430 380 463 debantur
400 431 421 460 ci
446 430 608 465 daemom'o,
632 430 666 458 ut
676 432 740 456 tam
756 428 788 454 in
800 421 933 455 domibus
955 433 1047 464 quam
1070 427 1102 454 in

223 481 337 522 plateis
348 503 359 519 ,
386 480 460 513 &in
472 471 632 517 Ecclefiase
644 478 771 505 invicem
789 483 882 505 manu
901 480 1035 507 tenentes
1049 473 1103 504 du-

224 539 325 564 cerent
333 529 452 562 choreas
461 551 472 566 ,
500 527 534 559 ὁ·
548 529 582 556 in
593 523 688 556 altum
696 521 843 566 saltarent
852 546 863 562 ‚
890 528 1010 555 nomina
1023 532 1103 568 quae·

227 582 302 613 dam
323 581 532 612 daemoniorum
553 578 743 609 nominantes
755 596 766 613 ,
793 583 844 605 nec
862 573 953 608 ullam
970 576 1102 616 cognitio-

224 641 295 664 nem
313 634 345 661 in
363 623 527 668 hujusmodi
547 622 656 656 choreis
677 633 727 657 nec
749 623 958 656 verecundiam
976 629 1099 664 propter

225 678 389 720 adstantem
394 675 535 716 populum
545 673 688 709 habentes
701 697 709 704 .
734 676 771 705 In
776 672 839 715 fine
851 674 921 706 vero
932 671 1102 710 chorizatio-

223 733 327 764 nistra
336 729 414 757 circa
423 723 588 765 peHoralia
600 723 812 765 torquebantur
824 748 835 763 ‚
860 731 894 755 ut
917 720 973 763 nifi
981 730 1102 764 mappu-

222 780 262 813 lis
272 777 360 809 lineis
382 772 476 817 sisuis
494 778 597 806 amicis
610 778 687 806 circa
706 774 823 806 ventra's
835 774 964 805 medium
977 772 1102 813 fortiter

218 826 433 868 stringerentur
448 848 459 864 ‚
485 822 684 867 quafisuriose*
695 823 858 859 clamarent
863 821 897 866 se
908 827 997 856 mori.
1025 824 1102 855 Tan-

219 877 289 910 dem
300 876 408 908 Leodii
416 882 471 916 per
482 869 698 913 conjurationes
711 897 722 912 ‚
746 872 886 916 sumptas
907 873 943 905 de
961 872 1022 905 illis
1035 883 1103 914 quae

220 933 292 960 ame
314 922 493 968 baptismum
514 930 546 956 in
557 921 750 965 cathechismo
760 922 842 964 fiunt
852 947 863 963 ,
888 925 909 958 ἰι
919 924 1062 956 daemonio
1071 923 1102 955 li-

220 975 423 1015 iterabantur,
453 972 597 1016 &sanati
608 973 747 1006 dicebant
767 971 849 1017 visos
862 971 1033 1016 setempore
1042 970 1103 1014 sal-

219 1030 345 1060 tationis
356 1021 506 1071 immersos
516 1030 548 1056 in
555 1022 676 1064 flumine
690 1021 852 1066 sanguinis
861 1046 872 1063 ‚
901 1025 1100 1065 &propterea

217 1075 253 1120 se
271 1081 303 1108 in
313 1075 408 1109 altum
428 1072 568 1121 saltasse.
597 1075 706 1118 Vulgus
719 1074 822 1107 Leodii
842 1073 958 1112 dicebat
975 1074 1099 1115 plagam

218 1126 306 1160 illam
313 1126 420 1168 populo
439 1125 599 1168 contigisse,
630 1130 699 1167 quia
721 1125 798 1157 male
808 1134 875 1158 erat
902 1124 1075 1166 ,baptizatus
1092 1146 1103 1162 ,

220 1177 395 1209 &maxime
406 1177 426 1206 ἃ
441 1175 624 1213 Presbyteris
644 1174 865 1210 concubinariis
875 1199 882 1206 .
909 1176 983 1217 ,Qua
993 1174 1029 1205 de
1038 1184 1104 1206 cato·

217 1223 258 1269 sa
277 1224 470 1268 proposuerat
489 1225 601 1267 vulgus
623 1222 771 1266 insurgere
791 1229 824 1257 in
844 1224 986 1264 Clerum,
1013 1221 1103 1265 iisque

219 1276 380 1309 trucidatis
393 1274 470 1308 bona
487 1285 584 1311 eorum
594 1275 724 1315 diripere
736 1297 746 1313 ‚
773 1273 830 1316 nisi
836 1275 917 1308 Deus
930 1275 967 1307 de
977 1274 1104 1311 remedio

217 1333 278 1368 per
288 1327 506 1367 conjurationes
523 1324 691 1366 praedn‘tas
706 1325 882 1367 providiffi’t
893 1349 900 1356 .
928 1323 978 1358 Ita
993 1323 1105 1364 multis

221 1375 259 1410 in
271 1376 353 1409 locis
362 1374 568 1413 Clericorum
582 1372 722 1407 Castitas
730 1374 791 1411 fuit
802 1373 973 1407 restaurata
987 1398 993 1405 .

284 1426 452 1470 Qartum
483 1431 713 1467 argumentum
761 1422 871 1464 prodit
905 1421 1102 1456 Lambertus

225 1472 557 1519 Schafnaburgenlis‚
583 1470 694 1504 dicens
714 1469 754 1505 de
768 1471 923 1515 sigifrido
937 1471 1107 1515 Archiepi-

227 1524 327 1566 scopo
348 1521 602 1566 Moguntinenfi
625 1534 632 1554 :
661 1520 895 1564 Archiepiscopus
926 1521 1024 1565 sciens
1050 1534 1106 1555 non

221 1579 321 1615 parvo
333 1571 456 1612 constare
466 1580 585 1614 operam
598 1570 673 1604 hanc
683 1596 694 1612 ,
719 1580 752 1604 ut
763 1581 849 1605 tanto
872 1581 1000 1614 tempore
1022 1574 1107 1606 inoli-

225 1632 292 1656 tam
313 1620 547 1665 consuetudinem
566 1623 724 1655 revelleret
735 1646 745 1662 ‚
771 1631 861 1664 atque
879 1624 925 1655 ad
934 1624 1106 1656 rudimenta

225 1671 374 1716 nascentis
387 1671 520 1714 Ecclefiae
526 1670 723 1715 senescentem
730 1674 801 1712 jam
812 1674 955 1705 mundum
967 1673 1107 1714 reforma.-

222 1722 288 1757 ret.
316 1722 395 1757 Erat
416 1722 557 1756 omnino
577 1722 712 1766 antiqua
733 1723 935 1757 consuetudo
948 1748 958 1763 ,
984 1724 1026 1757 de
1044 1735 1107 1766 qua

223 1771 269 1808 ad
279 1772 522 1810 Theoduinum
536 1771 755 1806 Leodiensem
768 1773 966 1816 Episcopum
982 1774 1105 1818 Grego-

225 1823 293 1858 rius
305 1823 479 1866 septimus:
507 1823 633 1856 Inolevit
655 1833 692 1855 ex
715 1828 920 1857 taciturnitate
935 1824 1105 1864 Pastorum.

225 1871 480 1907 Dormientibus
501 1873 590 1907 enim
607 1871 819 1913 hominibus,
846 1875 929 1907 solet
953 1875 1109 1908 inimicus

222 1922 355 1966 peffima
377 1922 501 1960 zizania
521 1923 556 1956 in
570 1922 719 1956 Eccleliae
742 1934 823 1967 agro
836 1935 873 1957 ac
888 1924 985 1958 tritici
999 1923 1108 1958 medio

221 1972 475 2016 superseminare
487 1995 496 2004 .

222 2022 285 2057 bus
303 2021 381 2057 reste
401 2022 437 2056 in
452 2024 591 2065 Synodo
612 2022 801 2057 Turonenfi
823 2024 907 2056 dixit
922 2024 1109 2057 Alexander

223 2072 340 2107 tertius
352 2085 364 2104 :
391 2075 583 2106 Diuturnitas
606 2078 745 2115 temporis
768 2084 825 2106 non
839 2077 949 2106 minuit
966 2082 1088 2115 peccata
1100 2097 1110 2113 ‚

219 2120 277 2166 sed
283 2130 383 2166 auget.

968 2223 1110 2230 -————

384 2285 728 2334 CAPUT
799 2290 937 2335 VII.

226 2403 479 2468 Exponuntur
499 2407 630 2451 Leonis
657 2406 777 2468 Noni
798 2441 811 2465 9
846 2411 905 2452 &
935 2409 1109 2478 Gregorii

394 2475 558 2538 vSeptimi
582 2488 709 2520 contra
735 2472 804 2522 has
806 2473 936 2540 sordes

569 2547 730 2593 Decreta
744 2580 756 2591 .

225 2657 372 2740 FOEda
390 2658 457 2695 haec
483 2661 615 2697 licentia
646 2663 713 2697 fine
725 2664 830 2699 fioeno
856 2669 997 2704 cucurrit
1009 2672 1106 2714 usque

304 2710 344 2745 ad
356 2711 553 2756 Gregorium
566 2714 692 2747 sextum
704 2713 899 2751 Pontificem
912 2719 1012 2765 longe
1022 2722 1105 2764 opti·

227 2765 318 2790 mum
328 2782 338 2797 ‚
364 2761 418 2795 sed
441 2772 538 2805 quem
553 2763 718 2798 Henricus
747 2766 904 2802 secundus
926 2770 1105 2813 Imperator

227 2811 587 2847 tamquamSimoniace
598 2814 756 2848 intrusum
771 2816 954 2860 deportavit
976 2821 1010 2854 in
1025 2821 1105 2855 Ger-

226 2855 374 2911 maniam
385 2879 396 2896 ‚
420 2862 557 2902 optimas
568 2863 636 2906 ejus
648 2864 846 2901 intentiones
856 2868 1030 2911 frustrans,
1058 2881 1104 2905 at-

225 2914 293 2947 que
316 2915 384 2948 ejus
405 2905 440 2940 in
463 2908 568 2946 locum
584 2913 739 2957 imposuit
762 2916 970 2953 Clementem
993 2922 1103 2955 secun-

225 2953 307 2987 dum
321 2979 333 2994 2
358 2966 453 3011 antea
464 2957 652 3002 Suigderum
667 2965 866 3010 Episcopum
887 2969 1103 3016 Bambergen-

225 3003 294 3038 sem
305 3029 312 3036 .
340 3002 481 3049 Aliquot
490 3007 657 3047 dumtaxat
669 3015 830 3050 menfibus
842 3016 895 3052 hic
907 3019 986 3054 sedit
998 3046 1009 3062 ,
1033 3033 1101 3055 non

227 3053 333 3088 solum
343 3055 480 3091 nomine
489 3080 501 3096 ‚
521 3057 572 3092 sed
585 3059 618 3092 ὅ(
628 3073 659 3096 re
669 3064 825 3101 Clemens
837 3068 975 3103 nimium
988 3095 999 3112 ‚
1012 3071 1102 3105 ideo-

228 3113 293 3144 que
315 3103 357 3139 ad
376 3105 471 3140 illum
484 3130 496 3147 ‚
521 3105 682 3152 Principis
701 3113 781 3154 juffu
804 3118 893 3161 prius
914 3121 1056 3155 acriter&
1071 3123 1102 3155 se

229 3153 493 3197 exstimulatum,
520 3157 639 3200 scripfit
650 3159 815 3203 desperans
837 3169 969 3204 sanetus
989 3170 1102 3206 Petrus

230 3203 389 3239 Damiani
400 3217 408 3237 Ζ
426 3208 515 3249 ‚Quid
516 3209 615 3249 juvat
626 3210 725 3242 sedem
737 3215 920 3254 Apostoltcam
933 3221 970 3254 de
980 3221 1103 3253 tenebris

206 3277 211 3281 ι
229 3252 274 3285 ad
281 3253 372 3286 lucem
387 3257 521 3298 remeaffe
532 3280 543 3296 ‚
560 3256 648 3299 finos
659 3259 752 3291 adhuc
761 3268 794 3294 in
803 3263 905 3306 iisdem
920 3270 1046 3303 tenebris
1059 3283 1105 3305 re.

228 3313 384 3336 manemus
395 3305 412 3336 ἓ
438 3312 503 3341 Nos
511 3305 705 3349 sperabamus
722 3313 801 3351 quod
806 3321 838 3346 tu
853 3314 920 3359 effes
940 3320 1105 3361 redemptu-

228 3362 281 3384 rus
293 3351 406 3396 Israel.
431 3354 510 3397 Ejus
528 3368 635 3391 autem
653 3359 809 3395 successor
828 3364 986 3400 Damasus
996 3370 1106 3403 secun-

226 3400 315 3445 δυσ,
338 3413 434 3441 antea
446 3405 563 3451 Poppo
574 3407 775 3445 Brixinenfis
798 3413 1000 3461 Episcopus,
1025 3418 1102 3454 sedit

523 1973 636 2020 Quare
656 1973 697 2007 de
724 1973 842 2012 talibus
864 1974 1113 2008 consuetudinie

1908 158 1964 188 21

1164 233 1217 265 per
1231 221 1299 255 dies
1310 222 1415 256 solum
1429 221 1572 266 viginti,
1597 231 1695 266 atque
1716 222 1794 259 hinc
1815 224 1855 260 de
1864 225 2040 261 'successore

1164 273 1282 305 santio
1304 273 1418 306 Leone
1437 283 1529 305 nono
1558 296 1568 312 ,
1594 282 1670 306 ante
1696 275 1852 310 Brunone
1875 275 2040 320 Episcopo

1164 321 1337 362 Tullenfi‚
1363 334 1400 356 ac
1412 321 1477 364 ejus
1505 322 1656 356 Remenfi
1684 323 1822 366 Synodo
1841 326 1951 360 scribit
1977 338 2043 361 ma-

1164 382 1267 415 gnum
1282 372 1389 415 Belgii
1402 372 1625 406 Chronicum:
1651 372 1705 405 Ubi
1719 375 1881 413 Presbyteri
1901 382 2044 418 uxorati,
2058 375 2116 411 1³01.
2131 386 2193 414 ¹13·

1161 419 1341 462 persuasione
1357 426 1487 465 Hugonis
1508 422 1631 456 Abbatis
1644 423 1841 465 Cluniacenfis
1852 447 1863 463 ,
1886 427 1907 457 ἃ
1928 426 2043 460 Catho⁴

1164 472 1282 504 licorum
1305 478 1524 517 congregatione
1564 474 1598 507 (0⁰
1623 472 1755 515 Ecclefiis
1781 476 1929 509 eliminati
1951 477 2041 518 sunt.

1167 521 1276 555 Etiam
1288 521 1306 554 a
1317 522 1436 556 sancio
1449 520 1546 556 Petro
1557 522 1713 558 Damiani
1727 549 1737 564 ,
1762 524 1869 565 adhuc
1889 526 2045 568 Eremia,

1163 570 1290 616 ejusque
1301 570 1385 604 libro
1399 571 1645 606 Gomorrhiano
1654 574 1746 608 fuiffe
1756 585 1940 618 permotum
1950 588 2045 618 opus,

1164 621 1228 664 ipse
1239 621 1274 654 in
1287 620 1370 655 datis
1382 621 1422 654 ad
1435 620 1529 657 illum
1543 622 1732 657 laudatoriis
1758 626 1874 666 litteris
1887 625 2046 660 Pontifex

1164 671 1333 714 profitetur
1355 695 1364 704 .
1392 670 1470 713 'Ejus
1495 672 1673 706 Decretum
1693 697 1705 713 ,
1731 676 1820 717 quod
1846 677 1923 719 saepe
1948 677 1983 710 ὅτ,
2009 676 2046 710 in

1164 720 1326 755 Conciliis
1336 744 1348 761 ,
1372 721 1406 756 ἀ
1416 732 1471 766 per
1482 721 1625 765 Legatos
1635 745 1645 760 ‚
1670 722 1703 756 &
1714 733 1768 765 per
1778 723 1939 766 Epistolas
1949 726 2047 761 inno-

1163 772 1245 805 varit
1257 795 1268 811 ‚
1295 771 1403 808 laudat
1414 771 1449 804 in
1463 771 1580 810 litteris
1590 772 1630 806 ad
1643 771 1863 815 Rudolphum
1873 775 1993 810 Sueviae
2010 776 2046 814 ὃς

1164 819 1376 855 Bettholdum
1400 820 1580 857 Carinthiae
1590 822 1721 857 Ducem
1746 824 1926 867 Gregorius
1953 826 2046 869 septb

1164 882 1252 906 mus.
1279 871 1387 914 Ipsum
1411 873 1507 906 refert
1532 882 1631 918 atque
1648 873 1787 908 innovat
1808 873 1963 909 Romana
1984 876 2045 914 Ni-

1163 922 1248 956 colai
1270 920 1403 956 secundi
1423 921 1597 964 synodus:
1625 927 1664 956 Ut
1685 925 1784 958 nullus
1799 924 1916 968 Missam
1938 925 2045 958 audiat
2127 953 2149 986 E

1166 971 1351 1013 Presbyteri,
1376 983 1464 1014 quem
1469 970 1528 1015 scit
1541 973 1741 1008 concubinam
1754 975 1967 1013 indubitanter
1991 975 2046 1008 ha·
2063 953 2124 989 {⁶²
2151 959 2228 992 p'45’

1163 1022 1250 1063 bere,
1275 1031 1330 1056 aut
1353 1020 1611 1066 subintroduc‘lam
1636 1026 1802 1060 mulierem.
1833 1027 1916 1059 Unde
1952 1031 2046 1060 etiam

1163 1070 1342 1115 ipsasane‘la
1357 1074 1486 1112 synodus
1506 1072 1558 1108 boc
1569 1076 1743 1116 Capitulum
1762 1075 1819 1118 sub
1832 1079 2048 1111 Excommuni-

1164 1128 1276 1161 catione
1278 1122 1389 1164 statuit
1400 1125 1518 1156 dicens:
1545 1125 1727 1168 ‚Quicumque
1741 1127 1947 1169 sacerdotum,
1975 1131 2051 1160 Dia-

1163 1183 1295 1206 conorum
1325 1198 1336 1215 ,
1362 1172 1628 1214 subdiaconorum,
1651 1176 1714 1217 pist
1725 1176 1920 1216 Constitutum
1939 1179 2051 1211 Beatae

1165 1228 1308 1257 memoriae
1318 1225 1538 1268 Praedecefforls
1549 1225 1636 1266 nostri
1646 1226 1819 1266 Sanc‘liffimi
1832 1230 1927 1270 Papae
1941 1232 2055 1262 Leonis

1165 1273 1201 1306 de
1214 1273 1346 1314 castitate
1359 1275 1540 1309 clericorum
1553 1300 1564 1316 ,
1589 1276 1789 1315 Concubinam
1795 1278 1900 1318 palam
1910 1279 2053 1317 duxerit,

1167 1323 1217 1356 vel
1235 1324 1354 1357 duliam
1376 1336 1433 1357 non
1455 1327 1627 1367 reliquerit,
1654 1338 1692 1360 ex
1713 1335 1803 1368 parte
1833 1332 2054 1370 Omnipotentis

1169 1376 1225 1406 Dei
1246 1398 1257 1413 ‚
1302 1373 1485 1408 authoritate
1505 1377 1666 1408 Beatorum
1686 1376 1879 1418 Apostolorum
1907 1381 1992 1411 Petri
2018 1379 2054 1411 (9·

1170 1425 1257 1455 Pauli
1283 1448 1293 1463 ‚
1315 1430 1510 1464 praecipimus
1537 1427 1572 1457 (5
1594 1426 1710 1456 omnino
1734 1429 1964 1463 contradicimus
1979 1452 1989 1468 ,
2018 1436 2054 1461 ut

1169 1473 1283 1514 Missam
1303 1483 1360 1504 non
1378 1480 1482 1504 cantet
1495 1495 1506 1510 ,
1532 1482 1626 1514 neque
1637 1475 1843 1517 Evangelium
1868 1478 1921 1509 vel
1939 1477 2055 1518 Episto-

1165 1525 1250 1562 lam,
1276 1530 1331 1554 aut
1354 1522 1471 1564 Missam
1490 1521 1569 1565 legat
1588 1546 1600 1562 ‚
1627 1534 1719 1565 neque
1744 1530 1777 1556 in
1806 1526 1986 1564 Presbyterio
2012 1528 2058 1559 ad

1169 1573 1278 1604 divina
1290 1572 1378 1613 officia
1390 1583 1456 1604 cum
1469 1577 1509 1604 iis
1520 1597 1531 1613 ,
1556 1577 1605 1614 qui
1611 1574 1757 1614 praefatae
1772 1576 1980 1615 constitutioni
1993 1577 2057 1609 obe-

1167 1623 1283 1654 dientes
1289 1621 1431 1663 fuerint,
1456 1631 1601 1663 maneat,
1628 1634 1719 1666 neque
1738 1633 1855 1666 partem
1877 1627 1915 1666 ab
1928 1625 2056 1668 Ecclesia

1164 1669 1325 1714 suscipiat,
1352 1684 1408 1714 quo
1434 1670 1524 1715 usque
1546 1674 1565 1706 ἃ
1592 1673 1674 1707 nobis
1683 1674 1836 1717 sententia
1856 1675 1946 1719 super
1957 1675 2057 1720 hujus-

1167 1723 1247 1754 modi
1267 1724 1429 1763 procedat.
1451 1721 1454 1724 ’

1218 1772 1342 1806 Leonis
1352 1785 1431 1818 ergo
1444 1771 1486 1807 de
1496 1773 1573 1808 solis
1584 1774 1785 1819 Presbyteris
1796 1778 1976 1812 Decretum
1996 1777 2059 1811 Ni-

1169 1821 1280 1856 colaus
1307 1823 1348 1856 ad
1371 1824 1544 1858 Diaconos
1579 1825 1613 1858 ὃς
1635 1827 1861 1862 Subdiaconos
1882 1827 2031 1862 extendit
2047 1853 2056 1860 .

1169 1872 1272 1917 Qod
1294 1872 1398 1915 ipsum
1426 1875 1461 1909 in
1475 1875 1531 1908 sua
1554 1874 1709 1911 Romana
1721 1878 1860 1920 Synodo
1888 1879 2058 1912 fecitAle-

1171 1923 1293 1956 xander
1304 1924 1481 1958 secundus.
1509 1924 1634 1960 Imitari
1649 1928 1722 1960 sunt
1744 1928 1947 1971 Stephanum
1971 1928 2059 1963 deci«
2077 1942 2126 1978 L4
2151 1945 2240 1983 39⁰3·

1171 1983 1280 2022 mum,
1307 1973 1426 2017 dequo
1453 1974 1489 2007 in
1502 1975 1619 2009 litteris
1640 1977 1680 2011 ad
1704 1976 1925 2013 Kunibertum
1937 1979 2059 2013 Tauri-

1172 2023 1303 2055 nensem
1317 2023 1518 2067 Episcopum
1530 2025 1640 2060 scribit
1653 2029 1785 2063 Sanetus
1796 2028 1911 2064 Petrus
1922 2030 2059 2064 Damia-

1172 2071 1228 2104 ni:
1254 2074 1343 2114 Papa
1353 2073 1542 2116 Stephanus,
1568 2083 1620 2118 qui
1633 2080 1690 2111 zeli
1702 2079 1831 2114 Phinees
1858 2081 2058 2113 ‹emulabatur-

1170 2123 1326 2163 ardorem,
1353 2135 1451 2163 omnes
1462 2126 1592 2159 clericos
1628 2131 1729 2162 Romae
1742 2154 1753 2169 ,
1781 2136 1832 2171 qui
1849 2130 1912 2171 post
1931 2132 2059 2163 interdi-

1171 2172 1249 2205 c‘lum
1261 2174 1358 2214 Papae
1372 2178 1480 2209 Leonis
1490 2181 1707 2210 incontinentes
1718 2179 1894 2217 exstiterant
1905 2204 1916 2219 ‚
1942 2182 1980 2212 de
1990 2191 2057 2214 con-

1172 2231 1264 2254 ventu
1275 2224 1449 2257 clericorum
1474 2225 1611 2257 &choro
1637 2227 1770 2268 Ecclefiae
1788 2235 1936 2270 praecepit
1957 2237 2058 2272 exire,

1170 2278 1202 2302 ut
1212 2282 1393 2314 quamquam
1430 2274 1688 2314 relifflsfaeminis
1701 2285 1759 2318 per
1766 2283 1953 2319 poenitentiae
1969 2279 2004 2323 se
2015 2282 2059 2313 la-

1170 2328 1269 2352 menta
1277 2326 1450 2364 corrigerent
1460 2346 1471 2362 ‚
1499 2333 1600 2359 tamen
1611 2331 1684 2366 quia
1690 2325 1797 2369 sancJo
1809 2333 1880 2362 Viro
1895 2330 2059 2364 inobedien-

1168 2377 1211 2402 tes
1217 2370 1345 2411 fuerant
1364 2395 1376 2412 ,
1403 2374 1629 2407 &aL-sacrario
1652 2379 1697 2408 ad
1707 2386 1825 2419 tempus
1845 2385 1965 2414 exirent
1983 2404 1994 2419 ‚
2022 2382 2057 2414 ὁ·

1168 2419 1354 2454 celebrandae
1366 2422 1459 2465 Mtffae
1469 2424 1618 2456 licentiam
1631 2427 1668 2458 de
1677 2436 1780 2460 caetero
1794 2440 1852 2462 non
1871 2428 2030 2472 sperarent
2046 2456 2054 2462 .

1170 2469 1238 2503 Hic
1250 2481 1330 2514 ergo
1341 2472 1464 2514 primus
1475 2471 1601 2508 Leonis
1611 2475 1789 2511 Decretum
1802 2478 1843 2512 ad
1855 2491 1972 2514 omnes
1980 2479 2056 2514 Cle-

1169 2519 1253 2554 ricos
1279 2522 1429 2556 extendit
1454 2545 1462 2554 .
1491 2523 1601 2569 Quam
1630 2528 1855 2563 extensionem
1882 2530 1994 2564 laudat
2020 2532 2055 2564 &
2074 2516 2235 2552 Ann'¹⁰5⁷’

1168 2568 1364 2605 Bettholdus
1385 2572 1558 2615 Presbyter
1582 2575 1844 2613 Constantienfis
1868 2605 1874 2612 .
1902 2580 1948 2614 Et
1975 2591 2055 2615 tunc

1168 2621 1247 2654 fasta
1261 2620 1305 2654 est
1317 2621 1431 2657 divina
1459 2623 1515 2657 illa
1537 2624 1571 2657 in
1585 2624 1770 2668 Apostolici
1799 2629 1948 2664 mandati
1975 2643 2054 2665 con·

1167 2679 1360 2713 temptorem
1390 2673 1584 2708 Romanum
1611 2675 1842 2722 Presbyterum
1867 2704 1878 2720 ,
1906 2680 2053 2715 habitan-

1167 2730 1234 2753 tem
1257 2732 1357 2765 prope
1378 2723 1548 2758 Basilicam
1572 2726 1692 2761 Sanstae
1714 2725 1860 2763 'Caeciliae
1886 2731 2049 2764 vindicta.

1169 2771 1220 2803 De
1233 2771 1338 2805 Sansti
1351 2773 1474 2807 Leonis
1485 2775 1629 2810 Decreto
1642 2778 1746 2821 perg'it
1756 2779 1879 2814 ibidem
1903 2779 2053 2815 laudatus

1166 2821 1324 2855 Damiani
1338 2835 1348 2855 :
1374 2827 1412 2856 In
1417 2825 1558 2865 plenaria
1575 2827 1668 2868 plane
1690 2830 1798 2867 synodo
1806 2828 1924 2873 Janfflae
1949 2841 2052 2863 memo-

1164 2875 1219 2904 riae
1233 2874 1290 2903 Leo
1303 2874 1393 2914 Papa
1403 2873 1564 2916 constituit,
1594 2885 1629 2909 ut
1654 2889 1844 2923 quaecumque
1861 2879 2049 2913 damnabiles

1157 2920 1534 2961 faeminaeintraRomana
1545 2932 1657 2960 moenitr
1679 2935 1877 2970 reperirentur
1899 2929 2047 2968 Presbyte-

1163 2977 1206 3003 ris
1213 2970 1401 3014 prostitutae,
1426 2983 1541 3009 extunc
1565 2978 1599 3010 ὠ·
1614 2979 1752 3020 deinceps
1779 2978 1975 3020 Lateranenfi
1990 2988 2046 3021 pa-

1162 3022 1235 3053 latio
1247 3023 1493 3064 adjudicaremur
1503 3028 1628 3060 ancillae.
1657 3027 1802 3061 Eandem
1815 3027 2043 3064 Romanarum

1164 3072 1359 3107 focariarum
1372 3085 1502 3117 poenam
1515 3076 1627 3109 iaudat
1637 3076 1676 3109 ad
1688 3076 1896 3111 millefimum
1907 3079 2043 3122 quadra·
2060 3086 2132 3113 Ann.
2141 3095 2220 3121 που),

1164 3121 1318 3165 gefimum
1331 3135 1456 3158 nonum
1467 3136 1590 3158 annum
1603 3124 1814 3160 Hermannus
1826 3126 2020 3164 Contractus
2031 3155 2038 3161 .
2059 3124 2131 3160 Cap·
2154 3135 2179 3159 5·

1166 3171 1244 3204 Erat
1263 3181 1357 3213 poena
1378 3173 1540 3215 justiffima
1554 3198 1564 3213 ,
1591 3174 1641 3207 isti
1667 3175 1843 3211 mulierum
1870 3178 1938 3212 faeci
1956 3179 2040 3213 olim
2058 3164 2179 3231 {³9'43'

1165 3221 1263 3254 etiam
1276 3220 1397 3256 inflicta
1415 3234 1471 3264 per
1481 3223 1609 3262 tertiam
1635 3223 1668 3257 &
1680 3236 1827 3268 quartam
1839 3228 2041 3263 Toletanam
2085 3211 2130 3240 ap.
2151 3212 2178 3240 3·

1165 3270 1334 3313 Synodum
1346 3294 1356 3309 ‚
1367 3271 1401 3304 &
1412 3282 1468 3314 per
1476 3273 1613 3316 primam
1625 3273 1852 3317 Hispalensem
1865 3302 1872 3310 .
1902 3278 1945 3312 Et
1961 3278 2041 3312 hinc

1168 3321 1342 3354 Decretum
1359 3319 1443 3355 istud
1465 3344 1476 3362 ‚
1503 3334 1570 3357 non
1593 3323 1628 3356 in
1657 3323 1833 3361 Rhemenfi
1856 3352 1868 3368 ,
1894 3329 1944 3363 uti
1971 3329 2042 3362 vult

1169 3379 1323 3413 magnum
1334 3369 1441 3415 Belgii
1453 3370 1659 3408 Chronicum
1671 3399 1682 3414 ,
1707 3376 1761 3410 sed
1775 3378 1809 3410 in
1822 3378 1974 3412 Romana
1985 3388 2042 3412 aut

1169 3418 1361 3454 Vercellenfi
1391 3422 1530 3466 Synodo
1554 3425 1674 3460 fastum
1699 3428 1846 3472 oportuit
1872 3441 1883 3461 :
1917 3426 2041 3462 etenim

1906 3474 1994 3511 Rhe-
