2352 3736
85 219 139 248 An·
154 222 218 252 651.

88 454 142 484 An·
157 453 222 487 746-

88 645 208 678 Actione
215 657 242 682 4.

85 779 218 834 ¹Au.62.2.

93 1575 146 1609 Ep·
177 1581 223 1606 44-
254 1570 315 1614 fine
326 1572 487 1605 cardinali
494 1572 566 1616 sede
578 1572 748 1605 laboravit.

87 1622 150 1651 cap.
180 1622 222 1641 ιο.

90 2346 140 2383 Ep.
164 2354 226 2382 194.

97 2470 132 2496 19
164 2460 226 2498 Jun.

100 2732 174 2777 (lap.
188 2739 222 2762 27

98 2776 170 2806 kap.
189 2778 234 2805 33.

100 2811 174 2847 Cap.
190 2814 236 2844 36.

259 227 299 250 ex
313 217 438 252 latrone
450 218 527 252 fecit
546 213 770 248 Christianum
786 237 796 253 ,
827 211 1015 247 Landelino
1038 212 1150 248 scribit

259 263 440 311 Sigiber'tus
460 263 722 298 Gemblacenfis:
751 268 776 296 A
798 263 880 297 beato
905 264 993 306 Papa
1016 266 1150 297 Marum

260 319 305 350 ad
319 315 550 358 praedicandum
571 315 747 347 ordinatur.
778 313 920 347 Videtur
942 324 1051 348 tamen
1078 314 1152 348 fuis·

260 368 293 401 se
304 367 474 401 dumtaxat
486 363 660 407 Presbyter
671 388 679 398 ,
706 363 818 408 Pergit
830 361 1010 408 Sigibertus
1021 362 1062 398 de
1074 364 1153 398 Sao-

262 419 314 451 ἂο
328 413 620 458 Herbipolenlium
634 413 797 456 Apostolo
809 412 956 455 Kyliano
969 426 980 448 ,-
1007 414 1056 446 Ad
1071 422 1152 455 prae-

260 465 419 499 dicandum
438 464 480 498 ib}
504 465 525 496 ἃ
550 468 637 506 Papa
662 467 779 497 Conone
811 462 974 506 Episcopus
999 465 1155 499 ordinatus

255 515 375 559 fuerat.
403 514 447 549 Et
458 515 499 549 ad
522 515 754 558 Imperatorem
779 514 1040 550 Constantinum
1064 525 1155 558 quar·

262 575 333 600 turn
354 565 465 600 scribit
478 565 519 599 de
533 564 702 600 mittendis
715 565 756 599 ad
771 566 894 599 sextam
916 564 1091 608 Synodum
1114 564 1157 598 E-

262 615 401 660 piscopis
411 615 544 653 Sanctus
557 614 691 660 Agatho
704 615 863 650 Pontifex
877 627 884 646 :
899 616 1037 659 ‚Quidam
1050 620 1083 647 in
1093 615 1157 648 lon-

257 668 296 711 ge*
303 665 405 708 postris
411 671 576 708 provinciis
590 666 714 700 verbum
727 664 906 705 Christlanae
922 664 994 707 fidei
1017 665 1057 698 ab
1083 669 1156 707 Apo-

257 717 363 758 stolicis
377 719 567 762 Exiguitatis
579 728 653 750 meae
676 715 930 761 Praedeccfflribus
953 715 1026 757 mtffl
1043 716 1156 758 praedl-

263 776 349 801 cant.
377 766 421 803 Et
431 768 472 804 de
484 768 598 812 Sergio
610 767 715 811 primo
740 765 903 799 Pontifice
922 766 1056 810 Regino
1088 764 1156 798 Ab·

263 817 321 852 bas
349 818 375 853 P
383 818 552 853 rumienfis
574 842 581 849 .
631 815 814 852 Venerabilis
841 822 891 849 vir
917 815 1155 856 willibrordus,

262 877 445 912 cognornento
456 869 614 907 clemens,
640 867 677 900 de
691 868 857 900 Britannia
879 872 982 909 gentis
995 867 1155 910 anglorum

264 918 299 952 ob
313 919 483 962 Evangelii
490 923 625 960 gratiam
636 922 669 949 in
679 916 798 949 Gallias
823 914 988 959 tranfiens,
1015 917 1035 949 ἃ
1059 919 1156 959 Sergio

265 970 355 1010 Papa
367 967 531 1013 Episcopus
544 965 701 1010 Frifimum
713 964 896 1009 consecratur
908 989 919 1006 ,
946 971 1079 1008 atquem
1087 976 1154 1001 eam

260 1027 378 1063 gentem
389 1017 665 1061 adpraedicandum
677 1018 833 1060 dirigitur.
856 1015 1015 1053 Pontifex
1030 1015 1065 1051 in
1077 1027 1155 1051 con-

263 1069 443 1104 secratione
456 1070 535 1103 fecit
549 1080 591 1101 ex
604 1065 821 1102 Willibrordo
833 1066 1040 1101 Clementem
1051 1090 1060 1099 .
1087 1066 1155 1101 Ad-

262 1119 314 1152 dit
345 1120 379 1152 in
401 1130 499 1163 opere
520 1118 560 1152 de
582 1116 766 1151 Germaniae
798 1116 1008 1152 Monasteriis
1033 1117 1154 1161 Gaspar

263 1168 457 1204 Bruffelius:
485 1168 538 1209 Est
551 1171 716 1210 Epternact‘
735 1167 808 1202 liber
832 1179 903 1203 auro
925 1168 959 1203 ἕν
974 1176 1097 1212 argento
1121 1173 1155 1201 in

263 1221 395 1254 Pumice}
404 1221 502 1253 coloris
521 1218 695 1253 membrana
714 1216 848 1262 scriptus
874 1223 1027 1251 continens
1055 1223 1154 1252 vitam

262 1269 364 1303 sandi}
375 1270 566 1303 Willibrordt'
577 1267 770 1311 Trajellenfis
794 1266 1007 1311 Arcbieptfiopl
1019 1292 1028 1301 .
1056 1269 1153 1304 Anti·

262 1321 616 1363 quiScriptm-esillum
629 1318 740 1364 paffim
764 1318 900 1353 titulant
926 1318 1153 1363 Archiepisco-

262 1381 341 1413 pum
353 1370 527 1405 Frisiorum
541 1394 548 1402 .
578 1370 619 1404 Et
634 1369 675 1404 de
693 1370 811 1403 saneto
832 1369 1034 1405 Francorum
1062 1368 1154 1416 Apo-

259 1420 348 1454 ssolo
359 1422 393 1455 ὃς
405 1418 665 1464 Archiepiscopo
678 1418 853 1454 Bonifacio
863 1419 971 1463 scribit
982 1420 1023 1455 ad
1035 1430 1154 1454 omnes

261 1470 378 1505 Gallias
403 1471 580 1506 Antistites
618 1471 819 1506 Hincmarus
847 1470 1063 1514 Metropolita
1091 1470 1154 1505 Re·

259 1522 400 1556 menfis:
428 1525 488 1557 Per
499 1534 594 1555 annos
606 1526 715 1565 viginti
741 1527 867 1564 quinque
888 1526 921 1554 in
939 1522 1155 1563 praedicatione

776 1571 866 1618 Qia
881 1571 996 1612 nempe
1021 1582 1090 1604 nou
1113 1570 1152 1603 ad

260 1622 403 1665 aliquam
418 1622 526 1657 sedem
536 1644 546 1660 ‚
573 1621 625 1654 sed
637 1620 678 1657 ad
692 1621 877 1664 generalem
891 1619 1152 1661 praedicationem

260 1672 363 1705 suerat
376 1670 730 1705 miffus&ordinatus.
759 1669 802 1700 Et
824 1667 865 1701 ad
886 1666 1076 1700 deformatis
1102 1676 1155 1707 per

259 1723 434 1756 Saracenos
454 1718 625 1763 Hispaniis
647 1716 885 1761 praedicandum
906 1715 1049 1750 ordinari
1075 1714 1153 1760 Egi-

261 1772 328 1806 lam
353 1771 555 1815 Episcopum
571 1767 712 1814 permisit
735 1766 901 1801 Adrianus
929 1765 1050 1810 primus
1061 1766 1154 1799 Wul-

259 1823 352 1867 gario
375 1821 561 1855 Galliarum
577 1815 835 1860 Archiepiscopo
848 1841 858 1856 ‚
884 1817 917 1850 ἃ
930 1816 1058 1850 addidit
1069 1813 1154 1850 hanc

259 1873 491 1908 conditionem
515 1883 522 1902 :
561 1873 602 1902 Ut
626 1868 738 1901 nullam
759 1868 887 1900 alienam
903 1864 1004 1908 fidem
1029 1865 1155 1899 ambiret

184 1934 207 1959 7·
259 1924 313 1958 vel
332 1919 510 1965 usurparet,
532 1917 590 1963 sed
605 1916 787 1962 solummodo
807 1915 978 1949 animarum
998 1917 1079 1949 lucra
1096 1918 1156 1949 Deo

261 1972 376 2014 offerm
389 1994 396 2003 .
423 1970 472 2005 Ita
500 1968 625 2003 habent
644 1966 767 2000 laudati
793 1964 964 2001 Pontificis
979 1966 1129 2009 Epistolae
1146 1990 1155 2006 ,

262 2022 432 2067 publicatae
443 2030 498 2064 per
508 2017 665 2062 Iacobum
682 2018 871 2052 Gretzerum
886 2041 893 2048 .
923 2015 1030 2050 Etiam
1046 2015 1155 2049 Ebbo-

263 2083 337 2108 nem
350 2098 360 2113 ,
381 2071 438 2116 qui
450 2068 559 2115 postea
573 2067 768 2103 Remensem
779 2066 924 2101 obtinuit
937 2065 1154 2107 cathedram,

261 2122 302 2158 ad
315 2124 421 2158 Danis
448 2118 686 2166 predicandum
713 2116 805 2151 fuisse
829 2117 848 2149 a
874 2114 1021 2151 Paschali
1049 2117 1154 2159 primo

263 2173 452 2208 ordinatum
478 2171 677 2214 Episcopum
705 2167 860 2202 testantur
873 2167 1072 2200 Francorum
1085 2166 1155 2199 An·

263 2226 352 2259 nales
374 2249 382 2257 .
422 2223 466 2257 Et
492 2222 646 2257 Sannum
673 2215 888 2252 Methodium
915 2216 1054 2262 paganis
1076 2215 1152 2250 Mo-

262 2276 345 2310 ravis
370 2272 462 2308 fuisse
490 2271 532 2307 ab
558 2270 712 2304 Adriano
748 2266 892 2302 secundo
931 2267 1155 2301 consecratum

264 2324 465 2369 Apostolum
491 2322 525 2356 &
562 2318 858 2363 Archiepiscopum
878 2341 889 2357 ,
926 2314 1026 2351 habet
1062 2317 1157 2360 Joan·

264 2387 321 2410 nes
348 2376 481 2409 ostavus
506 2372 542 2406 in
569 2370 684 2405 litteris
709 2368 751 2403 ad
776 2368 986 2402 Tuentarum
1012 2366 1053 2400 de
1080 2365 1157 2400 Mo-

266 2427 353 2461 ravia
374 2450 382 2458 .
422 2423 465 2457 Et
500 2422 541 2456 de
579 2420 698 2455 Sancto
732 2416 907 2452 Monacbo
946 2417 1120 2451 Bonisacio
1144 2440 1156 2458 ‚

267 2486 365 2519 quern
392 2474 500 2509 Sancti
530 2469 710 2507 Romualdi
739 2466 878 2503 Abbatis
902 2466 1096 2511 discipulum
1119 2477 1158 2501 ac

268 2525 387 2561 Ruffiae
413 2521 613 2567 Apostolum
642 2518 750 2554 laudat
777 2519 970 2553 Romanum
991 2517 1157 2560 Martyro-

269 2575 417 2620 logium‚
444 2572 552 2606 scribit
571 2573 606 2605 in
635 2569 757 2605 laudati
781 2568 920 2602 Abbatis
947 2568 1012 2602 vita
1023 2570 1159 2602 Sanetus

270 2626 383 2659 Petrus
408 2622 583 2657 Damiani:
614 2621 659 2652 Ab
686 2618 842 2660 apostolica
864 2617 945 2661 sede⁴
973 2616 1157 2660 consecratio-

271 2686 336 2709 nem
373 2669 605 2714 archiepiscopus
627 2674 739 2709 accept't
765 2692 772 2700 .
814 2666 918 2700 Addit
950 2666 991 2700 de
1015 2666 1158 2709 ejusdem

272 2723 452 2760 Romualdi
479 2720 638 2763 discipulo
655 2716 858 2762 Engelberto
875 2730 887 2751 .-
918 2717 1019 2757 Postea
1045 2715 1161 2750 Archio-

268 2775 404 2820 piscopus
424 2779 456 2806 in
471 2770 608 2816 gentibus
624 2768 728 2812 fadus
749 2766 805 2808 est.
827 2767 871 2801 Et
883 2767 923 2801 de
937 2768 1002 2800 alio
1016 2766 1158 2810 ejusdem

273 2824 477 2869 proseffionis
499 2819 673 2855 Monacho
694 2818 857 2862 Gregorio
879 2830 886 2851 :
919 2815 1158 2859 Arcbiepzscopus

275 2874 451 2920 ingentibus
470 2871 616 2915 postmodo
635 2868 817 2913 consecratus
839 2867 877 2907 est
892 2888 900 2895 ι
923 2865 1069 2900 Plurima
1083 2868 1158 2901 sunt

276 2923 458 2959 istiusmodi
487 2921 637 2963 exempla
662 2944 672 2961 ‚
720 2919 859 2961 ideoque
888 2916 1085 2951 Laurentius
1125 2918 1158 2950 &

277 2987 352 3010 cum
376 2974 510 3008 Mellito
533 2973 638 3016 Justus
662 2994 672 3010 ,
699 2968 740 3003 ad
765 2967 885 3012 Anglis
911 2968 944 3001 &
971 2965 1160 3000 Britonibus

278 3024 516 3069 praedicandum
535 3019 752 3064 Evangelium
766 3031 802 3052 ac
817 3020 1004 3052 Romanam
1019 3017 1162 3059 discipli·

280 3086 356 3108 nam
378 3076 394 3108 a
415 3075 543 3117 Magno
566 3071 730 3114 Gregorio
756 3068 853 3102 creati
880 3067 1055 3111 Episcopi,
1081 3067 1160 3101 dum

282 3124 454 3158 Scotorum
475 3125 528 3157 seu
551 3121 774 3155 Hibernorum
804 3118 973 3161 Episcopis
987 3129 1082 3160 atque
1097 3117 1162 3152 Ab·

282 3171 410 3208 batibus
431 3173 591 3206 insinuant
615 3173 705 3205 suam
718 3168 897 3203 miffionem
911 3194 921 3208 ,
949 3169 1078 3201 fuerunt
1093 3179 1162 3211 prae-

285 3222 344 3258 fati
357 3235 367 3255 .·
396 3221 544 3261 apostolica
562 3220 647 3264 sedes
666 3233 716 3254 nos
735 3232 772 3253 ex·
802 3230 878 3252 more
891 3242 901 3257 ‚
917 3217 988 3259 ficut
1002 3224 1032 3249 in
1045 3224 1162 3251 univer-

283 3271 316 3316 si»
338 3270 401 3305 orbe
417 3280 560 3303 terrarum
572 3296 581 3310 ‚
603 3278 635 3304 in
646 3271 693 3304 bis
707 3271 843 3303 occiduis
851 3268 991 3310 partibus
1003 3270 1047 3300 ad
1053 3268 1164 3309 praedi-

289 3323 415 3356 candum
433 3317 564 3363 gentibus
585 3327 712 3362 paganir
733 3322 846 3353 direxit
868 3343 875 3350 .
912 3318 1070 3351 Notanda
1092 3317 1164 3351 sunt

291 3371 388 3405 verba
410 3381 418 3401 :

440 3372 494 3401 Εκ
515 3377 591 3399 more
621 3391 627 3397 ·
653 3370 694 3402 Et
715 3370 809 3403 verba
833 3382 844 3402 .·
878 3370 957 3401 sicut
979 3375 1011 3400 in
1031 3365 1167 3410 universo

271 3443 280 3449 -
292 3421 358 3455 orbe
376 3429 525 3455 terrarum
537 3442 544 3450 .
557 3415 701 3451 Edicunt
724 3428 848 3453 morem
871 3416 959 3454 hunc
968 3418 1029 3454 effe
1041 3418 1074 3453 &
1086 3418 1168 3453 anti-

880 130 1522 179 DISSERTATIO

1216 216 1426 260 quiffimum‚
1450 217 1484 251 δε
1511 217 1746 252 universalem.
1775 218 1904 254 Eodem
1927 225 2098 261 ufisum&

1216 267 1272 300 alii
1299 265 1510 301 Patriarchae:
1534 266 1646 301 verum
1673 279 1728 311 per
1753 270 1824 304 suas
1844 270 2008 307 Dioeceses
2030 300 2042 316 ,
2059 287 2097 310 ae

1215 316 1356 361 ipsarum
1379 318 1516 352 vicinias
1532 343 1539 350 .
1566 318 1738 353 Romanus
1764 318 1942 364 Episcopus
1967 326 2098 365 peruni-

1215 368 1339 401 versum
1365 367 1479 402 orbem
1491 380 1645 403 terrarum
1658 391 1667 402 .
1692 369 1737 402 Et
1748 367 1827 404 hinc
1838 371 2006 405 evidenter
2023 382 2098 406 con-

1216 418 1395 453 vincuntur
1439 418 1644 453 schismatica
1681 419 1907 454 Graeculorutn
1942 422 2069 455 somnia
2087 445 2100 463 ,

1214 468 1271 512 qui
1298 479 1335 502 ut
1361 469 1519 503 Romano
1546 468 1704 503 primatui
1731 470 2005 511 incommodent,
2031 483 2100 517 gar-

1214 519 1302 555 riunt
1328 519 1362 555 &
1389 518 1552 563 Papatum
1586 521 1620 555 δε
1656 521 1803 564 quemvis
1840 520 2101 557 Patriatchatum

1216 579 1284 602 non
1311 568 1406 603 fuisse
1433 569 1489 605 sub
1515 569 1694 614 gentilibus
1730 571 1962 605 Romanorum
1998 570 2101 615 Impe-

1215 619 1376 655 tatoribus
1390 643 1401 660 ,
1427 620 1481 654 sed
1507 619 1636 662 coepisse
1653 620 1710 655 sub
1724 619 1944 656 Constantino
1956 645 1968 662 ,
1994 622 2099 656 immo

1215 669 1250 704 δε
1275 669 1316 704 ab
1342 669 1414 713 ipso
1441 670 1504 704 effe
1531 669 1714 706 institutos.
1743 671 1812 706 Cur
1836 671 1966 707 istosad
1979 671 2100 707 miffio-

1217 729 1295 753 nem
1320 722 1523 755 consecratos
1557 720 1735 765 Episcopos
1770 721 1873 757 nostri
1913 721 2099 757 mediorum

1218 769 1404 809 saeculorum
1430 771 1572 814 Majores
1610 770 1772 806 titularint
1809 768 2100 817 Archiepiscopos,

1222 830 1289 854 non
1317 818 1413 863 plene
1439 821 1527 855 scio.
1555 822 1675 857 Forsan
1702 832 1743 855 ex
1768 819 1871 865 phrali
1897 821 2029 856 Graeca.
2055 823 2099 856 E.-

1218 869 1323 905 tenim
1347 870 1431 915 nulli
1458 871 1683 916 Metropolitae
1722 871 1882 914 subjectos
1918 871 2097 915 Episcopos

1219 918 1322 954 Graeci
1348 919 1412 961 jam
1439 919 1563 962 pridem
1587 921 1720 956 titulant
1734 920 2026 966 Archiepiscopos.
2054 921 2099 956 Et

1216 969 1269 1004 isti
1306 968 1501 1005 Miffionarii
1539 970 1668 1003 nullum
1705 969 1868 1006 habebant
1904 970 2099 1016 Metropoli-

1216 1030 1303 1054 tam.
1334 1018 1506 1066 Qidquid
1531 1019 1566 1053 fit
1589 1041 1601 1058 ‚
1635 1019 1669 1054 ἀ
1706 1029 1761 1063 per
1785 1019 1959 1055 saracenos
1984 1021 2018 1055 &
2043 1032 2099 1064 per

1216 1068 1394 1105 Michaelis
1421 1068 1580 1104 Cerularii
1606 1068 1716 1106 turbas
1742 1069 1884 1104 multum
1919 1069 2099 1106 deformata.

1215 1121 1280 1154 fuit
1306 1119 1407 1154 nostri
1433 1119 1560 1154 Leonis
1594 1129 1742 1163 tempore
1778 1129 1914 1164 utraque
1952 1119 2063 1154 Sicilia
2088 1133 2096 1154 :

1216 1170 1309 1204 Hinc
1337 1169 1378 1204 ad
1405 1168 1499 1204 isthic
1526 1168 1765 1214 praedicandum
1791 1180 1829 1203 ac
1854 1169 2099 1216 reformandum

1218 1221 1325 1255 noster
1350 1219 1554 1256 Humbertus
1579 1220 1642 1254 fuit
1669 1220 1706 1254 in
1731 1218 1866 1255 similem
1877 1217 2100 1265 Archiepisco-

1217 1282 1295 1315 pum
1320 1273 1541 1307 consecratus.

1266 1320 1335 1356 Cur
1348 1321 1495 1356 Michael
1518 1321 1705 1363 Cerularius
1724 1320 1862 1357 blateret
1886 1318 2098 1356 Cardinalem

1215 1371 1423 1406 Fredericum
1449 1383 1518 1406 non
1546 1372 1618 1407 vere
1641 1372 1755 1412 fuisse,
1783 1372 1836 1407 sed
1848 1373 1880 1406 se
1894 1370 2020 1407 finxisse
2031 1369 2100 1404 Ro-

1217 1433 1319 1457 manae
1343 1422 1488 1457 Ecclefiae
1514 1422 1776 1461 Cancellarium,
1801 1422 1940 1466 exponit
1951 1420 2103 1466 eiusprae·

1217 1472 1281 1507 fata
1302 1472 1344 1507 ad
1365 1472 1498 1507 Petrum
1519 1472 1707 1508 Antiochiae
1731 1469 1952 1507 Patriarcham
1972 1469 2100 1515 Episto-

1215 1522 1246 1557 la
1267 1546 1279 1563 ‚
1316 1523 1359 1556 de
1385 1523 1519 1568 Argyro
1554 1523 1656 1558 ltaliae
1675 1524 1771 1558 Duce
1789 1534 1828 1558 ac
1846 1522 1915 1566 ejus
1938 1520 2100 1557 machinis

1216 1573 1427 1614 prosequens:
1454 1576 1589 1606 Mearum
1608 1575 1780 1608 litterarum
1800 1570 2016 1616 demptofiglllo
2029 1594 2040 1611 ,
2064 1572 2100 1606 Θ

1216 1631 1284 1664 quae
1307 1621 1408 1654 inillis
1421 1619 1604 1654 habebantur
1614 1622 1677 1654 crim
1686 1623 1812 1664 legistin,
1836 1622 1941 1655 &alta
1957 1622 2099 1665 quaedam

1216 1670 1262 1700 ad
1285 1679 1337 1699 nos
1361 1667 1444 1709 quafi
1459 1672 1554 1709 Papae
1567 1676 1680 1702 nomme
1690 1670 1773 1712 mffa
1781 1678 1950 1712 componens
1964 1694 1974 1710 ‚
1999 1673 2097 1711 &pro

1216 1714 1381 1759 hujusmodl
1403 1717 1513 1750 litteris
1535 1717 1694 1757 offbrendis
1722 1718 1888 1760 praedfflar
1915 1718 2098 1758 destinavit,

1217 1765 1330 1810 mtseris
1350 1766 1411 1800 illis
1431 1764 1586 1810 suadens,
1612 1769 1628 1799 δ
1648 1765 1844 1809 sedufflonem
1867 1778 2007 1811 magnam
2019 1766 2099 1800 &il-

1216 1818 1309 1851 lorum
1320 1815 1483 1856 stultitiam
1496 1840 1506 1856 ,
1533 1826 1566 1851 ut
1589 1818 1633 1850 ad
1639 1820 1764 1862 Regiam
1782 1817 1882 1852 urbem
1895 1822 2052 1857 venirent,
2063 1817 2102 1851 θ’

1217 1866 1272 1899 has
1290 1867 1411 1900 litteras
1434 1867 1518 1899 nobis
1538 1868 1647 1901 darent
1671 1892 1679 1900 .
1705 1867 1744 1902 In
1766 1867 1941 1902 Saracenos
1961 1891 1972 1907 ‚
1999 1866 2099 1901 Nort-

1218 1927 1359 1951 mannos
1370 1941 1381 1957 ,
1407 1917 1442 1951 &
1462 1916 1592 1952 Graecos
1602 1927 1670 1952 erat
1681 1926 1761 1952 tunc
1771 1918 1874 1953 divisa
1885 1916 2027 1961 superior
2036 1916 2099 1951 Ita-

1218 1967 1283 2006 lia,
1303 1967 1338 2002 ὃς
1360 1966 1548 2001 Graecotum
1569 1966 1613 2001 ibi
1626 1968 1784 2004 Duxerat
1795 1965 1960 2011 Argyrus.
1990 1966 2098 2011 Fuisse

1219 2017 1387 2061 insigniter
1410 2014 1646 2052 Orthodoxum
1667 2016 1893 2051 demonstrant
1928 2015 1994 2050 haec
2029 2015 2095 2057 Mi-

1217 2065 1334 2102 chaelis
1346 2066 1464 2101 verba:
1494 2071 1616 2112 Argyrus
1626 2068 1850 2111 Megalopolim,
1878 2065 1912 2099 id
1925 2065 1970 2100 est
1984 2064 2099 2106 „Cou-

1218 2117 1467 2160 ssantinopolim
1490 2141 1502 2157 ,
1525 2120 1590 2151 cam
1626 2118 1746 2161 vemffet
1764 2142 1775 2158 ,
1797 2116 1975 2159 frequenter
1994 2114 2097 2155 nostrae

1217 2165 1421 2211 insusurrabat
1434 2169 1623 2209 flammati,
1647 2169 1798 2210 praecipu?
1818 2168 1855 2200 de
1864 2165 2075 2208 infermentato
2088 2189 2096 2197 .

1218 2220 1412 2262 ,Quapropter
1434 2228 1492 2250 non
1508 2216 1620 2261 semel,
1639 2213 1697 2260 sed
1706 2218 1774 2258 bis,
1799 2219 1834 2252 &
1848 2218 1952 2256 tertio,
1983 2217 2017 2250 cb·
2040 2213 2098 2258 sae-

1213 2274 1284 2310 pius
1308 2269 1327 2300 ai
1343 2268 1425 2302 nobis
1444 2267 1556 2309 ejaeus
1571 2268 1639 2311 fuit
1652 2266 1764 2312 &sacra
1774 2272 1986 2301 communione.
2013 2264 2102 2307 Azy-

1218 2329 1308 2352 mum
1329 2319 1523 2353 Latinorum
1544 2318 1743 2353 Sacrificium
1764 2317 1956 2362 damnanti,
1976 2316 2010 2351 ἀ
2031 2314 2093 2350 Ec-

1217 2368 1323 2402 clefias
1346 2369 1501 2403 laceranti
1521 2368 1679 2403 Michaeli
1692 2369 1863 2404 obstiterat
1878 2368 2045 2412 Argyrus,
2067 2365 2102 2400 ὃς

1221 2419 1237 2452 a
1251 2420 1309 2453 suo
1320 2418 1505 2453 Patriarcha
1516 2419 1795 2453 excommunicari
1808 2418 1978 2457 maluerat,
2003 2415 2101 2459 quam

1221 2469 1288 2511 ejus
1311 2468 1472 2503 erroribus
1493 2481 1531 2504 ac
1553 2469 1719 2504 violentiis
1741 2469 1944 2503 consentire.
1972 2468 2100 2501 Notan-

1221 2519 1260 2553 da
1285 2519 1356 2553 sunt
1377 2520 1410 2553 δε
1430 2517 1496 2554 haec
1528 2517 1703 2554 Michaelis
1730 2518 1824 2554 verba
1845 2532 1852 2551 :
1886 2521 2039 2552 Novimus
2056 2515 2095 2550 de

1221 2569 1372 2603 nobilitate
1395 2571 1429 2604 Θ·
1444 2569 1571 2613 scientia
1592 2573 1689 2613 Papae
1711 2569 1794 2603 urbls
1817 2573 1918 2603 Romae
1941 2592 1949 2600 .
1978 2566 2098 2600 Nonus

1220 2620 1306 2653 enim
1328 2620 1399 2655 Leo
1424 2621 1489 2654 fuit
1509 2621 1616 2655 revera
1640 2632 1708 2656 non
1732 2630 1858 2655 tantum
1871 2616 2096 2653 sanctiffimus,

1220 2669 1271 2703 sed
1293 2671 1395 2704 etiam
1420 2670 1635 2705 nobiliffimus
1655 2680 1754 2713 atque
1764 2665 1982 2702 dostiffimus.
2009 2665 2100 2711 Qa-

1219 2730 1347 2762 propter
1371 2722 1432 2754 suae
1452 2720 1685 2754 maledicentiae
1704 2716 1799 2751 tubas
1810 2714 1959 2749 adversus
1971 2722 2100 2748 tantum

1219 2770 1323 2804 virum
1345 2769 1457 2804 inflare
1477 2769 1661 2803 erubescens
1685 2765 1852 2805 Michaeb
1878 2765 1941 2799 toti
1968 2762 2101 2798 Orienti

1221 2820 1348 2854 suadere
1378 2819 1499 2852 studuit
1524 2818 1743 2863 Legationem
1766 2815 1851 2850 hanc
1874 2825 1941 2849 non
1963 2811 2003 2848 ab
2030 2813 2100 2859 ipso

1221 2870 1356 2908 venisse,
1383 2866 1435 2901 sed
1455 2869 1517 2902 effe
1534 2869 1663 2903 dolosas
1681 2865 1813 2901 inimici
1838 2865 1886 2899 sui
1899 2864 2021 2909 Argyri
2034 2875 2100 2898 ma-

1220 2917 1333 2962 chinas
1356 2929 1363 2950 :
1392 2919 1503 2953 Hosce
1523 2918 1585 2953 effe
1607 2918 1676 2961 ejus
1704 2914 1889 2950 Emiffiuios
1910 2940 1917 2947 .
1957 2912 2099 2947 Addidit

1222 2970 1289 3003 suas
1307 2968 1346 3002 ad
1372 2968 1493 3011 Papam
1513 2968 1635 3003 litteras
1658 2967 1750 3002 fuiffe
1770 2966 1812 3001 ab
1833 2966 1966 3010 Argyro
1985 2963 2099 2997 resera-

1221 3029 1268 3053 tas
1291 3042 1301 3058 ‚
1326 3017 1367 3052 ab
1389 3019 1458 3062 ipso
1481 3018 1656 3053 confistum
1676 3018 1762 3059 quali
1780 3028 1821 3051 ex
1844 3016 1940 3059 Papae
1961 3013 2097 3048 nomine

1222 3070 1425 3111 Responsum
1441 3094 1451 3109 ‚
1480 3070 1620 3112 ideoque
1638 3069 1671 3103 ὅτ.
1693 3067 1778 3101 inter
1795 3065 1981 3101 Emissarios
2005 3063 2098 3098 fuiffe

1221 3121 1394 3153 confisium
1416 3119 1658 3153 Cancellarium
1673 3142 1684 3160 ,
1706 3119 1763 3159 qui
1784 3117 1870 3150 fictas
1892 3114 1965 3147 istas
1977 3113 2098 3148 litteras

1225 3169 1431 3204 subscriberet
1451 3171 1483 3204 ὃς
1497 3169 1660 3214 sigillaret.
1688 3167 1767 3202 Hoc
1777 3167 1864 3201 enim
1877 3163 1922 3198 est
1934 3163 2098 3207 Apostoli-

1225 3220 1252 3252 ci
1278 3214 1660 3254 cancellarii'officium.
1688 3218 1770 3252 Haec
1790 3217 1864 3249 sunt
1883 3214 2098 3249 fundamenta

1225 3268 1318 3313 hujus
1343 3270 1552 3303 infeliciffimi
1575 3268 1777 3302 schismatis.

1278 3319 1379 3353 Porro
1402 3319 1606 3353 Fredericum
1647 3318 1738 3352 fuisse
1770 3315 1928 3350 Romanae
1954 3312 2098 3347 Ecclefiz

1228 3370 1471 3404 Cancellarium
1496 3370 1633 3404 affirmat
1658 3368 1757 3402 etiam
1770 3366 1838 3401 latae
1850 3365 1883 3399 in
1900 3362 2098 3398 Michaelem

1227 3419 1582 3457 excommunicationis
1620 3418 1767 3464 diploma
1789 3441 1797 3451 .
1823 3414 1955 3451 Etenim
1970 3409 2098 3491 ‘inicius

1953 3468 2014 3494 utu
2028 3472 2049 3494 o
