2352 3736
340 210 479 246 noluisse
493 209 627 245 definire
637 232 647 248 ‚
672 209 725 244 sed
738 210 778 246 ad
791 210 1020 245 authenticum
1045 209 1223 252 Episcopo-

338 272 410 294 mm
422 260 585 304 Iudicium
598 260 749 294 remisisse
761 287 768 293 .
795 259 1023 306 Qod‘etiam
1041 258 1148 304 Hugo
1164 260 1222 294 Vi-

339 311 480 344 storinus
504 308 558 343 hic
582 309 727 351 haeserit,
754 309 799 344 est
829 312 922 352 supra
933 308 1113 342 ostensum.
1143 310 1221 345 Fuit

338 371 446 394 tamen
460 369 637 403 utcumque
646 359 848 404 generosior.
875 358 965 391 Nam
982 359 1133 404 antiquos
1157 361 1221 395 Ca-

337 405 757 450 nonesstabilireconatus‚
782 407 1084 445 constanter-dixit:
1109 412 1157 443 stc
1172 420 1214 444 te-

336 468 387 492 net
410 459 537 502 Ecclesia
551 485 559 492 .
585 459 742 502 Opposita
763 457 895 494 interim
917 459 1077 498 sententia
1098 460 1218 495 affidue

335 508 472 553 profecit
496 511 529 551 δε
541 506 699 552 prevaluit
715 531 726 546 ‚
754 507 812 541 sub
825 508 1013 542 Innocentii
1024 509 1134 543 Tertii
1159 509 1218 544 Pa-

335 568 414 602 patu
429 560 523 603 plene
533 557 656 597 evicit,
681 557 714 590 δε
728 567 864 592 omnem
891 568 1045 593 votorum
1067 560 1218 595 solemni-

335 607 486 648 tatemad
499 606 753 641 sacrosOrdines
765 632 776 648 ‚
803 617 859 641 aut
886 608 1130 643 Coenobiticam
1145 634 1155 650 ‚
1182 611 1216 644 δε

335 658 467 699 quidem
493 655 529 688 in
547 656 727 700 approbato
760 669 818 701 per
845 657 1072 702 Apostolicam
1098 660 1214 703 Sedem

330 706 479 746 Ordine,
504 706 733 750 professionem
753 710 939 753 contraxit.

376 755 534 795 ⁴Tandem
548 756 644 790 nobis
666 757 819 800 objicitur
829 759 1020 798 Latinarum
1044 759 1214 804 Episcopa-

330 815 423 847 tum,
448 804 715 850 Presbyterarum
742 831 753 848 ‚
779 808 1007 844 Diaconarum
1032 834 1041 851 ‚
1068 821 1106 844 ac
1135 809 1212 844 Sub-

329 855 566 897 diaconarum,
591 857 625 891 id
636 856 703 899 est,
728 857 908 901 resistarum
928 860 946 893 ὲ
960 858 1084 894 maritis
1111 860 1146 893 in
1169 861 1212 893 sa-

329 916 403 939 cros
429 905 506 940 istos
527 906 670 942 Ordines
692 909 852 957 provestis
877 921 1020 951 uxorum
1047 908 1212 944 matrimo-

331 955 424 989 nium
436 982 444 988 .
469 956 577 1000 Ipsum
588 957 671 1001 olim
681 958 752 1001 post
762 958 953 997 maritorum
968 970 1108 994 mortem
1121 959 1211 994 fuisse

328 1005 497 1045 validum,
520 1006 668 1052 adeoque
695 1008 808 1051 &post
819 1020 930 1044 earum
954 1020 1094 1044 mortem
1121 1021 1208 1044 nova

321 1056 519 1090 maritorum
531 1057 684 1102 conjugia
698 1057 830 1092 valuisse
850 1061 985 1101 quidam
1006 1061 1182 1095 asseverant
1200 1085 1206 1091 .

327 1103 440 1138 Ambo
452 1107 563 1147 enim,
592 1116 706 1150 utpote
717 1119 782 1143 una
801 1119 901 1151 care,
927 1109 1041 1146 eadem
1067 1111 1140 1155 lege
1166 1119 1208 1143 te·

325 1152 500 1198 nebantur.
531 1156 729 1201 Respondeo
748 1159 959 1195 soeminarum
985 1161 1118 1195 istarum
1143 1170 1207 1196 mar

323 1204 480 1239 trimonia
492 1207 615 1251 semper
627 1208 719 1242 fuisse
730 1209 817 1242 irrita
830 1234 837 1241 .
869 1210 1004 1245 Etenim
1027 1211 1129 1254 prima
1142 1209 1208 1243 Au·

161 1125 288 1164 Canon-,1
298 1137 308 1163 5

325 1255 508 1290 relianensis
518 1256 668 1300 Synodus
680 1259 758 1301 ipsas
770 1260 904 1303 separari
914 1262 1048 1303 mandat
1060 1260 1207 1305 rigidiffi·
1265 1281 1267 1283 -

323 1304 396 1345 me,
420 1306 453 1340 ὅ(
464 1317 636 1353 utrumque
647 1311 839 1352 praetensum
861 1311 1037 1355 conjugem
1051 1334 1061 1351 ,
1087 1311 1206 1355 quous?

322 1365 386 1396 que
397 1356 601 1399 separentur,
627 1356 927 1395 excommunicari.
946 1362 1038 1404 idem
1049 1360 1204 1401 mandant

150 1388 306 1461 {2232‘3}
321 1404 543 1448 Epaonensis,
569 1408 709 1451 secunda
735 1409 987 1444 Matisconensis
1004 1435 1014 1452 ‚
1040 1411 1074 1444 &
1103 1411 1202 1454 prima

152 1442 507 1508 Canon,⁰:5'T010t²n2·
537 1456 638 1499 Quod
651 1459 754 1499 ipsum
769 1459 962 1502 lucidissime
973 1470 1059 1502 patet
1085 1472 1126 1494 ex
1140 1461 1203 1494 sen·

248 1506 250 1508 '
284 1512 286 1514 '
321 1505 426 1544 tentia
452 1506 559 1539 Sancti
585 1505 736 1550 Gregorii
760 1506 881 1552 Magni
909 1508 1059 1543 adversus
1085 1511 1202 1543 saelum

322 1555 447 1590 Leonis
460 1554 612 1599 Episcopi
625 1555 856 1591 Cathanensis.
885 1557 1034 1603 Pelagius
1046 1560 1203 1604 sccundus

321 1605 480 1641 Pontifex
490 1605 635 1642 edixerat
646 1607 776 1642 nullum
799 1608 994 1653 deincepsin
1019 1608 1131 1643 Sicilia
1153 1621 1203 1643 or-

322 1655 707 1699 dinariSubdiaconum‚
734 1659 794 1692 nisi
820 1658 1010 1694 solemniter
1030 1661 1203 1703 professum

322 1707 452 1750 plenam
462 1708 722 1750 continentiam,
746 1709 906 1749 &omnes
918 1711 1020 1754 usque
1048 1719 1129 1744 tunc
1154 1722 1203 1744 or-

321 1757 453 1797 dinatos
477 1768 534 1793 aut
554 1757 595 1792 ab
621 1759 734 1794 uxoris
755 1760 812 1793 usu
831 1760 948 1795 'cessare
966 1758 1117 1794 vsimiliter
1130 1771 1203 1803 pro·-

321 1808 417 1841 fessos
430 1832 440 1848 ,
466 1808 550 1847 auta
566 1808 745 1843 ministerio
773 1809 989 1852 sui(v)rdinis⁴¹
1013 1810 1118 1844 Porro
1130 1810 1203 1854 Spe÷

318 1857 451 1897 ciosus,
478 1857 692 1893 Cathanensis
712 1860 859 1894 Ecclefiae
877 1861 1104 1902 Subdiaconus
1127 1883 1138 1899 ,
1162 1859 1203 1894 de

319 1907 443 1941 viribus
456 1908 519 1947 suis
529 1908 679 1943 diffidens
691 1933 702 1949 ‚
726 1910 835 1944 noluit
856 1922 994 1951 uxorem
1014 1910 1202 1958 dimittere,

321 1957 465 2001 ideoque
473 1957 638 1998 cessavit&
652 1959 863 2001 Ministerio,
890 1961 935 1994 ita
950 1961 1120 1995 defunctus
1132 1961 1178 1994 est
1190 1984 1202 2007 2

318 2008 357 2045 ὁ(
369 2018 447 2042 tunc
458 2008 526 2051 ejus
540 2007 637 2042 vidua
659 2009 765 2053 nupsit
784 2009 916 2050 cuidam
929 2010 1127 2045 Honorato.
1155 2009 1202 2044 At

322 2068 399 2091 vero
412 2055 482 2093 Leo
494 2059 671 2102 Episcopus
690 2060 862 2094 intercessit
881 2085 892 2101 ‚
919 2061 1076 2104 seperavit
1097 2060 1203 2094 matri-

323 2108 474 2141 monium
487 2132 498 2147 ,
523 2119 561 2147 ac
574 2109 707 2144 viduam
731 2110 820 2145 illam
833 2109 873 2150 ad
884 2110 1203 2145 Monasteriumcoee

321 2158 389 2201 git.
417 2158 526 2191 Solius
539 2159 654 2202 prioris
683 2160 773 2194 usum
788 2161 999 2207 permiserat,
1025 2171 1125 2195 omne
1147 2172 1202 2195 au-

322 2217 389 2240 tern
403 2218 524 2240 novum
549 2208 740 2252 conjugium
762 2209 978 2244 subdiaconis
990 2211 1202 2247 interdixerat

322 2256 497 2301 Pelagius,
526 2256 604 2295 hinc
630 2259 744 2293 eadem
769 2261 872 2299 teneri
901 2261 973 2306 lege
998 2262 1032 2300 ἀ
1060 2261 1201 2304 ipsorum

321 2317 460 2348 uxores,
487 2307 628 2351 ideoque
639 2308 740 2346 viduae
754 2310 893 2351 Speciosi
919 2322 987 2348 non
1013 2310 1136 2344 licuisse
1159 2312 1202 2344 se-

319 2357 442 2391 cundas
462 2358 591 2400 nuptias
624 2357 693 2391 Leo
718 2359 934 2394 existimavit.
962 2360 1087 2397 Verum
1113 2360 1200 2398 illius

318 2408 455 2442 maritus
467 2406 662 2444 Honoratus
675 2410 864 2452 provocavit
885 2409 927 2443 ad
949 2410 1103 2444 sanetum
1113 2409 1202 2444 Pon-

317 2458 443 2495 tificem
469 2454 686 2502 Gregorium‘,
712 2469 809 2500 atque
835 2458 890 2492 hic
920 2459 1009 2493 disto
1037 2460 1200 2504 Episcopo

147 2520 304 2556 L-3-Ep-34
320 2508 498 2550 rescripsit:
524 2509 556 2543 *52
571 2531 581 2546 ,
606 2518 641 2545 ut
657 2507 778 2549 fertur,
805 2508 962 2542 antedicvae
984 2511 1115 2542 mulieris
1135 2521 1211 2557 mae·

321 2563 400 2590 ritus
416 2555 451 2599 se
464 2556 501 2589 ab
513 2556 765 2597 administratione
787 2557 962 2601 suspendit,
985 2565 1014 2597 ci
1035 2570 1092 2591 non
1113 2561 1199 2593 debet

322 2608 428 2650 officere
441 2632 452 2647 ,
477 2607 555 2649 quod
563 2608 606 2639 ad
610 2605 770 2649 secundam
783 2610 908 2652 conjugii
918 2610 1123 2650 copulationem
1144 2616 1202 2643 mi—

317 2664 424 2701 gravit
435 2682 445 2697 ,
466 2654 636 2699 praesertim
643 2656 671 2698 fi
688 2668 744 2690 non
754 2660 808 2691 tali
831 2668 926 2691 mente
937 2658 1118 2696 Subdiacono
1126 2660 1199 2699 jun-

321 2707 370 2740 ela
380 2706 438 2746 est,
464 2713 494 2739 ut
502 2708 524 2742 ,a
541 2712 640 2740 carnis
661 2708 864 2749 voluptatibus
883 2708 1055 2748 abstineret.
1082 2711 1114 2741 51
1135 2720 1200 2752 ergo

321 2755 404 2800 itas?
416 2761 575 2790 veritatem
587 2780 597 2798 ‚
623 2759 869 2798 quemadmodum
881 2760 977 2795 ,edom
993 2757 1096 2801 siamus
1111 2783 1122 2799 ,
1147 2758 1199 2790 ba-

320 2806 388 2840 bere
399 2804 539 2850 cognoscis
551 2831 562 2846 ,
587 2808 769 2852 praedidlam
779 2817 809 2842 te
818 2810 966 2844 mulierem
980 2810 1018 2841 de
1032 2807 1199 2848 Monasterio

320 2865 374 2899 per
398 2862 498 2889 omnia
508 2862 646 2893 convenit
666 2859 801 2890 relaxare
817 2883 828 2898 ,
852 2866 890 2894 ,ut
905 2859 949 2891 ad
957 2857 1044 2901 suum
1054 2864 1199 2894 maritum

317 2906 379 2947 fine
391 2907 578 2952 aliquapoffit
581 2906 746 2948 formidine
755 2919 884 2945 remeare
896 2932 904 2941 .
927 2908 962 2945 Si
972 2918 1051 2951 ergo
1069 2908 1199 2950 Specio-

324 2956 374 2988 sus
387 2956 492 2990 suisset
511 2956 666 2999 professus
681 2958 940 2998 continentiam,
963 2956 1049 2994 *reete
1067 2956 1200 2999 judicas-

326 3005 372 3036 set
394 3004 463 3038 Leo
489 3006 685 3052 Episcopus:
713 3007 817 3054 Qod
841 3018 960 3049 nempe
987 3006 1075 3040 istius
1100 3008 1199 3044 etiam

323 3062 411 3089 uxor
431 3062 508 3087 tunc
532 3055 640 3090 fuisset
658 3057 847 3093 solemniter
862 3056 996 3101 professa
1008 3081 1018 3096 ‚
1041 3058 1197 3100 ³atqueita

328 3101 370 3135 ad
395 3111 496 3134 novas
523 3107 647 3146 nuptias
673 3105 828 3140 inhabilis
847 3130 854 3137 .
881 3106 1047 3154 roirca
1082 3118 1197 3140 omnes

324 3149 630 3194 ejusmodiaSacris
642 3156 779 3189 Clericis
804 3164 860 3189 aut
873 3157 1014 3199 ipsorum
1036 3156 1143 3192 viduis
1153 3166 1197 3191 at-

327 3208 466 3234 tentatas
486 3201 612 3243 nuptias
638 3203 671 3235 &
690 3205 869 3250 Gregorius
882 3205 1048 3250 Magnus,
1075 3207 1110 3239 &
1125 3207 1195 3240 Leo

329 3247 542 3283 Cathanenfis
556 3250 748 3293 Episcopus,
772 3254 806 3286 ὃς
817 3256 925 3289 omnis
943 3257 1065 3299 semper
1076 3255 1195 3294 Latina

328 3297 475 3333 Ecclesia
484 3298 620 3333 credidit
635 3311 702 3334 non
711 3310 830 3337 tenere.
857 3306 941 3352 Qae
950 3299 1117 3348 disciplina
1129 3306 1195 3349 jam

329 3347 454 3382 dudum
466 3349 564 3382 etiam
577 3349 683 3393 viguit
692 3371 703 3388 ,
728 3350 760 3383 δε
771 3347 877 3385 adhuc
887 3354 987 3388 hodie
998 3355 1086 3399 viget
1110 3356 1195 3401 apud

323 3396 481 3435 Graecos.
509 3396 620 3435 Etiam
646 3398 715 3434 illic
740 3399 901 3445 maiorum
926 3402 1126 3442 elericorum
1150 3407 1195 3444 vi-

697 128 892 173 PRIMA
928 128 1192 173 PROOEMI
1213 143 1278 177 AL
1298 144 1344 174 1s
1382 130 1825 193 DlssERrArro,

1284 211 1355 252 duae
1382 224 1449 246 non
1476 215 1607 257 possunt
1631 218 1770 262 amplius
1796 219 1940 255 nubere.

1333 261 1433 297 Addo
1444 264 1578 307 simplex
1589 265 1752 302 Castitatis
1763 270 1889 305 Votum
1901 295 1913 311 ,
1938 270 2015 306 licet
2049 273 2158 308 matri·

1281 314 1434 354 monium
1446 314 1649 348 subsecutum
1668 327 1735 353 non
1745 316 1896 361 dirimat,
1925 321 2001 355 cum
2016 322 2156 358 solemni

1283 372 1392 396 tamen
1404 365 1511 407 quoad
1523 365 1709 409 principalis
1719 366 1931 411 obligationis
1942 371 2155 408 substantiam

1280 414 1416 455 aequari.
1443 414 1646 458 Episcopus,
1670 415 1871 460 Presbyter,
1899 423 2056 465 professus
2076 423 2155 458 Mo-

1280 461 1423 504 nachus,
1449 465 1583 508 simplex
1593 466 1722 500 Devota
1735 466 1843 511 Virgo
1860 488 1872 507 ‚
1895 478 1950 512 per
1961 483 2067 515 parem
2087 484 2153 507 car·

1281 513 1332 546 nis
1343 513 1466 556 lapsum
1477 516 1546 558 pari
1556 515 1655 550 etiam
1667 526 1754 551 reatu
1770 528 1884 551 votum
1898 519 1993 558 suum
2009 523 2154 565 praevari-

1277 573 1411 596 cantur.
1440 565 1529 599 Dico
1544 578 1551 597 :
1578 569 1684 599 Votum
1701 566 1801 610 suum.
1831 568 1912 601 Item
1935 581 1942 600 ε
1970 572 2152 614 Ρκοηᾱρᾳῐὶι

1274 612 1480 655 obligationis.
1509 614 1642 650 Etenim
1652 617 1837 650 solemnitas
1865 618 1910 652 est
1933 617 2091 662 singulare
2111 621 2154 657 ab

1279 663 1417 697 Ecclefia
1431 666 1610 707 appositum
1622 676 1702 701 voto
1713 667 1854 711 sigillum
1867 690 1878 706 ,
1904 669 2073 712 fingularis
2094 672 2152 705 Ec-

1276 713 1448 747 clefiastica
1469 715 1539 748 Lex
1565 741 1576 757 ,
1603 716 1745 759 ideoque
1771 717 1839 761 ejus
1864 718 2080 761 pravaricatio
2106 722 2153 755 est

1275 762 1459 808 solemniter
1469 766 1612 807 profeffis
1622 776 1727 800 reatus
1736 766 1906 811 singularis
1918 792 1926 799 .
1952 768 2046 811 Hinc
2068 770 2151 805 item

1275 812 1331 855 qui
1345 814 1447 848 sciens
1459 816 1578 854 sacram
1589 816 1742 860 simplicis
1754 817 1836 851 Voti
1853 817 2013 863 virginem
2034 819 2128 854 duxit
2142 844 2153 860 ‚

1273 862 1342 906 ejus
1350 874 1485 908 corpore
1494 889 1504 905 ,
1530 868 1699 911 quousque
1712 865 1753 900 ab
1765 866 1928 912 Episcopo
1938 868 2151 913 dispensetur,

1275 913 1460 948 nullatenus
1480 916 1584 962 potest
1608 918 1677 953 uti.
1705 916 1891 961 Conjugale
1912 917 2061 953 debitum
2089 932 2150 954 nec

1271 961 1402 1007 exigere
1415 966 1519 1007 potest
1539 990 1550 1006 ,
1578 978 1639 1001 nec
1650 965 1800 1001 reddere.
1826 967 1961 1002 Etenim
1982 970 2057 1005 Deo
2069 969 2152 1004 obli-

1271 1022 1384 1057 gatum
1396 1025 1514 1058 corpus
1525 1017 1677 1061 sacrilege
1688 1017 1802 1051 invasit
1813 1041 1825 1058 ,
1852 1018 1994 1062 ideoque
2015 1020 2151 1063 acquisi-

1273 1072 1304 1096 ta
1317 1063 1352 1097 in
1365 1064 1468 1107 ipsum
1480 1067 1620 1110 potestas
1630 1069 1674 1102 est
1685 1067 1819 1110 quidem
1830 1078 1940 1111 verum
1949 1069 2150 1111 dominium,

1273 1111 1326 1146 sed
1338 1114 1554 1158 undequaque
1564 1117 1774 1151 constristum
1799 1119 1835 1152 &
1849 1116 2020 1163 alligatum
2031 1143 2042 1158 ,
2069 1131 2150 1163 quo-

1272 1164 1372 1206 usque
1393 1163 1451 1197 ista
1476 1175 1552 1209 erga
1582 1166 1744 1201 Divinam
1755 1166 1960 1208 Maiestatem
1983 1168 2149 1213 obligatio

1272 1213 1457 1258 Episcopali
1478 1214 1634 1259 potestate
1645 1217 1802 1261 solvatur.>
2138 1242 2141 1243 ν

1428 1438 1773 1495 CAPUT
1843 1442 1973 1495 XIL

1299 1579 1517 1646 ssxpoizitur
1566 1597 1617 1633 ex
1652 1582 1684 1631 S
1685 1576 1852 1644 acrilegis
1887 1577 2112 1638 Clericorum

1371 1648 1556 1716 Conjugiis
1581 1663 1691 1695 natus
1714 1667 1833 1695 novus
1854 1652 1983 1697 Canon
1997 1650 2041 1708 dp

1440 1716 1720 1784 Irregularitate
1755 1716 1970 1785 megfffl'mffi

1526 1806 1613 1844 rum
1627 1787 1853 1853 Natalium
1864 1824 1878 1847 2

1268 1907 1484 1995 SAcrilega
1509 1909 1716 1944 Clericorum
1739 1908 1827 1954 apud
1838 1909 2146 1958 Latinosconjugiff

1271 1994 1273 1996 ,
1353 1960 1459 1999 secum
1472 1968 1636 1995 traxerunt
1649 1961 1683 1994 ἀ
1694 1960 1795 1993 alium
1806 1961 1973 2003 pessimum
1986 1961 2144 2003 abusum,

1267 2008 1504 2043 haereditariam
1528 2012 1562 2044 in
1575 2009 1812 2050 Ecclesiasticas
1824 2008 2004 2055 dignitates
2023 2010 2144 2045 succes·

1266 2059 1389 2098 sionem
1400 2083 1411 2099 ,
1437 2058 1566 2097 abunde
1575 2059 1755 2103 expositam
1777 2060 1815 2094 in
1826 2059 1958 2096 scholiis
1978 2061 2022 2102 ad
2031 2060 2144 2096 Ceno-

1268 2120 1324 2143 nes
1337 2108 1526 2147 Trullanos.
1557 2110 1609 2142 Ex
1622 2110 1716 2144 malis
1726 2119 1835 2144 tamen
1848 2110 1996 2151 moribus
2007 2121 2083 2147 nata
2094 2109 2144 2150 ,est

1266 2158 1354 2192 bona
1368 2159 1421 2192 lex
1433 2172 1444 2192 .·
1470 2159 1690 2203 Irregularitas
1701 2160 1844 2196 filiorum
1866 2159 2117 2206 illegitimarum
2129 2183 2143 2200 ,

1266 2210 1435 2251 praesertim
1458 2209 1684 2247 Clericalium‚
1709 2209 1749 2249 ln
1770 2209 1899 2248 novella
1918 2211 1962 2251 ad
1983 2209 2144 2255 Ioannem,-

1264 2258 1442 2292 orientalis
1454 2258 1597 2298 Praetorii
1610 2259 1800 2297 Praefedmm
1820 2259 1893 2304 lege
1915 2261 2026 2295 scribit
2049 2259 2143 2304 lusti*
2285 2304 2295 2308 Α

1266 2309 1380 2342 nianus
1394 2308 1583 2353 Augustus3
1611 2314 1636 2342 A
1649 2313 1797 2352 Principio
1819 2311 1938 2352 quando
1955 2309 2020 2352 sola
2031 2318 2144 2350 natum
2159 2299 2232 2338 Lege
2245 2310 2291 2337 ⁷⁴2

1260 2357 1412 2401 sanciebat
1434 2383 1444 2398 ‚
1475 2360 1555 2395 nulla
1576 2358 1704 2392 bominis
1717 2383 1728 2398 ‚
1754 2367 1915 2400 antequam
1931 2357 2055 2401 scriptae
2068 2368 2143 2400 pn·
2155 2347 2220 2378 ⁶²9⁶
2243 2351 2268 2376 ‘¹'

1264 2414 1403 2442 venirent
1413 2410 1490 2453 leges
1503 2434 1515 2449 ‚
1535 2409 1601 2450 fuit
1612 2408 1783 2449 diffl'rpntia
1792 2409 1948 2445 nummulis·v
1968 2417 2057 2453 atque
2063 2408 2140 2450 legd-

1263 2465 1351 2498 mnt,
1372 2457 1429 2501 sed
1438 2465 1571 2500 antiquis
1600 2459 1778 2501 parentibus
1797 2463 1918 2498 antiqui
1921 2457 2003 2498 filu,
2025 2465 2139 2496 mat

1259 2508 1455 2550 procedebant
1467 2533 1477 2549 ,
1499 2508 1610 2550 fiebant
1620 2510 1746 2549 legitimi
1760 2531 1768 2538 .
1794 2505 1898 2553 Qod
1910 2516 2076 2545 anverum
2087 2506 2138 2547 fit,

1261 2559 1306 2593 est
1328 2560 1428 2602 longa
1454 2557 1605 2603 quaeflio.
1635 2556 1708 2595 Nec
1720 2556 1811 2590 enim
1828 2555 1952 2590 'desunt
1975 2556 2138 2596 rationes,

1260 2620 1331 2653 quae
1342 2609 1515 2646 discrimen
1537 2605 1621 2645 istud
1643 2606 1795 2642 suadeant
1808 2605 1917 2639 statim
1943 2617 2019 2640 cum
2032 2606 2137 2649 primo

1239 2657 1241 2659 ’
1261 2656 1539 2701 Protoplastorum
1563 2666 1697 2699 peccato
1718 2655 1861 2698 coepisse,
1889 2655 2062 2701 Quidquid
2076 2656 2112 2689 sit
2125 2678 2136 2695 ,

1261 2709 1511 2752 illegitimorum
1532 2705 1689 2740 natalium
1704 2705 1974 2749 irregularitatem
1991 2704 2136 2742 Ecclesia

1260 2758 1383 2792 dudum
1402 2756 1585 2803 ignoravit,-
1615 2755 1750 2789 Etenim
1770 2757 1854 2788 inter
1867 2754 2136 2803 Nicephoricon-

1260 2809 1381 2846 sessoris
1392 2808 1546 2841 canones
1557 2804 1710 2839 habemus
1727 2806 1761 2845 ὃς
1772 2803 1859 2838 hunc
1871 2819 1884 2843 ;
1910 2807 1975 2848 ,Qui
1984 2815 2024 2843 ex
2033 2814 2135 2842 com&

1260 2858 1356 2899 bina,
1378 2856 1471 2900 scorto
1492 2879 1502 2896 ‚
1531 2859 1664 2899 Digamis
1679 2879 1689 2895 ‚
1714 2864 1766 2888 aut
1782 2858 1935 2899 Trigamt's
1955 2859 2021 2886 nat!
2034 2851 2132 2895 sicut,

1254 2907 1285 2949 fi
1300 2899 1465 2942 virtutibus
1493 2906 1619 2948 praedin
1638 2913 1803 2948 appareant
1815 2931 1825 2946 ,
1850 2903 1949 2946 &fiat
1964 2903 2131 2942 sacerdotio

1252 2952 1368 3002 digni,
1393 2958 1583 2990 ordinentur.
1612 2955 1749 2994 Exstant
1759 2952 2040 2990 CanonesTomo
2062 2953 2131 2984 sex-

2143 2831 2260 2865 Canon.
2269 2842 2301 2869 ις

1235 2999 1238 3002 ’
1259 3018 1296 3042 to
1321 3005 1534 3041 Bibiiothecae
1559 3006 1692 3044 sancta.
1720 3006 1762 3039 Et
1778 3005 1896 3043 sanun
1921 3000 2128 3038 Genebaudo

1260 3057 1364 3100 primo
1387 3055 1650 3094 Laudunensium
1671 3056 1834 3098 Episcopo
1850 3074 1864 3095 ρ
1889 3051 2072 3084 Latronem
2092 3052 2130 3085 fi·
2277 3098 2280 3102 ὓ

1256 3107 1339 3145 ‚lium
1362 3118 1404 3140 ex
1424 3105 1580 3140 damnato
1601 3115 1675 3140 cum
1696 3107 1750 3139 sua
1774 3101 1933 3148 Episcopa
1953 3102 2125 3146 congressu
2143 3094 2278 3131 L-·¹·<³*3·⁴r·

1260 3167 1371 3191 natum
1394 3180 1405 3196 ,
1432 3156 1606 3190 successisse
1634 3156 1667 3191 in
1689 3150 1884 3191 Cathedram
1909 3149 2067 3184 testantur
2087 3151 2125 3189 in
2143 3174 2214 3209 Lege
2231 3183 2256 3202 Ι.

1258 3208 1458 3241 Francorum
1489 3205 1635 3243 Historia
1661 3202 1797 3241 §flnctus
1814 3199 1996 3244 Gregorius
2014 3200 2124 3256 Turo-
2139 3220 2256 3249 cap.14.

1258 3257 1362 3291 nensis
1374 3257 1548 3300 Episcopus
1557 3280 1568 3296 ‚
1590 3262 1630 3291 ac
1644 3251 1683 3286 'in
1696 3249 1890 3283 Rhemenfis
1903 3250 2051 3287 Ecclefiae
2061 3251 2126 3283 Hr-
2217 3292 2222 3297 1

1257 3307 1353 3341 storia
1363 3306 1583 3341 Flodoardus.-·
1606 3297 1743 3337 Etenim
1755 3300 1852 3339 tales,
1878 3299 2008 3339 licetex
2016 3299 2125 3343 legiti-
2141 3291 2294 3325 1”hut-¹⁷.-

1256 3367 1311 3391 mo
1323 3354 1534 3391 matrimonio
1544 3356 1661 3388 mox,
1669 3349 1732 3383 esse
1742 3350 1866 3393 spurios
1874 3348 2028 3392 supponit
2037 3348 2123 3391 apud
2139 3339 2164 3359 ς·
2173 3341 2179 3358 ¹
2188 3340 2214 3365 ⁴·

1257 3407 1455 3453 Gregorium
1466 3407 1592 3438 nonum
1599 3399 1758 3435 Clemens
1768 3400 1894 3436 tertius.
1921 3398 2126 3442 Drogonem

2002 3447 2075 3488 Ms-
