2352 3736
64 632 125 665 lib.
139 644 152 661 ι
157 651 165 661 .

66 1307 115 1346 Ep.
130 1310 177 1342 78.

62 1426 140 1462 Ca-p.
158 1436 207 1464 ¹3·

68 1473 115 1500 ις.

63 1543 138 1583 Cap.
158 1555 207 1582 24.

67 1902 117 1942 Ep,
131 1910 145 1929 2
153 1910 195 1936 17.

81 2947 130 2983 EP-
149 2951 196 2980 43·

85 3251 145 3285 Iilr.
159 3262 184 3280 r.

87 3294 122 3321 C*
138 3293 201 3321 216·

504 134 591 165 DE
666 119 704 165 S..
776 119 1112 163 Leonis

231 210 298 249 que
311 205 356 238 ita
365 201 461 237 illum
475 202 515 237 ad
528 202 729 236 constantem
755 201 815 234 suae
827 201 949 244 sponsae
973 197 1115 234 dileetio-

237 256 312 287 hem
325 253 583 288 admoneamus?

251 329 253 331 .
285 303 341 336 Est
363 302 708 346 ritusantiquiffimu-s.
736 302 869 336 Etenim
903 296 1115 335 de'facienda

235 350 400 397 degradati
413 353 564 397 Episcopi
579 353 779 395 reparatione
800 352 906 384 sanxit
923 359 1035 394 quarta
1046 348 1117 381 To-

235 401 344 436 letana
377 403 550 446 Synodus:
579 406 716 444 Recipiat
736 403 773 435 de
785 413 875 434 manu
889 401 1032 442 Episcopi
1054 409 1117 430 ora-

236 458 334 493 rium,
359 455 526 493 annulum,
553 454 587 485 (Ὗ
608 450 763 485 baculum.
791 450 894 498 Qod
922 449 1039 492 nempe
1061 448 1114 481 de-

236 502 389 546 gradatus
401 503 580 547 Episcopus
606 502 719 536 eadem
746 501 779 533 in
793 501 845 534 sua
860 499 1117 534 Consecratione

237 554 424 595 accepisset.
453 553 496 586 Et
522 552 554 584 in
580 563 680 594 opere
706 551 746 583 de
760 549 991 584 Ecclefiasticis
1002 546 1118 582 officiis

237 602 349 637 scribit
376 603 417 636 de
436 599 642 637 consecrandi
656 600 808 643 Episcopi
835 603 900 634 ritu
926 600 1057 632 Sanftus
1069 596 1116 628 lsi·

238 652 336 687 dorus
347 650 546 695 Hispalensis
573 651 773 694 Episcopus:
801 654 901 683 Datur
925 655 951 682 ei
963 645 1092 680 annulus
1108 669 1118 685 ‚

233 710 360 746 propter
375 701 488 746 fignum
500 700 683 742 Pontificalis
708 699 824 734 honoris
839 724 849 739 ‚
876 699 930 731 vel
939 695 1119 744 fignaculum

234 751 428 796 secretorum.
454 755 540 783 Nam
553 751 649 783 multa
671 747 744 792 fimt
758 774 769 790 ‚
795 760 862 791 quae
876 749 1039 780 carnalium
1063 750 1115 778 mi-

237 801 349 844 nusque
360 801 589 844 intelligentium
596 798 724 842 sensibus
735 800 912 832 occultantes
936 797 1117 834 Sacerdotes,

238 849 384 895 quafisub
394 850 539 895 signaculo
551 848 735 892 abscondam
750 872 760 887 ‚
790 859 826 881 ne
845 848 979 890 indignis
1006 843 1117 889 quibus-

238 912 295 944 que
322 905 378 933 Dei
403 904 597 933 sacramenta
624 903 812 939 aperiantur.
838 898 920 944 Qae
947 895 1042 931 verba
1058 895 1120 929 esse

238 950 350 989 Isidori
369 949 528 988 affirmat,
554 949 587 981 ὃς
609 948 643 981 in
670 957 797 982 nonum
825 947 921 990 primi
950 948 998 980 sui
1027 945 1119 979 Libri

237 1000 415 1036 „Canonem
429 998 576 1032 admittit
589 998 690 1041 prima
711 997 865 1040 Synodus
877 995 1120 1040 Aquisgranen-

238 1050 297 1081 sis.
326 1048 369 1082 Et
381 1059 422 1081 ex
433 1047 496 1081 hoc
522 1047 599 1082 loco
625 1048 784 1081 annulum
796 1047 1006 1092 gestatorium
1019 1045 1119 1088 aliqui

237 1098 453 1135 confundunt
466 1109 542 1132 cum
563 1098 688 1132 annulo
703 1097 878 1141 signatorio
891 1122 901 1137 ‚
928 1097 1040 1141 utique
1066 1106 1119 1128 an-

238 1147 443 1191 tiquiffimo‚
470 1158 566 1191 atque
592 1148 637 1182 ita
659 1159 699 1181 ex
726 1147 791 1181 hoc
803 1147 999 1181 confirmant
1021 1145 1119 1180 etiarn

239 1198 330 1232 illius
343 1197 587 1242 antiquitatem.
615 1197 663 1231 At
676 1209 798 1231 certum
812 1197 856 1231 est
870 1196 954 1234 labi.
987 1196 1121 1230 Etenim

241 1248 456 1293 signatorium
477 1249 637 1282 annulum
662 1248 753 1281 fuiffe
772 1249 931 1287 ferreum,
959 1246 993 1280 <Sc
1006 1245 1120 1291 gestari

241 1297 447 1337 inhabilem,
473 1299 557 1333 lucet
574 1310 616 1333 ex
636 1298 753 1332 litteris
774 1297 803 1331 S.
818 1297 912 1331 Aviti
929 1295 1122 1331 Viennensis

243 1347 401 1392 Episcopi
424 1347 465 1382 ad
487 1348 659 1384 Sidonium
679 1347 910 1392 Apollinarem
924 1346 1120 1390 Episcopum

245 1397 511 1433 Arvernenscm.
540 1400 583 1433 Et
608 1397 697 1443 quod
724 1398 823 1432 etiam
850 1395 1013 1432 Monachi
1040 1396 1123 1430 olim

245 1447 402 1483 haberent
414 1448 554 1483 annulos
565 1448 757 1492 signatorios
770 1472 781 1488 ‚
809 1446 942 1481 testatur
958 1458 993 1480 ac
1006 1445 1124 1479 larnen-

245 1507 334 1533 tatur
357 1498 392 1533 in
404 1508 521 1543 quarto
535 1497 791 1532 Monasticarum
818 1497 1072 1531 Instituitionum
1090 1494 1125 1527 li-

246 1548 305 1583 bro
321 1549 463 1592 Joannes
475 1548 644 1583 Cassianus
655 1572 663 1580 .
691 1547 735 1579 Et
756 1547 836 1579 hinc
847 1545 989 1578 annulus
1000 1569 1010 1584 ‚
1025 1554 1124 1587 quem

244 1609 417 1639 nunquam
429 1599 546 1631 saneto
560 1596 749 1639 Augustino
761 1594 894 1628 adfuisse
920 1592 1029 1627 scribit
1047 1592 1123 1626 Pos-

242 1647 368 1687 fidius,
396 1647 460 1680 fuit
473 1645 685 1690 signatorius.
712 1643 821 1686 Ipsum
834 1654 910 1676 cum
932 1643 1023 1675 clave
1048 1654 1125 1675 con-

243 1696 373 1740 jungit.
404 1692 969 1739 Augustiniintegritatemlaudat‚
997 1690 1052 1732 qui
1079 1698 1124 1723 et-

243 1746 311 1779 iam
323 1745 448 1779 clavem
474 1745 506 1777 &
518 1743 676 1777 annulum
689 1752 756 1774 non
770 1742 904 1775 servaret
917 1741 1022 1774 secum
1033 1764 1044 1780 ‚
1073 1735 1125 1771 sed

243 1794 390 1829 crederet
416 1794 481 1828 suis
501 1793 654 1827 Clericis.
681 1791 785 1837 Qod
805 1791 895 1825 enim
922 1789 1126 1834 Augustinus

244 1844 372 1879 annulo
383 1844 541 1888 signaret,
569 1843 690 1876 docent
708 1842 775 1883 ejus
801 1841 840 1874 ad
855 1840 1039 1874 victorium
1052 1838 1125 1881 Epi·

243 1896 381 1938 scopum
394 1894 524 1926 litteren:
553 1899 638 1926 Hanc
650 1890 947 1935 epistolamfignatam
960 1888 1125 1930 misiannu-

242 1947 273 1980 {o
282 1968 293 1985 ,
320 1949 372 1985 qui
381 1941 641 1984 exprlmitfaciem
651 1941 779 1973 hominis
791 1942 972 1973 attendentis
986 1945 1017 1971 in
1031 1940 1124 1972 latus.

244 1993 354 2041 Qod
381 1991 635 2037 &gestatorium
663 1990 822 2023 annulum
850 1989 997 2026 habuerit
1014 1990 1126 2032 Augu-

244 2045 352 2077 stinus
379 2043 582 2085 Episcopus,
615 2039 742 2074 videtur
766 2051 835 2074 non
862 2038 1096 2083 ambigendum
1118 2063 1124 2069 .

246 2092 384 2126 Etenim
398 2090 539 2124 annulus
552 2115 562 2131 ,
588 2101 684 2133 quem
701 2092 783 2123 inter
796 2090 944 2123 Ecclesiae
956 2090 1049 2122 dotes
1072 2099 1125 2120 nu·

245 2151 351 2176 metat
378 2142 411 2175 &
432 2140 542 2174 laudat
569 2141 600 2174 S.
613 2142 755 2183 Optatus
771 2139 984 2173 Milevitanus
997 2138 1125 2182 Episco-

247 2203 328 2234 pus,
355 2190 494 2225 omnino
506 2189 634 2224 videtur
659 2190 721 2223 esse
735 2191 818 2223 sacer
829 2189 1020 2234 gestatorius
1050 2188 1126 2228 Epi-

246 2243 439 2284 scoporum.
467 2240 556 2273 Nam
581 2239 674 2273 &illi
693 2238 842 2273 adscribit
870 2238 1058 2281 mysterium
1086 2239 1125 2271 se·

1183 114 1776 160 N0N1A011s.
1892 117 1978 172 385

1172 199 1226 242 sas
1249 197 1430 242 subarrhare
1440 224 1447 231 .
1475 201 1584 232 Fertur
1612 200 1694 241 quiid
1714 198 1901 233 Prometheus
1928 205 2050 244 quidam

1170 249 1291 292 sapiens
1300 256 1418 292 primus
1429 250 1572 282 annulum
1589 248 1725 290 ferreum
1749 249 1800 283 hoc
1825 249 1930 293 infigne
1941 257 2054 284 amoris

1170 298 1279 340 fecerit
1290 322 1301 337 ,
1313 302 1347 333 6
1357 306 1389 333 in
1400 312 1432 333 eo
1443 301 1635 332 adamantem
1646 300 1777 340 lapidem
1795 298 1925 342 posuerit
1937 325 1943 332 .
1969 303 2053 344 ,Quia

1178 349 1314 382 videlicet
1319 348 1392 389 ficut
1397 349 1517 390 ferrum
1531 350 1632 387 domat
1643 354 1738 381 omnia
1749 371 1760 386 ,
1783 354 1828 382 ita
1849 363 1930 393 amor
1955 356 2051 388 vincit

1177 404 1291 430 omm‘a.
1320 403 1365 431 Et
1367 397 1441 440 ficut
1456 400 1585 432 adamas
1596 399 1634 438 est
1646 397 1848 442 infrangibilis
1865 425 1875 439 ,
1903 406 1946 431 tta
1975 411 2054 432 amor

1178 447 1213 487 est
1225 447 1433 490 insuperabilis
1444 473 1451 480 .
1482 451 1580 492 ,Quem
1590 454 1681 482 etiam
1693 455 1727 481 in
1751 450 1799 482 Illo
1823 450 1916 492 digito
1937 454 2053 491 portari

1178 497 1319 537 constituit
1331 524 1340 539 ‚
1365 503 1401 542 ¹¹21,
1424 509 1477 541 quo
1497 509 1606 531 venam
1624 500 1719 531 cordis
1730 497 1937 539 deprehendit.
1969 500 2054 533 Unde

1179 549 1211 581 (θ’
1225 550 1382 581 annularis
1410 559 1512 581 nomen
1533 554 1657 590 aceepit.
1682 548 1863 588 Postmodum
1875 551 1945 582 vero
1973 554 2056 582 aurei

1175 596 1246 640 sum
1253 606 1308 640 pro
1325 598 1439 640 ferreis
1462 597 1587 637 instituti
1600 621 1610 637 ,
1637 600 1670 631 &2
1677 605 1805 641 gemmis
1828 607 1883 639 pro
1892 600 2058 631 adamante

1179 645 1321 691 insigniti.
1351 649 1437 691 ‚Quia
1443 647 1514 687 ficut
1524 659 1629 680 aurum
1642 648 1744 681 cunela
1757 650 1877 681 metalla
1885 650 2031 690 praecedit
2044 673 2055 688 ‚

1180 703 1224 729 ita
1246 697 1359 730 dileel'io
1378 695 1518 739 universa
1542 696 1617 729 bona
1631 699 1763 730 excellit.
1795 702 1839 731 Et
1851 698 1924 739 ficut
1949 710 2055 732 aurum

1175 757 1294 789 gemma
1320 748 1475 779 decoratur
1486 769 1496 784 ,
1522 752 1566 778 ita
1577 757 1659 778 amor
1687 747 1834 779 dilellione
1857 756 2037 788 perornatur
2047 773 2055 780 .

1182 795 1326 837 Pontifex
1342 807 1408 839 ergo
1420 797 1564 829 annulum
1571 803 1674 836 portat
1688 820 1698 834 ,
1729 804 1761 828 ut
1767 793 1802 838 se
1808 794 1946 838 sponsum
1961 799 2058 841 Eccle-

1175 844 1225 888 fi’ae
1236 844 1373 890 agnoscat
1386 869 1396 885 ,
1422 856 1456 878 ac
1477 854 1534 887 pro
1546 847 1597 879 illa
1608 853 1741 878 animam
1752 871 1760 885 ‚
1780 844 1811 887 fi
1818 847 1917 888 nereffe
1935 845 2034 886 fuerit
2044 872 2055 886 ,

1175 895 1249 939 ficut
1263 894 1395 936 Christus
1410 920 1419 936 ‚
1440 905 1551 937 ponat.
1583 896 1718 936 mysteria
1731 898 1891 937 Scripturae
1902 896 1922 926 ἃ
1934 903 1987 937 per
1985 895 2060 937 fidis

1174 945 1281 989 sigillet
1292 970 1302 986 ,
1325 945 1438 989 secreta
1449 945 1579 987 Ecclesi‘ae
1591 945 1709 990 resignet
1722 969 1730 977 .
1759 946 1869 980 Etiam
1884 947 1984 979 sacras
2005 956 2063 979 no-

1182 996 1318 1030 strorum
1334 996 1569 1039 Episcoporum
1584 994 1797 1039 chyrothecas
1817 997 1879 1029 esse
1896 995 2061 1038 Apostoli·

1183 1057 1258 1080 cum
1269 1046 1460 1081 Institutum
1473 1047 1607 1079 affirmat
1621 1047 1654 1078 in
1667 1046 1771 1089 primo
1794 1045 1834 1079 de
1848 1045 2061 1079 Sacramentis

1184 1096 1267 1129 libro
1282 1120 1292 1137 ,
1319 1095 1503 1139 &ipsarum
1517 1096 1668 1137 mysticas
1682 1095 1937 1140 significationes
1963 1106 2061 1139 expo·

1182 1146 1232 1179 nit
1246 1146 1351 1189 Hugo
1365 1144 1405 1180 de
1418 1146 1448 1179 S.
1460 1145 1596 1180 Vie‘tore
1610 1170 1617 1178 .

1234 1196 1277 1229 Et
1289 1194 1408 1230 horum
1422 1207 1691 1231 ornamentorum
1706 1196 1848 1231 delatum
1869 1197 1924 1231 sibi
1945 1197 1962 1231 a
1976 1196 2064 1230 Lati-

1185 1245 1234 1279 nis
1249 1245 1411 1280 honorem
1422 1246 1608 1281 Graecorum
1617 1246 1768 1290 Episcopi
1781 1246 1889 1290 paffim
1904 1259 1970 1280 non
1979 1256 2064 1279 aver-

1186 1297 1309 1330 santur.
1337 1295 1445 1330 Immd
1469 1296 1630 1341 probant,
1657 1295 1791 1331 laudant
1803 1322 1813 1338 ,
1840 1297 1873 1330 ὃς
1895 1297 2039 1340 diligunt
2054 1321 2061 1328 .

1188 1345 1319 1380 Etenim
1330 1346 1370 1380 de
1383 1346 1562 1382 Maronitis
1576 1372 1587 1388 ‚
1611 1347 1650 1380 ad
1666 1347 1825 1381 Romanae
1836 1347 1980 1380 Ecclesiae
1993 1346 2065 1380 uni?

1187 1405 1286 1430 tatem
1298 1396 1368 1439 post
1382 1394 1517 1431 haerefim
1529 1398 1561 1430 ὅ(
1579 1396 1715 1431 schisma
1727 1396 1937 1431 redeuntibus
1950 1419 1960 1435 ‚
1994 1395 2066 1430 scri-

1187 1445 1281 1479 bitin
1293 1446 1474 1480 Orientalis
1487 1447 1636 1481 Ecclefiae
1648 1446 1781 1480 historia
1795 1446 1932 1490 Jacobus
1954 1445 2066 1480 Cardi-

1188 1494 1270 1527 nalis
1282 1493 1321 1527 de
1334 1493 1485 1529 Vitriaco
1498 1510 1508 1528 .·
1535 1498 1611 1528 cum
1624 1508 1721 1530 omnes
1734 1497 1898 1530 Orientales
1915 1497 2062 1535 Praelati,

1187 1549 1317 1583 exceptis
1331 1545 1494 1576 dumtaxat
1506 1548 1628 1577 Latinis
1643 1569 1653 1583 ‚
1680 1549 1798 1578 annulis
1828 1548 1861 1579 (θ’
1872 1551 1970 1578 mitris
1992 1548 2068 1577 Pon·

1187 1592 1343 1634 tificalibus
1357 1604 1414 1625 non
1425 1602 1549 1626 utantur
1562 1616 1572 1632 ,
1599 1597 1756 1627 Maronitae
1769 1601 1801 1626 in
1807 1594 1923 1637 fignum
1937 1593 2067 1627 obedien·

1187 1647 1238 1674 tiae
1249 1640 1471 1681 eonsuetudines
1494 1644 1528 1676 (a
1537 1649 1613 1675 ritus
1625 1642 1786 1684 observant
1799 1647 1975 1677 Latinorum
1989 1669 1996 1676 .
2024 1643 2068 1678 Et

1187 1689 1227 1722 ad
1254 1687 1391 1722 eandem
1418 1691 1579 1724 unitatem
1606 1692 1751 1725 venienti
1780 1693 1899 1726 Basilio
1919 1693 2066 1727 Trinobi

1187 1738 1373 1782 Episcopo,
1403 1739 1482 1774 dum
1509 1741 1542 1773 in
1570 1742 1673 1775 totius
1696 1741 1855 1786 Bulgariae
1880 1743 1914 1777 ὅτ.
1928 1741 2069 1777 Blachiae

1187 1789 1364 1822 Primatem
1377 1790 1484 1823 evexit
1495 1813 1504 1828 ‚
1527 1790 1742 1824 Innocentius
1766 1792 1879 1826 tertius
1903 1804 1967 1826 una
1991 1804 2069 1826 cum

1188 1838 1286 1882 pallio
1302 1838 1387 1872 misit
1398 1840 1496 1873 etiam
1511 1840 1640 1874 mitram
1655 1864 1665 1879 ‚
1692 1839 1910 1882 chyrothecas
1921 1866 1932 1882 ‚
1959 1843 1991 1876 δε
2016 1854 2070 1874 ans

1188 1887 1303 1922 nulum
1318 1901 1324 1921 :
1350 1889 1383 1922 &
1410 1890 1549 1923 summas
1563 1890 1618 1923 ille
1639 1889 1707 1935 egit
1717 1892 1837 1934 gratias
1852 1916 1859 1922 .
1884 1891 1966 1926 Late
2003 1891 2072 1926 haee

1187 1935 1284 1972 habes
1298 1938 1331 1970 in
1343 1936 1529 1972 authentica
1544 1963 1554 1978 ,
1582 1950 1679 1982 quam
1702 1940 1892 1974 Franciscus
1916 1942 2073 1983 Bosquet-

1189 1999 1240 2021 tus
1256 1987 1407 2022 Montis·
1420 1987 1538 2022 Peffuli
1552 1987 1734 2032 Episcopus
1752 1990 1920 2034 vulgavit,
1946 1990 2071 2024 laudati

1188 2037 1362 2071 pontificis
1377 2038 1461 2071 vita.
1492 2039 1535 2071 Et
1546 2039 1587 2072 ad
1601 2037 1772 2073 Thomam
1783 2062 1794 2078 ,
1818 2041 1835 2073 a
1850 2039 2001 2074 Flandris
2017 2052 2074 2074 oc-

1168 2097 1312 2134 gcupatae
1338 2087 1650 2131 Constantinopolis
1678 2090 1818 2131 primum
1847 2089 2071 2124 patriarcham

1191 2137 1371 2176 Latinum,
1398 2137 1520 2172 ibidem
1532 2137 1638 2172 scribit
1653 2137 1740 2174 idem
1762 2140 1917 2174 Pontifex
1931 2154 1941 2174 :
1972 2140 2070 2172 Nobis

1189 2187 1337 2220 humiliter
1353 2185 1546 2230 supplicasti,
1571 2196 1604 2221 ut
1615 2189 1650 2222 de
1665 2188 1759 2226 nostra
1784 2190 2022 2231 tibipermiffione
2035 2191 2070 2224 li,

1188 2245 1261 2270 ceret
1274 2236 1436 2276 constitutos
1463 2239 1495 2271 &
1518 2238 1727 2277 constituendos
1754 2246 1786 2273 in
1801 2240 2002 2280 Ecclesi'asticis
2028 2241 2072 2271 di-

246 2291 348 2325 creti.
375 2288 546 2336 Qidquid
558 2290 597 2323 fit
607 2314 617 2330 ,
646 2289 686 2323 de
697 2290 891 2323 consecratis
903 2290 966 2321 sine
979 2286 1125 2322 Ebbonis
1183 2287 1351 2331 gnitatibus
1364 2313 1373 2328 ‚
1401 2293 1499 2320 mitris
1513 2313 1522 2327 ‚
1549 2290 1668 2321 annulis
1683 2313 1692 2328 ‚
1719 2289 1913 2333 &sandaliis
1925 2290 2067 2333 infigmre.

246 2341 295 2374 sui
325 2339 517 2374 Rhemenfis
545 2339 768 2383 Metropolitae
783 2340 942 2374 consensu
958 2338 1125 2381 Episcopis

249 2390 362 2424 scribit
387 2390 428 2423 ad
455 2389 637 2424 Nicolaum
665 2390 804 2432 primum
833 2388 1030 2422 Pontificem
1058 2388 1132 2421 Rex

247 2442 448 2474 Francorum
461 2439 600 2474 Carolus
621 2439 764 2473 Calvus:
793 2444 901 2472 omnes
925 2437 1131 2485 suffraganei,

248 2494 302 2532 qui
327 2489 449 2522 Ebbono
474 2487 594 2532 absente
621 2489 754 2522 ordinati·
772 2489 899 2531 fuerant
913 2514 922 2530 ,
948 2490 1070 2521 annulos
1097 2489 1131 2521 (⁰5

247 2539 365 2572 baculos
377 2563 388 2578 ‚
416 2541 450 2572 (¹2⁴
456 2537 523 2581 suae
534 2538 761 2581 confirmationis
767 2538 885 2582 scripta
899 2563 908 2578 ,
935 2549 1009 2571 more
1037 2538 1130 2570 Galli-

249 2600 394 2622 canarum
418 2587 634 2629 Ecclefiarum,
661 2590 699 2622 ab
718 2601 749 2623 eo
775 2598 941 2632 acceperunt
958 2613 965 2620 .
993 2587 1134 2622 Sicillos

250 2637 296 2669 ab
320 2638 446 2670 incursa
475 2639 678 2680 suspensione
707 2639 802 2673 Ebbo
817 2638 973 2672 absolvit.
1001 2637 1134 2678 Voces,

252 2688 338 2720 More
363 2687 584 2720 Gallicanarum
610 2688 800 2729 Ecclefiarum
828 2713 838 2728 ,
889 2689 1045 2722 evincunt
1073 2686 1133 2720 hos

251 2734 398 2769 annulos
422 2734 483 2766 esse
494 2738 663 2778 antiquos.
690 2738 805 2772 Exstat
821 2738 953 2780 epistola
983 2737 1053 2781 post
1079 2739 1135 2779 Sy-

254 2784 383 2818 nodum
408 2782 643 2818 Tricaffinam.
671 2788 714 2819 Et
741 2788 950 2821 consecrandi
980 2787 1132 2830 Episcopi

254 2834 355 2868 ritum
369 2831 537 2866 Adventio
552 2833 692 2866 Metenfi
708 2836 869 2880 Episcopo
882 2849 1051 2880 exponens
1072 2837 1135 2870 Eb-

254 2883 353 2918 bonis
379 2883 535 2916 successor
563 2882 763 2916 Hincmarus
789 2885 870 2918 dicit
894 2885 935 2919 de
973 2887 1135 2929 Episcopo

252 2934 490 2968 consecrante:
518 2935 624 2964 Mittat
636 2934 779 2965 annulum
793 2940 824 2966 in
837 2936 955 2967 dextrae
966 2947 1073 2968 manus
1092 2938 1134 2968 di-

249 2988 313 3028 glto
337 2990 390 3025 qut
409 2982 552 3024 praecedit
578 2986 730 3014 minimum
744 3007 755 3022 ‚
779 2984 877 3016 dicens
892 3008 902 3024 ,
927 2985 969 3016 ad
994 2987 1070 3026 quid
1093 2988 1135 3019 illi

257 3036 386 3066 annulus
397 3034 486 3066 detur
502 3058 509 3064 .
536 3033 658 3077 signum
671 3032 709 3072 est
724 3038 802 3065 enlm
809 3033 884 3074 fidei
896 3058 906 3073 ,
932 3041 964 3065 ut
990 3036 1137 3070 audienti-

254 3082 312 3115 bus
329 3082 362 3124 se
385 3095 423 3116 ex
437 3087 564 3115 Divinis
580 3081 717 3120 Mysteriis
732 3081 827 3125 fignet
842 3094 909 3124 quae
935 3085 968 3117 (ιν
983 3084 1086 3126 quibus
1097 3084 1135 3127 fi-

250 3133 383 3175 gnanda
406 3131 499 3175 sunt.
525 3134 570 3164 Et
591 3136 707 3172 aperiat
728 3143 795 3172 quae
821 3133 854 3165 (9'
867 3131 971 3174 quibus
983 3132 1056 3175 sunt
1068 3143 1135 3176 ape-

257 3182 382 3215 rienda.
414 3182 563 3224 Exponit
591 3183 624 3215 in
653 3182 769 3214 animae
796 3181 937 3215 Gemma
964 3183 1136 3218 Honorius

258 3229 585 3276 Augustodunensis:
615 3232 723 3264 Annali
734 3230 802 3273 usus
818 3231 856 3264 ab
871 3234 1038 3275 Evangelio
1060 3245 1136 3268 acce-

255 3289 331 3324 ptus
343 3281 473 3313 creditur
486 3305 496 3320 ,
521 3281 570 3314 ubi
575 3280 711 3325 saginati
723 3282 811 3314 vituli
825 3287 954 3315 conviva
972 3287 1073 3323 prima
1083 3284 1136 3324 sto·

261 3332 293 3365 la
304 3330 443 3371 vestitur.
470 3330 547 3361 olim
559 3329 692 3372 solebant
704 3335 796 3375 Reges
807 3331 923 3364 litteras
957 3333 1020 3365 cum
1033 3334 1137 3366 annulo

256 3379 373 3426 signare
384 3393 395 3412 .·
422 3384 497 3411 Cum
506 3378 557 3412 hoc
564 3378 645 3422 soliti
657 3391 743 3415 erant
762 3384 796 3414 ᾧ·
808 3381 918 3415 nobiles
931 3393 1043 3429 quoque
1048 3381 1133 3426 spon-

359 3429 469 3469 Christ.
483 3432 563 3472 Lupi
574 3435 659 3472 Oper.
673 3433 749 3463 Tam.
761 3435 810 3464 W.

1189 2342 1255 2370 Nos
1267 2340 1333 2381 ergo
1340 2336 1537 2380 personaliter
1551 2338 1606 2371 tihi
1618 2339 1750 2373 volentes
1754 2341 1861 2381 facere
1870 2346 2014 2384 gratiam,
2027 2347 2074 2371 in-

1188 2389 1498 2430 dulgemus‚quatenus
1514 2390 1574 2421 tlh's
1588 2391 1726 2422 concedas
1744 2389 1864 2433 inſsgma
1874 2390 1965 2433 supra
1977 2390 2071 2428 dibla,

1186 2437 1289 2479 quibus
1298 2435 1459 2479 secundum
1469 2450 1578 2472 morem
1600 2439 1763 2481 Apostolicae
1776 2442 1861 2473 Sedis
1869 2442 1971 2482 poffisrt
1984 2440 2069 2473 bone—

1179 2487 1223 2527 st&
1234 2489 1355 2521 concedi.
1383 2489 1495 2522 Latini
1513 2490 1736 2523 Orientalium
1750 2491 1924 2524 civitatum
1942 2491 2071 2533 Episco-

1188 2537 1220 2580 pi
1241 2538 1361 2580 semper
1383 2537 1566 2572 habuerunt
1590 2539 1647 2573 ista
1663 2539 1798 2584 insignia
1812 2563 1824 2580 ,
1847 2542 1999 2583 atqueita
2015 2551 2071 2582 pro

1186 2587 1395 2620 redeuntibus
1422 2588 1462 2621 ad
1487 2589 1646 2622 unitatem
1672 2589 1791 2623 Graecis
1818 2590 1991 2632 postulavit
2018 2590 2072 2622 illa

1186 2634 1356 2677 Thomas,
1382 2649 1420 2671 ac
1433 2638 1617 2681 impetravit
1629 2663 1636 2670 .
1667 2640 1708 2673 Et
1722 2639 1943 2673 Constantino
1958 2641 2073 2672 Arme-

1187 2686 1318 2718 niorum
1332 2686 1467 2721 Primati
1480 2712 1490 2726 ,
1518 2688 1691 2730 postulanti
1705 2688 1847 2722 Pallium
1860 2712 1870 2727 ‚
1892 2690 1989 2722 etiam
2005 2687 2072 2720 Mi*

1186 2745 1267 2769 tram
1287 2736 1320 2768 &
1334 2735 1505 2770 Annulum
1517 2737 1606 2770 addit
1620 2738 1797 2781 Gregorius
1815 2750 1919 2771 nonus
1934 2762 1944 2776 ,
1971 2738 2070 2780 idque

1186 2791 1217 2817 in
1224 2783 1337 2827 signum
1351 2785 1514 2827 Apostolicae
1536 2787 1696 2819 daemonis
1710 2789 1858 2832 &gratiae
1874 2811 1884 2826 ,
1909 2799 1942 2820 ac
1952 2792 1984 2819 in
2006 2790 2069 2828 ejus

1187 2837 1350 2867 devotionis
1379 2838 1540 2868 indicium.
1572 2837 1614 2870 Et
1638 2837 1677 2871 de
1693 2837 1886 2881 Episcopi5‚
1915 2849 1996 2881 quos
2009 2837 2071 2870 Im.-

1189 2895 1312 2928 perator
1325 2885 1470 2919 Michael
1487 2886 1688 2930 Palaeologus
1701 2888 1785 2922 misit
1800 2888 1839 2922 ad
1853 2888 1968 2931 Lugdu
1976 2888 2070 2920 nense

1189 2935 1342 2979 Gregorii
1369 2936 1487 2970 decimi
1516 2937 1708 2970 Concilium
1734 2962 1745 2977 ‚
1773 2938 1881 2972 scribit
1907 2938 2070 2982 Georgius

1189 2985 1408 3028 Pachymeres
1435 2998 1441 3018 :

1189 3036 1260 3067 adeo
1283 3044 1316 3066 ut
1339 3047 1387 3068 eos
1408 3036 1597 3069 honoraverit
1614 3041 1713 3069 Mitris
1738 3039 1771 3070 eb·
1785 3040 1910 3071 Annalis
1926 3063 1936 3079 ‚
1962 3037 2070 3080 quibus

1189 3083 1343 3127 infigm'bus
1359 3084 1518 3127 Epist-opos
1543 3093 1645 3119 ornari
1666 3097 1727 3119 mos
1739 3088 1797 3119 illle
1816 3088 1927 3121 obtinet
1943 3112 1950 3120 .
1976 3087 2071 3120 Atta·
2090 3101 2147 3130 Lib.
2160 3113 2184 3129 Ζ,

1191 3145 1263 3167 men
1286 3134 1418 3167 &insius
1429 3134 1544 3168 Petrus
1562 3136 1719 3169 Damiani
1733 3162 1743 3177 ,
1771 3139 1827 3180 qui
1850 3138 2002 3181 pretiosas
2018 3148 2071 3170 an·
2093 3143 2138 3179 Ep·
2151 3152 2179 3169 ι..

1193 3183 1344 3217 nulorum
1363 3186 1551 3229 margaritas
1574 3186 1715 3229 graviter
1734 3186 1888 3229 damnat,
1914 3186 1958 3222 est
1984 3188 2070 3222 anor

1191 3234 1257 3269 stris
1271 3233 1439 3279 Episcopis
1454 3235 1593 3272 omnino
1607 3236 1787 3273 audiendus
1808 3263 1815 3270 .

1592 3433 1709 3470 ccc
1947 3431 2023 3471 CA·

2086 1216 2159 1254 Cap.
2169 1219 2215 1250 560

2089 1487 2163 1525 Cap.
2179 1487 2230 1520 73·

1474 2986 1703 3019 Perhumaniter
1728 2988 1795 3020 illos
1822 2993 1934 3029 exeepIt
1959 2991 2069 3029 Papa,
2095 2981 2211 3058 [3135
