<?xml version="1.0" encoding="UTF-8"?>
<!DOCTYPE html PUBLIC "-//W3C//DTD XHTML 1.0 Transitional//EN"
    "http://www.w3.org/TR/xhtml1/DTD/xhtml1-transitional.dtd">
<html xmlns="http://www.w3.org/1999/xhtml" xml:lang="en" lang="en">
 <head>
  <title>
</title>
<meta http-equiv="Content-Type" content="text/html;charset=utf-8" />
  <meta name='ocr-system' content='tesseract 3.04.00' />
  <meta name='ocr-capabilities' content='ocr_page ocr_carea ocr_par ocr_line ocrx_word'/>
</head>
<body>
  <div class='ocr_page' id='page_1' title='image "./operaomniastudio04lupuuoft/operaomniastudio04lupuuoft_0138.png"; bbox 0 0 2352 3736; ppageno 0'>
   <div class='ocr_carea' id='block_1_1' title="bbox 125 2379 248 2418">
    <p class='ocr_par' dir='ltr' id='par_1_1' title="bbox 125 2379 248 2418">
     <span class='ocr_line' id='line_1_1' title="bbox 125 2379 248 2418; baseline -0.033 -5"><span class='ocrx_word' id='word_1_1' title='bbox 125 2379 187 2413; x_wconf 67' lang='lat'>1³01.</span> <span class='ocrx_word' id='word_1_2' title='bbox 203 2389 248 2418; x_wconf 64' lang='lat'>55,</span> 
     </span>
    </p>
   </div>
   <div class='ocr_carea' id='block_1_2' title="bbox 365 145 471 212">
    <p class='ocr_par' dir='ltr' id='par_1_2' title="bbox 365 145 471 212">
     <span class='ocr_line' id='line_1_2' title="bbox 365 145 471 212; baseline -0.009 0"><span class='ocrx_word' id='word_1_3' title='bbox 365 145 471 212; x_wconf 74' lang='lat'>&#39;128</span> 
     </span>
    </p>
   </div>
   <div class='ocr_carea' id='block_1_3' title="bbox 293 288 1182 1636">
    <p class='ocr_par' dir='ltr' id='par_1_3' title="bbox 293 288 1182 1636">
     <span class='ocr_line' id='line_1_3' title="bbox 305 288 1179 345; baseline -0.014 -11"><span class='ocrx_word' id='word_1_4' title='bbox 305 303 443 345; x_wconf 63' lang='lat' dir='ltr'>joannes</span> <span class='ocrx_word' id='word_1_5' title='bbox 451 295 628 339; x_wconf 79' lang='lat' dir='ltr'>Episcopus</span> <span class='ocrx_word' id='word_1_6' title='bbox 637 295 716 329; x_wconf 83' lang='lat' dir='ltr'>duas</span> <span class='ocrx_word' id='word_1_7' title='bbox 729 294 802 327; x_wconf 84' lang='lat' dir='ltr'>istas</span> <span class='ocrx_word' id='word_1_8' title='bbox 809 289 969 325; x_wconf 81' lang='lat' dir='ltr'>Abbatias</span> <span class='ocrx_word' id='word_1_9' title='bbox 987 288 1111 332; x_wconf 82' lang='lat' dir='ltr'>accepit</span> <span class='ocrx_word' id='word_1_10' title='bbox 1122 298 1179 323; x_wconf 75' lang='lat' dir='ltr'>aut</span> 
     </span>
     <span class='ocr_line' id='line_1_4' title="bbox 300 338 1180 389; baseline -0.011 -6"><span class='ocrx_word' id='word_1_11' title='bbox 300 349 416 387; x_wconf 61' lang='lat' dir='ltr'>§irvasit</span> <span class='ocrx_word' id='word_1_12' title='bbox 437 372 445 380; x_wconf 90' lang='lat'><strong>.</strong></span> <span class='ocrx_word' id='word_1_13' title='bbox 475 345 518 380; x_wconf 88' lang='lat' dir='ltr'>Et</span> <span class='ocrx_word' id='word_1_14' title='bbox 538 345 614 389; x_wconf 88' lang='lat' dir='ltr'>quia</span> <span class='ocrx_word' id='word_1_15' title='bbox 638 344 777 378; x_wconf 83' lang='lat' dir='ltr'>Carolus</span> <span class='ocrx_word' id='word_1_16' title='bbox 800 340 948 383; x_wconf 79' lang='lat' dir='ltr'>Magnus</span> <span class='ocrx_word' id='word_1_17' title='bbox 966 338 1180 383; x_wconf 76' lang='lat' dir='ltr'>iniquitatem</span> 
     </span>
     <span class='ocr_line' id='line_1_5' title="bbox 303 388 1181 440; baseline -0.01 -7"><span class='ocrx_word' id='word_1_18' title='bbox 303 401 396 434; x_wconf 82' lang='lat' dir='ltr'>istam</span> <span class='ocrx_word' id='word_1_19' title='bbox 406 395 580 440; x_wconf 81' lang='lat' dir='ltr'>exstirpare</span> <span class='ocrx_word' id='word_1_20' title='bbox 589 402 728 437; x_wconf 75' lang='lat' dir='ltr'>coeperat</span> <span class='ocrx_word' id='word_1_21' title='bbox 741 413 752 429; x_wconf 92' lang='lat'>‚</span> <span class='ocrx_word' id='word_1_22' title='bbox 777 388 938 423; x_wconf 67' lang='lat' dir='ltr'>dictorum</span> <span class='ocrx_word' id='word_1_23' title='bbox 948 389 1048 426; x_wconf 78' lang='lat' dir='ltr'>etiam</span> <span class='ocrx_word' id='word_1_24' title='bbox 1059 389 1181 428; x_wconf 84' lang='lat' dir='ltr'>Mona-</span> 
     </span>
     <span class='ocr_line' id='line_1_6' title="bbox 302 439 1180 484; baseline -0.009 -2"><span class='ocrx_word' id='word_1_25' title='bbox 302 448 472 482; x_wconf 73' lang='lat' dir='ltr'>steriorum</span> <span class='ocrx_word' id='word_1_26' title='bbox 484 447 595 480; x_wconf 77' lang='lat' dir='ltr'>fiatres</span> <span class='ocrx_word' id='word_1_27' title='bbox 605 443 652 475; x_wconf 84' lang='lat' dir='ltr'>illi</span> <span class='ocrx_word' id='word_1_28' title='bbox 666 452 720 484; x_wconf 86' lang='lat' dir='ltr'>per</span> <span class='ocrx_word' id='word_1_29' title='bbox 733 439 933 483; x_wconf 83' lang='lat' dir='ltr'>Episcopum</span> <span class='ocrx_word' id='word_1_30' title='bbox 944 461 955 478; x_wconf 84' lang='lat'>‚</span> <span class='ocrx_word' id='word_1_31' title='bbox 980 439 1100 474; x_wconf 84' lang='lat' dir='ltr'>doloso</span> <span class='ocrx_word' id='word_1_32' title='bbox 1111 452 1180 484; x_wconf 82' lang='lat' dir='ltr'>pro-</span> 
     </span>
     <span class='ocr_line' id='line_1_7' title="bbox 300 487 1181 533; baseline -0.009 0"><span class='ocrx_word' id='word_1_33' title='bbox 300 497 459 533; x_wconf 74' lang='lat' dir='ltr'>miffionis</span> <span class='ocrx_word' id='word_1_34' title='bbox 479 498 555 530; x_wconf 85' lang='lat' dir='ltr'>suco</span> <span class='ocrx_word' id='word_1_35' title='bbox 576 490 852 533; x_wconf 80' lang='lat' dir='ltr'>circumscriptum</span> <span class='ocrx_word' id='word_1_36' title='bbox 865 513 874 529; x_wconf 88' lang='lat'>‚</span> <span class='ocrx_word' id='word_1_37' title='bbox 909 501 968 533; x_wconf 90' lang='lat' dir='ltr'>pro</span> <span class='ocrx_word' id='word_1_38' title='bbox 989 489 1108 524; x_wconf 88' lang='lat' dir='ltr'>eodem</span> <span class='ocrx_word' id='word_1_39' title='bbox 1130 487 1181 525; x_wconf 81' lang='lat' dir='ltr'>be·</span> 
     </span>
     <span class='ocr_line' id='line_1_8' title="bbox 300 537 1180 586; baseline -0.009 -4"><span class='ocrx_word' id='word_1_40' title='bbox 300 546 444 586; x_wconf 79' lang='lat' dir='ltr'>neficio,</span> <span class='ocrx_word' id='word_1_41' title='bbox 470 555 537 578; x_wconf 88' lang='lat' dir='ltr'>non</span> <span class='ocrx_word' id='word_1_42' title='bbox 555 538 702 575; x_wconf 78' lang='lat' dir='ltr'>adversus</span> <span class='ocrx_word' id='word_1_43' title='bbox 727 537 838 585; x_wconf 80' lang='lat' dir='ltr'>Regiae</span> <span class='ocrx_word' id='word_1_44' title='bbox 861 539 1102 574; x_wconf 86' lang='lat' dir='ltr'>nominationis</span> <span class='ocrx_word' id='word_1_45' title='bbox 1119 541 1180 583; x_wconf 89' lang='lat' dir='ltr'>pri-</span> 
     </span>
     <span class='ocr_line' id='line_1_9' title="bbox 298 587 1180 641; baseline -0.01 -9"><span class='ocrx_word' id='word_1_46' title='bbox 298 597 456 641; x_wconf 79' lang='lat' dir='ltr'>vilegium</span> <span class='ocrx_word' id='word_1_47' title='bbox 468 618 480 634; x_wconf 90' lang='lat'>‚</span> <span class='ocrx_word' id='word_1_48' title='bbox 508 591 561 626; x_wconf 79' lang='lat' dir='ltr'>sed</span> <span class='ocrx_word' id='word_1_49' title='bbox 580 590 731 625; x_wconf 84' lang='lat' dir='ltr'>adversus</span> <span class='ocrx_word' id='word_1_50' title='bbox 749 587 966 625; x_wconf 82' lang='lat' dir='ltr'>Commendae</span> <span class='ocrx_word' id='word_1_51' title='bbox 987 589 1180 624; x_wconf 85' lang='lat' dir='ltr'>violentiam</span> 
     </span>
     <span class='ocr_line' id='line_1_10' title="bbox 301 640 1182 689; baseline -0.006 -11"><span class='ocrx_word' id='word_1_52' title='bbox 301 645 520 689; x_wconf 74' lang='lat' dir='ltr'>supplicarunt</span> <span class='ocrx_word' id='word_1_53' title='bbox 543 651 642 686; x_wconf 82' lang='lat' dir='ltr'>atque</span> <span class='ocrx_word' id='word_1_54' title='bbox 661 641 898 684; x_wconf 85' lang='lat' dir='ltr'>impetrarunt.</span> <span class='ocrx_word' id='word_1_55' title='bbox 925 640 1029 688; x_wconf 84' lang='lat' dir='ltr'>Qod</span> <span class='ocrx_word' id='word_1_56' title='bbox 1054 640 1182 683; x_wconf 85' lang='lat' dir='ltr'>privile·</span> 
     </span>
     <span class='ocr_line' id='line_1_11' title="bbox 300 688 1179 740; baseline -0.005 -12"><span class='ocrx_word' id='word_1_57' title='bbox 300 697 393 740; x_wconf 86' lang='lat' dir='ltr'>giutn</span> <span class='ocrx_word' id='word_1_58' title='bbox 406 693 495 727; x_wconf 87' lang='lat' dir='ltr'>idem</span> <span class='ocrx_word' id='word_1_59' title='bbox 510 691 647 726; x_wconf 71' lang='lat' dir='ltr'>Carolus</span> <span class='ocrx_word' id='word_1_60' title='bbox 660 689 918 727; x_wconf 84' lang='lat' dir='ltr'>Laurishamenfi</span> <span class='ocrx_word' id='word_1_61' title='bbox 931 715 942 730; x_wconf 94' lang='lat'>,</span> <span class='ocrx_word' id='word_1_62' title='bbox 970 688 1179 735; x_wconf 86' lang='lat' dir='ltr'>Dagobertus</span> 
     </span>
     <span class='ocr_line' id='line_1_12' title="bbox 299 740 1179 783; baseline -0.006 -4"><span class='ocrx_word' id='word_1_63' title='bbox 299 745 375 779; x_wconf 84' lang='lat' dir='ltr'>Rex</span> <span class='ocrx_word' id='word_1_64' title='bbox 385 742 634 778; x_wconf 76' lang='lat' dir='ltr'>Solemniacensi</span> <span class='ocrx_word' id='word_1_65' title='bbox 643 766 654 783; x_wconf 90' lang='lat'>‚</span> <span class='ocrx_word' id='word_1_66' title='bbox 682 741 880 776; x_wconf 87' lang='lat' dir='ltr'>Guilielmus</span> <span class='ocrx_word' id='word_1_67' title='bbox 891 741 971 774; x_wconf 84' lang='lat' dir='ltr'>Dux</span> <span class='ocrx_word' id='word_1_68' title='bbox 981 740 1179 775; x_wconf 83' lang='lat' dir='ltr'>Cluniacen-</span> 
     </span>
     <span class='ocr_line' id='line_1_13' title="bbox 299 790 1178 838; baseline -0.003 -10"><span class='ocrx_word' id='word_1_69' title='bbox 299 795 341 834; x_wconf 82' lang='lat' dir='ltr'>si,</span> <span class='ocrx_word' id='word_1_70' title='bbox 368 794 503 838; x_wconf 88' lang='lat' dir='ltr'>aliisque</span> <span class='ocrx_word' id='word_1_71' title='bbox 525 792 735 827; x_wconf 86' lang='lat' dir='ltr'>Monasteriis</span> <span class='ocrx_word' id='word_1_72' title='bbox 755 792 931 836; x_wconf 79' lang='lat' dir='ltr'>aliiReges</span> <span class='ocrx_word' id='word_1_73' title='bbox 951 803 989 825; x_wconf 87' lang='lat' dir='ltr'>ac</span> <span class='ocrx_word' id='word_1_74' title='bbox 1011 790 1178 834; x_wconf 80' lang='lat' dir='ltr'>Principes</span> 
     </span>
     <span class='ocr_line' id='line_1_14' title="bbox 297 840 1176 886; baseline -0.003 -8"><span class='ocrx_word' id='word_1_75' title='bbox 297 845 482 886; x_wconf 83' lang='lat' dir='ltr'>frequenter</span> <span class='ocrx_word' id='word_1_76' title='bbox 502 843 707 878; x_wconf 87' lang='lat' dir='ltr'>donaverunt</span> <span class='ocrx_word' id='word_1_77' title='bbox 720 867 727 874; x_wconf 91' lang='lat'><em>.</em></span> <span class='ocrx_word' id='word_1_78' title='bbox 755 842 851 876; x_wconf 83' lang='lat' dir='ltr'>Nulli</span> <span class='ocrx_word' id='word_1_79' title='bbox 865 840 1061 885; x_wconf 82' lang='lat' dir='ltr'>Apostolico</span> <span class='ocrx_word' id='word_1_80' title='bbox 1081 842 1176 884; x_wconf 83' lang='lat' dir='ltr'>privi-</span> 
     </span>
     <span class='ocr_line' id='line_1_15' title="bbox 298 891 1176 940; baseline -0.005 -11"><span class='ocrx_word' id='word_1_81' title='bbox 298 895 389 940; x_wconf 71' lang='lat' dir='ltr'>legio</span> <span class='ocrx_word' id='word_1_82' title='bbox 401 919 411 935; x_wconf 93' lang='lat'>,</span> <span class='ocrx_word' id='word_1_83' title='bbox 438 893 491 928; x_wconf 89' lang='lat' dir='ltr'>sed</span> <span class='ocrx_word' id='word_1_84' title='bbox 503 904 556 937; x_wconf 91' lang='lat' dir='ltr'>per</span> <span class='ocrx_word' id='word_1_85' title='bbox 570 892 728 928; x_wconf 81' lang='lat' dir='ltr'>Carolum</span> <span class='ocrx_word' id='word_1_86' title='bbox 744 891 937 926; x_wconf 84' lang='lat' dir='ltr'>Martellum</span> <span class='ocrx_word' id='word_1_87' title='bbox 959 891 1096 925; x_wconf 69' lang='lat' dir='ltr'>induetae</span> <span class='ocrx_word' id='word_1_88' title='bbox 1107 914 1117 930; x_wconf 97' lang='lat'>,</span> <span class='ocrx_word' id='word_1_89' title='bbox 1142 892 1176 925; x_wconf 74' lang='grc' dir='ltr'>δε</span> 
     </span>
     <span class='ocr_line' id='line_1_16' title="bbox 296 940 1178 987; baseline -0.003 -9"><span class='ocrx_word' id='word_1_90' title='bbox 296 943 391 978; x_wconf 63' lang='lat' dir='ltr'>asnis</span> <span class='ocrx_word' id='word_1_91' title='bbox 415 943 597 987; x_wconf 82' lang='lat' dir='ltr'>Majoribus</span> <span class='ocrx_word' id='word_1_92' title='bbox 621 943 822 976; x_wconf 83' lang='lat' dir='ltr'>continuatae</span> <span class='ocrx_word' id='word_1_93' title='bbox 832 940 1037 985; x_wconf 82' lang='lat' dir='ltr'>usurpationi</span> <span class='ocrx_word' id='word_1_94' title='bbox 1059 954 1097 975; x_wconf 86' lang='lat' dir='ltr'>ac</span> <span class='ocrx_word' id='word_1_95' title='bbox 1111 942 1178 975; x_wconf 80' lang='lat' dir='ltr'>vio-</span> 
     </span>
     <span class='ocr_line' id='line_1_17' title="bbox 296 990 1174 1034; baseline -0.003 -6"><span class='ocrx_word' id='word_1_96' title='bbox 296 994 406 1028; x_wconf 81' lang='lat' dir='ltr'>lentiae</span> <span class='ocrx_word' id='word_1_97' title='bbox 422 995 598 1034; x_wconf 74' lang='lat' dir='ltr'>cesserunt,</span> <span class='ocrx_word' id='word_1_98' title='bbox 631 993 664 1027; x_wconf 78' lang='grc' dir='ltr'>δε</span> <span class='ocrx_word' id='word_1_99' title='bbox 676 993 781 1027; x_wconf 83' lang='lat' dir='ltr'>sacros</span> <span class='ocrx_word' id='word_1_100' title='bbox 793 991 940 1026; x_wconf 73' lang='lat' dir='ltr'>Ecclesiae</span> <span class='ocrx_word' id='word_1_101' title='bbox 964 990 1121 1026; x_wconf 87' lang='lat' dir='ltr'>Canones</span> <span class='ocrx_word' id='word_1_102' title='bbox 1132 1003 1174 1025; x_wconf 81' lang='lat' dir='ltr'>re-</span> 
     </span>
     <span class='ocr_line' id='line_1_18' title="bbox 295 1042 1174 1088; baseline -0.005 -9"><span class='ocrx_word' id='word_1_103' title='bbox 295 1046 475 1088; x_wconf 75' lang='lat' dir='ltr'>posuerunt</span> <span class='ocrx_word' id='word_1_104' title='bbox 487 1045 522 1078; x_wconf 89' lang='lat' dir='ltr'>in</span> <span class='ocrx_word' id='word_1_105' title='bbox 535 1044 656 1077; x_wconf 86' lang='lat' dir='ltr'>avitam</span> <span class='ocrx_word' id='word_1_106' title='bbox 667 1042 911 1077; x_wconf 84' lang='lat' dir='ltr'>observantiam</span> <span class='ocrx_word' id='word_1_107' title='bbox 923 1066 933 1082; x_wconf 92' lang='lat'>‚</span> <span class='ocrx_word' id='word_1_108' title='bbox 958 1042 1046 1086; x_wconf 87' lang='lat' dir='ltr'>quod</span> <span class='ocrx_word' id='word_1_109' title='bbox 1059 1042 1098 1076; x_wconf 84' lang='lat' dir='ltr'>ad</span> <span class='ocrx_word' id='word_1_110' title='bbox 1114 1042 1174 1075; x_wconf 90' lang='lat' dir='ltr'>Re-</span> 
     </span>
     <span class='ocr_line' id='line_1_19' title="bbox 295 1090 1176 1139; baseline -0.003 -12"><span class='ocrx_word' id='word_1_111' title='bbox 295 1094 368 1139; x_wconf 87' lang='lat' dir='ltr'>gale</span> <span class='ocrx_word' id='word_1_112' title='bbox 391 1095 508 1137; x_wconf 63' lang='lat' dir='ltr'>spestat</span> <span class='ocrx_word' id='word_1_113' title='bbox 531 1094 698 1133; x_wconf 81' lang='lat' dir='ltr'>officium.</span> <span class='ocrx_word' id='word_1_114' title='bbox 727 1093 772 1126; x_wconf 90' lang='lat' dir='ltr'>Et</span> <span class='ocrx_word' id='word_1_115' title='bbox 793 1091 871 1126; x_wconf 89' lang='lat' dir='ltr'>hinc</span> <span class='ocrx_word' id='word_1_116' title='bbox 892 1092 987 1126; x_wconf 87' lang='lat' dir='ltr'>nullo</span> <span class='ocrx_word' id='word_1_117' title='bbox 1008 1092 1109 1126; x_wconf 86' lang='lat' dir='ltr'>modo</span> <span class='ocrx_word' id='word_1_118' title='bbox 1131 1090 1176 1124; x_wconf 88' lang='lat' dir='ltr'>est</span> 
     </span>
     <span class='ocr_line' id='line_1_20' title="bbox 294 1141 1174 1189; baseline -0.005 -11"><span class='ocrx_word' id='word_1_119' title='bbox 294 1143 503 1189; x_wconf 82' lang='lat' dir='ltr'>privilegium</span> <span class='ocrx_word' id='word_1_120' title='bbox 518 1169 529 1185; x_wconf 94' lang='lat'><strong>,</strong></span> <span class='ocrx_word' id='word_1_121' title='bbox 541 1154 621 1178; x_wconf 89' lang='lat' dir='ltr'>tunc</span> <span class='ocrx_word' id='word_1_122' title='bbox 633 1152 744 1177; x_wconf 85' lang='lat' dir='ltr'>tamen</span> <span class='ocrx_word' id='word_1_123' title='bbox 756 1141 874 1177; x_wconf 72' lang='lat' dir='ltr'>merito</span> <span class='ocrx_word' id='word_1_124' title='bbox 883 1142 944 1176; x_wconf 83' lang='lat' dir='ltr'>fuit</span> <span class='ocrx_word' id='word_1_125' title='bbox 954 1143 995 1176; x_wconf 86' lang='lat' dir='ltr'>sic</span> <span class='ocrx_word' id='word_1_126' title='bbox 1002 1151 1156 1176; x_wconf 88' lang='lat' dir='ltr'>vocatum</span> <span class='ocrx_word' id='word_1_127' title='bbox 1167 1165 1174 1172; x_wconf 92' lang='lat'><em>.</em></span> 
     </span>
     <span class='ocr_line' id='line_1_21' title="bbox 293 1191 1176 1237; baseline -0.006 -9"><span class='ocrx_word' id='word_1_128' title='bbox 293 1194 432 1229; x_wconf 80' lang='lat' dir='ltr'>Etenim</span> <span class='ocrx_word' id='word_1_129' title='bbox 445 1195 586 1229; x_wconf 87' lang='lat' dir='ltr'>nimium</span> <span class='ocrx_word' id='word_1_130' title='bbox 593 1193 735 1228; x_wconf 83' lang='lat' dir='ltr'>Praelatis</span> <span class='ocrx_word' id='word_1_131' title='bbox 747 1194 810 1227; x_wconf 89' lang='lat' dir='ltr'>suis</span> <span class='ocrx_word' id='word_1_132' title='bbox 823 1192 972 1237; x_wconf 82' lang='lat' dir='ltr'>placendi</span> <span class='ocrx_word' id='word_1_133' title='bbox 998 1193 1031 1226; x_wconf 73' lang='grc' dir='ltr'>δε</span> <span class='ocrx_word' id='word_1_134' title='bbox 1041 1191 1176 1226; x_wconf 82' lang='lat' dir='ltr'>adulan-</span> 
     </span>
     <span class='ocr_line' id='line_1_22' title="bbox 295 1241 1174 1288; baseline -0.003 -10"><span class='ocrx_word' id='word_1_135' title='bbox 295 1244 329 1278; x_wconf 88' lang='lat' dir='ltr'>di</span> <span class='ocrx_word' id='word_1_136' title='bbox 343 1245 485 1279; x_wconf 80' lang='lat' dir='ltr'>studium</span> <span class='ocrx_word' id='word_1_137' title='bbox 503 1270 514 1285; x_wconf 93' lang='lat'><em>,</em></span> <span class='ocrx_word' id='word_1_138' title='bbox 542 1255 609 1288; x_wconf 88' lang='lat' dir='ltr'>quo</span> <span class='ocrx_word' id='word_1_139' title='bbox 623 1244 755 1278; x_wconf 84' lang='lat' dir='ltr'>Graecos</span> <span class='ocrx_word' id='word_1_140' title='bbox 773 1243 929 1277; x_wconf 67' lang='lat' dir='ltr'>laborasse</span> <span class='ocrx_word' id='word_1_141' title='bbox 952 1251 1046 1275; x_wconf 87' lang='lat' dir='ltr'>notat</span> <span class='ocrx_word' id='word_1_142' title='bbox 1067 1241 1103 1275; x_wconf 89' lang='lat' dir='ltr'>in</span> <span class='ocrx_word' id='word_1_143' title='bbox 1121 1241 1174 1275; x_wconf 85' lang='lat' dir='ltr'>sua</span> 
     </span>
     <span class='ocr_line' id='line_1_23' title="bbox 294 1290 1175 1338; baseline -0.003 -11"><span class='ocrx_word' id='word_1_144' title='bbox 294 1294 336 1328; x_wconf 82' lang='lat' dir='ltr'>ad</span> <span class='ocrx_word' id='word_1_145' title='bbox 349 1296 518 1338; x_wconf 79' lang='lat' dir='ltr'>septimam</span> <span class='ocrx_word' id='word_1_146' title='bbox 528 1294 704 1338; x_wconf 86' lang='lat' dir='ltr'>Synodum</span> <span class='ocrx_word' id='word_1_147' title='bbox 728 1293 916 1336; x_wconf 78' lang='lat' dir='ltr'>praefatione</span> <span class='ocrx_word' id='word_1_148' title='bbox 927 1291 1112 1326; x_wconf 82' lang='lat' dir='ltr'>Anastafius</span> <span class='ocrx_word' id='word_1_149' title='bbox 1123 1290 1175 1324; x_wconf 88' lang='lat' dir='ltr'>Bi·</span> 
     </span>
     <span class='ocr_line' id='line_1_24' title="bbox 295 1339 1173 1386; baseline -0.003 -8"><span class='ocrx_word' id='word_1_150' title='bbox 295 1343 531 1378; x_wconf 84' lang='lat' dir='ltr'>bliothecarius</span> <span class='ocrx_word' id='word_1_151' title='bbox 542 1367 553 1383; x_wconf 92' lang='lat'><strong>,</strong></span> <span class='ocrx_word' id='word_1_152' title='bbox 580 1345 679 1377; x_wconf 83' lang='lat' dir='ltr'>etiam</span> <span class='ocrx_word' id='word_1_153' title='bbox 690 1342 837 1376; x_wconf 87' lang='lat' dir='ltr'>Barbaris</span> <span class='ocrx_word' id='word_1_154' title='bbox 858 1341 922 1376; x_wconf 84' lang='lat' dir='ltr'>suis</span> <span class='ocrx_word' id='word_1_155' title='bbox 933 1339 1081 1386; x_wconf 75' lang='lat' dir='ltr'>Regibus</span> <span class='ocrx_word' id='word_1_156' title='bbox 1093 1341 1173 1376; x_wconf 88' lang='lat' dir='ltr'>olim</span> 
     </span>
     <span class='ocr_line' id='line_1_25' title="bbox 294 1390 1173 1436; baseline -0.002 -8"><span class='ocrx_word' id='word_1_157' title='bbox 294 1393 648 1436; x_wconf 84' lang='lat' dir='ltr'>impenderuntLatini</span> <span class='ocrx_word' id='word_1_158' title='bbox 663 1392 800 1436; x_wconf 83' lang='lat' dir='ltr'>populi,</span> <span class='ocrx_word' id='word_1_159' title='bbox 825 1401 923 1435; x_wconf 81' lang='lat' dir='ltr'>atque</span> <span class='ocrx_word' id='word_1_160' title='bbox 945 1393 991 1427; x_wconf 84' lang='lat' dir='ltr'>ita</span> <span class='ocrx_word' id='word_1_161' title='bbox 1004 1390 1115 1436; x_wconf 85' lang='lat' dir='ltr'>Regia</span> <span class='ocrx_word' id='word_1_162' title='bbox 1135 1403 1173 1426; x_wconf 81' lang='lat' dir='ltr'>ac</span> 
     </span>
     <span class='ocr_line' id='line_1_26' title="bbox 295 1440 1175 1484; baseline -0.002 -7"><span class='ocrx_word' id='word_1_163' title='bbox 295 1442 405 1477; x_wconf 81' lang='lat' dir='ltr'>debita</span> <span class='ocrx_word' id='word_1_164' title='bbox 428 1443 606 1477; x_wconf 85' lang='lat' dir='ltr'>Canonum</span> <span class='ocrx_word' id='word_1_165' title='bbox 622 1443 777 1476; x_wconf 84' lang='lat' dir='ltr'>executio</span> <span class='ocrx_word' id='word_1_166' title='bbox 799 1442 924 1484; x_wconf 88' lang='lat' dir='ltr'>accepit</span> <span class='ocrx_word' id='word_1_167' title='bbox 948 1452 1068 1475; x_wconf 83' lang='lat' dir='ltr'>nomen</span> <span class='ocrx_word' id='word_1_168' title='bbox 1082 1440 1175 1476; x_wconf 72' lang='lat' dir='ltr'>bene-</span> 
     </span>
     <span class='ocr_line' id='line_1_27' title="bbox 297 1489 1176 1537; baseline -0.002 -9"><span class='ocrx_word' id='word_1_169' title='bbox 297 1493 366 1529; x_wconf 79' lang='lat' dir='ltr'>ficii</span> <span class='ocrx_word' id='word_1_170' title='bbox 377 1505 415 1527; x_wconf 88' lang='lat' dir='ltr'>ac</span> <span class='ocrx_word' id='word_1_171' title='bbox 427 1492 604 1537; x_wconf 83' lang='lat' dir='ltr'>privilegii.</span> <span class='ocrx_word' id='word_1_172' title='bbox 633 1492 676 1525; x_wconf 89' lang='lat' dir='ltr'>Et</span> <span class='ocrx_word' id='word_1_173' title='bbox 685 1489 770 1525; x_wconf 59' lang='lat' dir='ltr'>cert&amp;</span> <span class='ocrx_word' id='word_1_174' title='bbox 781 1491 799 1524; x_wconf 71' lang='grc' dir='ltr'>ὲ</span> <span class='ocrx_word' id='word_1_175' title='bbox 813 1501 981 1534; x_wconf 75' lang='lat' dir='ltr'>parentum</span> <span class='ocrx_word' id='word_1_176' title='bbox 1003 1492 1176 1526; x_wconf 82' lang='lat' dir='ltr'>invasioni-</span> 
     </span>
     <span class='ocr_line' id='line_1_28' title="bbox 297 1539 1175 1584; baseline -0.002 -7"><span class='ocrx_word' id='word_1_177' title='bbox 297 1543 359 1579; x_wconf 86' lang='lat' dir='ltr'>bus</span> <span class='ocrx_word' id='word_1_178' title='bbox 381 1544 527 1577; x_wconf 82' lang='lat' dir='ltr'>recedere</span> <span class='ocrx_word' id='word_1_179' title='bbox 541 1566 551 1582; x_wconf 85' lang='lat'>‚</span> <span class='ocrx_word' id='word_1_180' title='bbox 577 1542 612 1575; x_wconf 86' lang='lat'>&amp;</span> <span class='ocrx_word' id='word_1_181' title='bbox 631 1541 763 1575; x_wconf 84' lang='lat' dir='ltr'>detenta</span> <span class='ocrx_word' id='word_1_182' title='bbox 788 1540 830 1574; x_wconf 86' lang='lat' dir='ltr'>ab</span> <span class='ocrx_word' id='word_1_183' title='bbox 851 1540 922 1584; x_wconf 73' lang='lat' dir='ltr'>ipsis</span> <span class='ocrx_word' id='word_1_184' title='bbox 940 1539 1008 1582; x_wconf 82' lang='lat' dir='ltr'>jura</span> <span class='ocrx_word' id='word_1_185' title='bbox 1021 1540 1175 1576; x_wconf 81' lang='lat' dir='ltr'>Euclefiis</span> 
     </span>
     <span class='ocr_line' id='line_1_29' title="bbox 298 1590 908 1636; baseline -0.007 -6"><span class='ocrx_word' id='word_1_186' title='bbox 298 1591 430 1630; x_wconf 69' lang='lat' dir='ltr'>reddere</span> <span class='ocrx_word' id='word_1_187' title='bbox 442 1619 453 1636; x_wconf 88' lang='lat'>‚</span> <span class='ocrx_word' id='word_1_188' title='bbox 479 1594 523 1628; x_wconf 84' lang='lat' dir='ltr'>est</span> <span class='ocrx_word' id='word_1_189' title='bbox 537 1590 681 1628; x_wconf 82' lang='lat' dir='ltr'>omnino</span> <span class='ocrx_word' id='word_1_190' title='bbox 691 1590 888 1626; x_wconf 88' lang='lat' dir='ltr'>beneficium</span> <span class='ocrx_word' id='word_1_191' title='bbox 901 1615 908 1626; x_wconf 89' lang='lat'>.</span> 
     </span>
    </p>
   </div>
   <div class='ocr_carea' id='block_1_4' title="bbox 487 1815 996 1879">
    <p class='ocr_par' dir='ltr' id='par_1_4' title="bbox 487 1815 996 1879">
     <span class='ocr_line' id='line_1_30' title="bbox 487 1815 996 1879; baseline -0.004 -14"><span class='ocrx_word' id='word_1_192' title='bbox 487 1815 837 1879; x_wconf 78' lang='lat' dir='ltr'>CAPUT</span> <span class='ocrx_word' id='word_1_193' title='bbox 908 1818 996 1864; x_wconf 78' lang='lat' dir='ltr'>lv.</span> 
     </span>
    </p>
   </div>
   <div class='ocr_carea' id='block_1_5' title="bbox 300 1931 1183 2144">
    <p class='ocr_par' dir='ltr' id='par_1_5' title="bbox 300 1931 1183 2144">
     <span class='ocr_line' id='line_1_31' title="bbox 300 1931 1183 2007; baseline 0 -25"><span class='ocrx_word' id='word_1_194' title='bbox 300 1931 496 2007; x_wconf 72' lang='lat' dir='ltr'>Qomodb</span> <span class='ocrx_word' id='word_1_195' title='bbox 505 1932 577 1981; x_wconf 83' lang='lat' dir='ltr'>hac</span> <span class='ocrx_word' id='word_1_196' title='bbox 601 1938 687 1981; x_wconf 77' lang='lat' dir='ltr'>inre</span> <span class='ocrx_word' id='word_1_197' title='bbox 701 1932 749 2000; x_wconf 80' lang='lat' dir='ltr'><em>fi</em></span> <span class='ocrx_word' id='word_1_198' title='bbox 769 1931 935 2001; x_wconf 72' lang='lat' dir='ltr'>gfffirint</span> <span class='ocrx_word' id='word_1_199' title='bbox 949 1933 1183 1995; x_wconf 75' lang='lat' dir='ltr'>Lotharz&#39;us,</span> 
     </span>
     <span class='ocr_line' id='line_1_32' title="bbox 341 2004 1100 2066; baseline -0.005 -10"><span class='ocrx_word' id='word_1_200' title='bbox 341 2012 343 2015; x_wconf 66' lang='grc'><strong>’</strong></span> <span class='ocrx_word' id='word_1_201' title='bbox 386 2004 607 2056; x_wconf 72' lang='lat' dir='ltr'>Ludovz&#39;cus</span> <span class='ocrx_word' id='word_1_202' title='bbox 619 2041 631 2064; x_wconf 87' lang='lat'>,</span> <span class='ocrx_word' id='word_1_203' title='bbox 666 2005 823 2053; x_wconf 69' lang='lat' dir='ltr'>Carolus</span> <span class='ocrx_word' id='word_1_204' title='bbox 834 2010 867 2051; x_wconf 90' lang='lat' dir='ltr'>C</span> <span class='ocrx_word' id='word_1_205' title='bbox 869 2004 1007 2066; x_wconf 70' lang='lat' dir='ltr'>alvus,</span> <span class='ocrx_word' id='word_1_206' title='bbox 1041 2010 1100 2052; x_wconf 59' lang='grc' dir='ltr'>(θ’</span> 
     </span>
     <span class='ocr_line' id='line_1_33' title="bbox 494 2073 994 2144; baseline 0 -21"><span class='ocrx_word' id='word_1_207' title='bbox 494 2074 564 2124; x_wconf 74' lang='lat' dir='ltr'>alii</span> <span class='ocrx_word' id='word_1_208' title='bbox 581 2080 817 2123; x_wconf 73' lang='lat' dir='ltr'>Francorum</span> <span class='ocrx_word' id='word_1_209' title='bbox 841 2080 960 2144; x_wconf 77' lang='lat' dir='ltr'>Reges</span> <span class='ocrx_word' id='word_1_210' title='bbox 973 2073 994 2123; x_wconf 85' lang='lat'>?</span> 
     </span>
    </p>
   </div>
   <div class='ocr_carea' id='block_1_6' title="bbox 304 2192 1196 3486">
    <p class='ocr_par' dir='ltr' id='par_1_6' title="bbox 306 2192 1185 2240">
     <span class='ocr_line' id='line_1_34' title="bbox 306 2192 1185 2240; baseline -0.006 -7"><span class='ocrx_word' id='word_1_211' title='bbox 306 2220 310 2223; x_wconf 96' lang='lat'>-</span> <span class='ocrx_word' id='word_1_212' title='bbox 389 2197 551 2233; x_wconf 87' lang='lat' dir='ltr'>Udovico</span> <span class='ocrx_word' id='word_1_213' title='bbox 566 2196 628 2232; x_wconf 87' lang='lat' dir='ltr'>Pio</span> <span class='ocrx_word' id='word_1_214' title='bbox 640 2195 673 2231; x_wconf 90' lang='lat' dir='ltr'>in</span> <span class='ocrx_word' id='word_1_215' title='bbox 687 2197 881 2232; x_wconf 86' lang='lat' dir='ltr'>Romanum</span> <span class='ocrx_word' id='word_1_216' title='bbox 892 2195 1063 2240; x_wconf 85' lang='lat' dir='ltr'>Imperium</span> <span class='ocrx_word' id='word_1_217' title='bbox 1075 2221 1085 2238; x_wconf 91' lang='lat'>‚</span> <span class='ocrx_word' id='word_1_218' title='bbox 1096 2192 1185 2231; x_wconf 85' lang='lat' dir='ltr'>Lon-</span> 
     </span>
    </p>

    <p class='ocr_par' dir='ltr' id='par_1_7' title="bbox 304 2245 1196 3486">
     <span class='ocr_line' id='line_1_35' title="bbox 413 2245 1187 2293; baseline -0.004 -11"><span class='ocrx_word' id='word_1_219' title='bbox 413 2247 603 2293; x_wconf 79' lang='lat' dir='ltr'>gobardiam</span> <span class='ocrx_word' id='word_1_220' title='bbox 617 2272 627 2288; x_wconf 88' lang='lat'>‚</span> <span class='ocrx_word' id='word_1_221' title='bbox 652 2259 689 2282; x_wconf 82' lang='lat' dir='ltr'>ac</span> <span class='ocrx_word' id='word_1_222' title='bbox 702 2245 925 2293; x_wconf 81' lang='lat' dir='ltr'>Lotharingiae</span> <span class='ocrx_word' id='word_1_223' title='bbox 944 2247 1100 2291; x_wconf 85' lang='lat' dir='ltr'>Regnum</span> <span class='ocrx_word' id='word_1_224' title='bbox 1122 2247 1187 2279; x_wconf 89' lang='lat' dir='ltr'>suc-</span> 
     </span>
     <span class='ocr_line' id='line_1_36' title="bbox 304 2295 1187 2340; baseline -0.005 -7"><span class='ocrx_word' id='word_1_225' title='bbox 304 2299 392 2333; x_wconf 85' lang='lat' dir='ltr'>cessit</span> <span class='ocrx_word' id='word_1_226' title='bbox 413 2298 516 2332; x_wconf 87' lang='lat' dir='ltr'>Filius</span> <span class='ocrx_word' id='word_1_227' title='bbox 528 2299 633 2332; x_wconf 88' lang='lat' dir='ltr'>senior</span> <span class='ocrx_word' id='word_1_228' title='bbox 645 2295 819 2332; x_wconf 85' lang='lat' dir='ltr'>Lotharius</span> <span class='ocrx_word' id='word_1_229' title='bbox 830 2321 841 2337; x_wconf 93' lang='lat'>,</span> <span class='ocrx_word' id='word_1_230' title='bbox 865 2296 907 2331; x_wconf 87' lang='lat' dir='ltr'>de</span> <span class='ocrx_word' id='word_1_231' title='bbox 919 2308 986 2340; x_wconf 92' lang='lat' dir='ltr'>quo</span> <span class='ocrx_word' id='word_1_232' title='bbox 999 2296 1108 2330; x_wconf 85' lang='lat' dir='ltr'>scribit</span> <span class='ocrx_word' id='word_1_233' title='bbox 1122 2307 1187 2330; x_wconf 86' lang='lat' dir='ltr'>ma-</span> 
     </span>
     <span class='ocr_line' id='line_1_37' title="bbox 304 2347 1186 2395; baseline -0.005 -13"><span class='ocrx_word' id='word_1_234' title='bbox 304 2360 411 2395; x_wconf 90' lang='lat' dir='ltr'>gnum</span> <span class='ocrx_word' id='word_1_235' title='bbox 435 2349 543 2393; x_wconf 81' lang='lat' dir='ltr'>Belgii</span> <span class='ocrx_word' id='word_1_236' title='bbox 564 2348 780 2382; x_wconf 88' lang='lat' dir='ltr'>Chronicon:</span> <span class='ocrx_word' id='word_1_237' title='bbox 807 2347 872 2388; x_wconf 82' lang='lat' dir='ltr'>Ist1&#39;s</span> <span class='ocrx_word' id='word_1_238' title='bbox 890 2347 1068 2389; x_wconf 78' lang='lat' dir='ltr'>temporibtis</span> <span class='ocrx_word' id='word_1_239' title='bbox 1089 2351 1186 2390; x_wconf 77' lang='lat' dir='ltr'>vlgutt</span> 
     </span>
     <span class='ocr_line' id='line_1_38' title="bbox 305 2397 1185 2441; baseline -0.006 -8"><span class='ocrx_word' id='word_1_240' title='bbox 305 2403 469 2433; x_wconf 73' lang='lat' dir='ltr'>simoniaca</span> <span class='ocrx_word' id='word_1_241' title='bbox 480 2398 596 2441; x_wconf 84' lang='lat' dir='ltr'>baerefis</span> <span class='ocrx_word' id='word_1_242' title='bbox 613 2404 646 2431; x_wconf 74' lang='lat' dir='ltr'>in</span> <span class='ocrx_word' id='word_1_243' title='bbox 657 2399 775 2431; x_wconf 61' lang='lat' dir='ltr'>tantam</span> <span class='ocrx_word' id='word_1_244' title='bbox 786 2422 797 2437; x_wconf 90' lang='lat'>,</span> <span class='ocrx_word' id='word_1_245' title='bbox 820 2407 853 2430; x_wconf 87' lang='lat' dir='ltr'>ut</span> <span class='ocrx_word' id='word_1_246' title='bbox 859 2397 977 2439; x_wconf 68' lang='lat' dir='ltr'>publice*</span> <span class='ocrx_word' id='word_1_247' title='bbox 987 2397 1185 2430; x_wconf 79' lang='lat' dir='ltr'>venderentur</span> 
     </span>
     <span class='ocr_line' id='line_1_39' title="bbox 306 2445 1186 2492; baseline -0.006 -9"><span class='ocrx_word' id='word_1_248' title='bbox 306 2448 505 2492; x_wconf 71' lang='lat' dir='ltr'>Episcopatus</span> <span class='ocrx_word' id='word_1_249' title='bbox 521 2474 531 2490; x_wconf 92' lang='lat'><em>‚</em></span> <span class='ocrx_word' id='word_1_250' title='bbox 557 2450 627 2482; x_wconf 69' lang='lat' dir='ltr'>&amp;is</span> <span class='ocrx_word' id='word_1_251' title='bbox 645 2455 696 2490; x_wconf 74' lang='lat' dir='ltr'>qui·</span> <span class='ocrx_word' id='word_1_252' title='bbox 710 2448 801 2489; x_wconf 82' lang='lat' dir='ltr'>plura</span> <span class='ocrx_word' id='word_1_253' title='bbox 822 2448 918 2480; x_wconf 80' lang='lat' dir='ltr'>dabat</span> <span class='ocrx_word' id='word_1_254' title='bbox 934 2471 945 2487; x_wconf 95' lang='lat'><strong>,</strong></span> <span class='ocrx_word' id='word_1_255' title='bbox 972 2445 1186 2490; x_wconf 66' lang='lat' dir='ltr'>Epist-opattam</span> 
     </span>
     <span class='ocr_line' id='line_1_40' title="bbox 307 2495 1185 2540; baseline -0.005 -7"><span class='ocrx_word' id='word_1_256' title='bbox 307 2506 452 2540; x_wconf 73' lang='lat' dir='ltr'>acciperet</span> <span class='ocrx_word' id='word_1_257' title='bbox 466 2523 472 2530; x_wconf 93' lang='lat'>.</span> <span class='ocrx_word' id='word_1_258' title='bbox 502 2499 545 2532; x_wconf 84' lang='lat' dir='ltr'>Et</span> <span class='ocrx_word' id='word_1_259' title='bbox 570 2497 610 2532; x_wconf 90' lang='lat' dir='ltr'>de</span> <span class='ocrx_word' id='word_1_260' title='bbox 621 2498 784 2532; x_wconf 84' lang='lat' dir='ltr'>Ratberto</span> <span class='ocrx_word' id='word_1_261' title='bbox 805 2497 992 2540; x_wconf 82' lang='lat' dir='ltr'>Corbejenfi</span> <span class='ocrx_word' id='word_1_262' title='bbox 1006 2495 1136 2531; x_wconf 86' lang='lat' dir='ltr'>Abbate</span> <span class='ocrx_word' id='word_1_263' title='bbox 1147 2507 1185 2530; x_wconf 87' lang='lat' dir='ltr'>ac</span> 
     </span>
     <span class='ocr_line' id='line_1_41' title="bbox 308 2545 1185 2592; baseline -0.005 -9"><span class='ocrx_word' id='word_1_264' title='bbox 308 2549 376 2592; x_wconf 80' lang='lat' dir='ltr'>ejus</span> <span class='ocrx_word' id='word_1_265' title='bbox 396 2547 575 2583; x_wconf 86' lang='lat' dir='ltr'>Monachis</span> <span class='ocrx_word' id='word_1_266' title='bbox 585 2571 595 2586; x_wconf 93' lang='lat'>‚</span> <span class='ocrx_word' id='word_1_267' title='bbox 615 2545 700 2589; x_wconf 87' lang='lat' dir='ltr'>apud</span> <span class='ocrx_word' id='word_1_268' title='bbox 713 2557 795 2589; x_wconf 90' lang='lat' dir='ltr'>quos</span> <span class='ocrx_word' id='word_1_269' title='bbox 810 2546 982 2579; x_wconf 85' lang='lat' dir='ltr'>Canonica</span> <span class='ocrx_word' id='word_1_270' title='bbox 994 2547 1111 2580; x_wconf 66' lang='lat' dir='ltr'>electio</span> <span class='ocrx_word' id='word_1_271' title='bbox 1121 2545 1185 2580; x_wconf 87' lang='lat' dir='ltr'>huc</span> 
     </span>
     <span class='ocr_line' id='line_1_42' title="bbox 308 2595 1186 2642; baseline -0.005 -9"><span class='ocrx_word' id='word_1_272' title='bbox 308 2601 411 2642; x_wconf 88' lang='lat' dir='ltr'>usque</span> <span class='ocrx_word' id='word_1_273' title='bbox 423 2600 581 2632; x_wconf 75' lang='lat' dir='ltr'>manserat</span> <span class='ocrx_word' id='word_1_274' title='bbox 594 2597 684 2630; x_wconf 81' lang='lat' dir='ltr'>illaesa</span> <span class='ocrx_word' id='word_1_275' title='bbox 698 2620 709 2636; x_wconf 88' lang='lat'>‚</span> <span class='ocrx_word' id='word_1_276' title='bbox 734 2595 845 2630; x_wconf 87' lang='lat' dir='ltr'>scribit</span> <span class='ocrx_word' id='word_1_277' title='bbox 863 2595 921 2629; x_wconf 90' lang='lat' dir='ltr'>sub</span> <span class='ocrx_word' id='word_1_278' title='bbox 933 2595 1057 2629; x_wconf 89' lang='lat' dir='ltr'>Carolo</span> <span class='ocrx_word' id='word_1_279' title='bbox 1079 2595 1186 2629; x_wconf 85' lang='lat' dir='ltr'>Calvo</span> 
     </span>
     <span class='ocr_line' id='line_1_43' title="bbox 308 2643 1186 2689; baseline -0.008 -6"><span class='ocrx_word' id='word_1_280' title='bbox 308 2647 422 2683; x_wconf 85' lang='lat' dir='ltr'>habita</span> <span class='ocrx_word' id='word_1_281' title='bbox 435 2647 615 2682; x_wconf 75' lang='lat' dir='ltr'>parisiensis</span> <span class='ocrx_word' id='word_1_282' title='bbox 626 2645 798 2688; x_wconf 85' lang='lat' dir='ltr'>Synodus:</span> <span class='ocrx_word' id='word_1_283' title='bbox 824 2648 910 2689; x_wconf 64' lang='lat' dir='ltr'>‚Quia</span> <span class='ocrx_word' id='word_1_284' title='bbox 934 2643 1037 2685; x_wconf 74' lang='lat' dir='ltr'>nostris</span> <span class='ocrx_word' id='word_1_285' title='bbox 1049 2651 1186 2687; x_wconf 74' lang='lat' dir='ltr'>tempor}-</span> 
     </span>
     <span class='ocr_line' id='line_1_44' title="bbox 309 2693 1192 2739; baseline -0.008 -7"><span class='ocrx_word' id='word_1_286' title='bbox 309 2700 365 2732; x_wconf 71' lang='lat' dir='ltr'>bus</span> <span class='ocrx_word' id='word_1_287' title='bbox 378 2698 552 2739; x_wconf 70' lang='lat' dir='ltr'>omniafere</span> <span class='ocrx_word' id='word_1_288' title='bbox 574 2698 746 2739; x_wconf 80' lang='lat' dir='ltr'>depravata</span> <span class='ocrx_word' id='word_1_289' title='bbox 758 2705 846 2729; x_wconf 83' lang='lat' dir='ltr'>erant</span> <span class='ocrx_word' id='word_1_290' title='bbox 858 2719 869 2735; x_wconf 86' lang='lat'>,</span> <span class='ocrx_word' id='word_1_291' title='bbox 893 2704 1045 2729; x_wconf 82' lang='lat' dir='ltr'>cernentes</span> <span class='ocrx_word' id='word_1_292' title='bbox 1056 2693 1192 2739; x_wconf 73' lang='lat' dir='ltr'>Reltgiofi</span> 
     </span>
     <span class='ocr_line' id='line_1_45' title="bbox 311 2742 1188 2789; baseline -0.005 -7"><span class='ocrx_word' id='word_1_293' title='bbox 311 2755 382 2783; x_wconf 73' lang='lat' dir='ltr'>virs</span> <span class='ocrx_word' id='word_1_294' title='bbox 396 2749 541 2782; x_wconf 61' lang='lat' dir='ltr'>etechonis</span> <span class='ocrx_word' id='word_1_295' title='bbox 557 2749 634 2788; x_wconf 82' lang='lat' dir='ltr'>jura</span> <span class='ocrx_word' id='word_1_296' title='bbox 655 2746 758 2779; x_wconf 80' lang='lat' dir='ltr'>mulu&#39;s</span> <span class='ocrx_word' id='word_1_297' title='bbox 769 2751 801 2779; x_wconf 73' lang='lat' dir='ltr'>in</span> <span class='ocrx_word' id='word_1_298' title='bbox 820 2746 890 2779; x_wconf 78' lang='lat' dir='ltr'>Iocis</span> <span class='ocrx_word' id='word_1_299' title='bbox 901 2757 959 2779; x_wconf 87' lang='lat' dir='ltr'>non</span> <span class='ocrx_word' id='word_1_300' title='bbox 967 2742 1109 2789; x_wconf 72' lang='lat' dir='ltr'>servan,</span> <span class='ocrx_word' id='word_1_301' title='bbox 1136 2756 1188 2778; x_wconf 84' lang='lat' dir='ltr'>ve-</span> 
     </span>
     <span class='ocr_line' id='line_1_46' title="bbox 311 2795 1188 2842; baseline -0.006 -9"><span class='ocrx_word' id='word_1_302' title='bbox 311 2807 408 2833; x_wconf 78' lang='lat' dir='ltr'>rentes</span> <span class='ocrx_word' id='word_1_303' title='bbox 423 2798 533 2842; x_wconf 76' lang='lat' dir='ltr'>similia</span> <span class='ocrx_word' id='word_1_304' title='bbox 549 2804 638 2839; x_wconf 73' lang='lat' dir='ltr'>pati,</span> <span class='ocrx_word' id='word_1_305' title='bbox 658 2795 764 2840; x_wconf 83' lang='lat' dir='ltr'>sacras</span> <span class='ocrx_word' id='word_1_306' title='bbox 782 2796 901 2829; x_wconf 83' lang='lat' dir='ltr'>litteras</span> <span class='ocrx_word' id='word_1_307' title='bbox 912 2796 1188 2836; x_wconf 48' lang='lat' dir='ltr'>clementi-{fimorum</span> 
     </span>
     <span class='ocr_line' id='line_1_47' title="bbox 315 2844 1187 2891; baseline -0.008 -8"><span class='ocrx_word' id='word_1_308' title='bbox 315 2853 487 2891; x_wconf 80' lang='lat' dir='ltr'>Principum</span> <span class='ocrx_word' id='word_1_309' title='bbox 507 2853 709 2890; x_wconf 83' lang='lat' dir='ltr'>expetierunt,</span> <span class='ocrx_word' id='word_1_310' title='bbox 737 2846 900 2880; x_wconf 56' lang='lat' dir='ltr'>elefflionem</span> <span class='ocrx_word' id='word_1_311' title='bbox 913 2845 968 2888; x_wconf 75' lang='lat' dir='ltr'>fibi</span> <span class='ocrx_word' id='word_1_312' title='bbox 981 2847 1080 2886; x_wconf 78' lang='lat' dir='ltr'>juxta</span> <span class='ocrx_word' id='word_1_313' title='bbox 1090 2844 1187 2885; x_wconf 54' lang='lat' dir='ltr'>consti*</span> 
     </span>
     <span class='ocr_line' id='line_1_48' title="bbox 313 2893 1189 2940; baseline -0.007 -8"><span class='ocrx_word' id='word_1_314' title='bbox 313 2905 453 2933; x_wconf 76' lang='lat' dir='ltr'>tutionem</span> <span class='ocrx_word' id='word_1_315' title='bbox 479 2898 601 2932; x_wconf 57' lang='lat' dir='ltr'>Divinae</span> <span class='ocrx_word' id='word_1_316' title='bbox 612 2899 683 2940; x_wconf 73' lang='lat' dir='ltr'>legis</span> <span class='ocrx_word' id='word_1_317' title='bbox 702 2896 927 2939; x_wconf 67' lang='lat' dir='ltr'>confirmantes.</span> <span class='ocrx_word' id='word_1_318' title='bbox 953 2900 1020 2928; x_wconf 85' lang='lat' dir='ltr'>Nec</span> <span class='ocrx_word' id='word_1_319' title='bbox 1038 2906 1092 2928; x_wconf 77' lang='lat' dir='ltr'>eas</span> <span class='ocrx_word' id='word_1_320' title='bbox 1109 2893 1189 2937; x_wconf 82' lang='lat' dir='ltr'>suffi-</span> 
     </span>
     <span class='ocr_line' id='line_1_49' title="bbox 315 2944 1188 2988; baseline -0.006 -7"><span class='ocrx_word' id='word_1_321' title='bbox 315 2960 375 2981; x_wconf 80' lang='lat' dir='ltr'>cere</span> <span class='ocrx_word' id='word_1_322' title='bbox 385 2949 524 2982; x_wconf 71' lang='lat' dir='ltr'>arbitrati</span> <span class='ocrx_word' id='word_1_323' title='bbox 535 2972 546 2988; x_wconf 84' lang='lat'>‚</span> <span class='ocrx_word' id='word_1_324' title='bbox 571 2961 608 2982; x_wconf 84' lang='lat' dir='ltr'>ex</span> <span class='ocrx_word' id='word_1_325' title='bbox 620 2956 693 2981; x_wconf 88' lang='lat' dir='ltr'>nutu</span> <span class='ocrx_word' id='word_1_326' title='bbox 711 2947 870 2987; x_wconf 74' lang='lat' dir='ltr'>nobihffimt</span> <span class='ocrx_word' id='word_1_327' title='bbox 880 2954 971 2988; x_wconf 79' lang='lat' dir='ltr'>atque</span> <span class='ocrx_word' id='word_1_328' title='bbox 990 2944 1188 2987; x_wconf 72' lang='lat' dir='ltr'>praestaennffi-</span> 
     </span>
     <span class='ocr_line' id='line_1_50' title="bbox 318 2994 1189 3043; baseline -0.002 -15"><span class='ocrx_word' id='word_1_329' title='bbox 318 3005 360 3029; x_wconf 70' lang='lat' dir='ltr'>mi</span> <span class='ocrx_word' id='word_1_330' title='bbox 380 3003 466 3043; x_wconf 80' lang='lat' dir='ltr'>Regis</span> <span class='ocrx_word' id='word_1_331' title='bbox 481 3024 491 3039; x_wconf 91' lang='lat'>‚</span> <span class='ocrx_word' id='word_1_332' title='bbox 519 2998 615 3039; x_wconf 84' lang='lat' dir='ltr'>nostra</span> <span class='ocrx_word' id='word_1_333' title='bbox 626 3009 737 3041; x_wconf 82' lang='lat' dir='ltr'>quoque</span> <span class='ocrx_word' id='word_1_334' title='bbox 756 2994 990 3037; x_wconf 59' lang='lat' dir='ltr'>auderitaeefibt</span> <span class='ocrx_word' id='word_1_335' title='bbox 1009 2996 1189 3036; x_wconf 82' lang='lat' dir='ltr'>eandempo-</span> 
     </span>
     <span class='ocr_line' id='line_1_51' title="bbox 312 3045 1190 3092; baseline 0 -14"><span class='ocrx_word' id='word_1_336' title='bbox 312 3045 461 3087; x_wconf 70' lang='lat' dir='ltr'>stularunt</span> <span class='ocrx_word' id='word_1_337' title='bbox 472 3050 644 3091; x_wconf 74' lang='lat' dir='ltr'>confirmari.</span> <span class='ocrx_word' id='word_1_338' title='bbox 670 3048 765 3092; x_wconf 74' lang='lat' dir='ltr'>‚Quod</span> <span class='ocrx_word' id='word_1_339' title='bbox 772 3057 825 3080; x_wconf 82' lang='lat' dir='ltr'>nos</span> <span class='ocrx_word' id='word_1_340' title='bbox 836 3058 893 3079; x_wconf 88' lang='lat' dir='ltr'>non</span> <span class='ocrx_word' id='word_1_341' title='bbox 913 3048 1059 3079; x_wconf 59' lang='lat' dir='ltr'>immerito</span> <span class='ocrx_word' id='word_1_342' title='bbox 1069 3045 1190 3084; x_wconf 83' lang='lat' dir='ltr'>conceffi-</span> 
     </span>
     <span class='ocr_line' id='line_1_52' title="bbox 321 3095 1191 3140; baseline -0.002 -10"><span class='ocrx_word' id='word_1_343' title='bbox 321 3107 404 3128; x_wconf 77' lang='lat' dir='ltr'>mus.</span> <span class='ocrx_word' id='word_1_344' title='bbox 427 3097 617 3140; x_wconf 86' lang='lat' dir='ltr'>Lotharius,</span> <span class='ocrx_word' id='word_1_345' title='bbox 645 3097 895 3136; x_wconf 87' lang='lat' dir='ltr'>Ludovicus,&amp;</span> <span class='ocrx_word' id='word_1_346' title='bbox 906 3095 1045 3130; x_wconf 80' lang='lat' dir='ltr'>Carolus</span> <span class='ocrx_word' id='word_1_347' title='bbox 1057 3096 1191 3134; x_wconf 83' lang='lat' dir='ltr'>fratres,</span> 
     </span>
     <span class='ocr_line' id='line_1_53' title="bbox 321 3144 1193 3191; baseline -0.001 -12"><span class='ocrx_word' id='word_1_348' title='bbox 321 3145 522 3179; x_wconf 79' lang='lat' dir='ltr'>Francorum</span> <span class='ocrx_word' id='word_1_349' title='bbox 549 3147 654 3191; x_wconf 85' lang='lat' dir='ltr'>Reges</span> <span class='ocrx_word' id='word_1_350' title='bbox 671 3173 681 3190; x_wconf 87' lang='lat'>‚</span> <span class='ocrx_word' id='word_1_351' title='bbox 709 3148 818 3182; x_wconf 83' lang='lat' dir='ltr'>statim</span> <span class='ocrx_word' id='word_1_352' title='bbox 858 3146 876 3180; x_wconf 76' lang='grc' dir='ltr'>ὲ</span> <span class='ocrx_word' id='word_1_353' title='bbox 897 3144 1062 3181; x_wconf 83' lang='lat' dir='ltr'>Ludovici</span> <span class='ocrx_word' id='word_1_354' title='bbox 1089 3144 1193 3179; x_wconf 80' lang='lat' dir='ltr'>Patris</span> 
     </span>
     <span class='ocr_line' id='line_1_54' title="bbox 324 3194 1194 3241; baseline -0.001 -12"><span class='ocrx_word' id='word_1_355' title='bbox 324 3203 430 3229; x_wconf 85' lang='lat' dir='ltr'>morte</span> <span class='ocrx_word' id='word_1_356' title='bbox 446 3194 598 3228; x_wconf 84' lang='lat' dir='ltr'>dixerunt</span> <span class='ocrx_word' id='word_1_357' title='bbox 620 3196 773 3241; x_wconf 88' lang='lat' dir='ltr'>Regnum</span> <span class='ocrx_word' id='word_1_358' title='bbox 793 3196 992 3241; x_wconf 63' lang='lat' dir='ltr'>inaequaliter</span> <span class='ocrx_word' id='word_1_359' title='bbox 1005 3195 1048 3229; x_wconf 84' lang='lat' dir='ltr'>ab</span> <span class='ocrx_word' id='word_1_360' title='bbox 1067 3196 1137 3239; x_wconf 84' lang='lat' dir='ltr'>ipso</span> <span class='ocrx_word' id='word_1_361' title='bbox 1148 3194 1194 3228; x_wconf 88' lang='lat' dir='ltr'>di-</span> 
     </span>
     <span class='ocr_line' id='line_1_55' title="bbox 321 3243 1190 3285; baseline 0.001 -8"><span class='ocrx_word' id='word_1_362' title='bbox 321 3245 431 3279; x_wconf 76' lang='lat' dir='ltr'>visum</span> <span class='ocrx_word' id='word_1_363' title='bbox 444 3266 453 3282; x_wconf 94' lang='lat'>,</span> <span class='ocrx_word' id='word_1_364' title='bbox 480 3253 636 3285; x_wconf 86' lang='lat' dir='ltr'>tanquam</span> <span class='ocrx_word' id='word_1_365' title='bbox 659 3247 761 3280; x_wconf 78' lang='lat' dir='ltr'>rabidi</span> <span class='ocrx_word' id='word_1_366' title='bbox 781 3257 875 3281; x_wconf 84' lang='lat' dir='ltr'>canes</span> <span class='ocrx_word' id='word_1_367' title='bbox 902 3247 1137 3280; x_wconf 82' lang='lat' dir='ltr'>insurrexerunt</span> <span class='ocrx_word' id='word_1_368' title='bbox 1157 3243 1190 3277; x_wconf 91' lang='lat' dir='ltr'>in</span> 
     </span>
     <span class='ocr_line' id='line_1_56' title="bbox 323 3293 1193 3340; baseline 0 -13"><span class='ocrx_word' id='word_1_369' title='bbox 323 3293 467 3329; x_wconf 79' lang='lat' dir='ltr'>invicem</span> <span class='ocrx_word' id='word_1_370' title='bbox 487 3317 497 3333; x_wconf 91' lang='lat'>,</span> <span class='ocrx_word' id='word_1_371' title='bbox 522 3293 723 3327; x_wconf 85' lang='lat' dir='ltr'>devastarunt</span> <span class='ocrx_word' id='word_1_372' title='bbox 749 3296 781 3327; x_wconf 64' lang='grc' dir='ltr'>ὃς</span> <span class='ocrx_word' id='word_1_373' title='bbox 805 3296 1056 3340; x_wconf 82' lang='lat' dir='ltr'>Rempublicam</span> <span class='ocrx_word' id='word_1_374' title='bbox 1077 3296 1111 3329; x_wconf 88' lang='lat'>&amp;</span> <span class='ocrx_word' id='word_1_375' title='bbox 1134 3293 1193 3328; x_wconf 88' lang='lat' dir='ltr'>Ec-</span> 
     </span>
     <span class='ocr_line' id='line_1_57' title="bbox 323 3342 1195 3388; baseline 0 -10"><span class='ocrx_word' id='word_1_376' title='bbox 323 3344 475 3383; x_wconf 69' lang='lat' dir='ltr'>eiefiam,</span> <span class='ocrx_word' id='word_1_377' title='bbox 500 3353 594 3384; x_wconf 82' lang='lat' dir='ltr'>atque</span> <span class='ocrx_word' id='word_1_378' title='bbox 606 3342 650 3375; x_wconf 86' lang='lat' dir='ltr'>ita</span> <span class='ocrx_word' id='word_1_379' title='bbox 671 3344 769 3377; x_wconf 88' lang='lat' dir='ltr'>etiam</span> <span class='ocrx_word' id='word_1_380' title='bbox 781 3345 966 3380; x_wconf 84' lang='lat' dir='ltr'>Canonicas</span> <span class='ocrx_word' id='word_1_381' title='bbox 978 3345 1107 3380; x_wconf 87' lang='lat' dir='ltr'>alterius</span> <span class='ocrx_word' id='word_1_382' title='bbox 1123 3355 1195 3388; x_wconf 89' lang='lat' dir='ltr'>prae-</span> 
     </span>
     <span class='ocr_line' id='line_1_58' title="bbox 324 3392 1191 3435; baseline 0.002 -9"><span class='ocrx_word' id='word_1_383' title='bbox 324 3394 436 3429; x_wconf 66' lang='lat' dir='ltr'>fenim</span> <span class='ocrx_word' id='word_1_384' title='bbox 446 3392 554 3435; x_wconf 87' lang='lat' dir='ltr'>Regni</span> <span class='ocrx_word' id='word_1_385' title='bbox 575 3392 747 3425; x_wconf 66' lang='lat' dir='ltr'>electiones</span> <span class='ocrx_word' id='word_1_386' title='bbox 759 3394 941 3428; x_wconf 82' lang='lat' dir='ltr'>invaserunt</span> <span class='ocrx_word' id='word_1_387' title='bbox 957 3420 963 3427; x_wconf 89' lang='lat'><em>.</em></span> <span class='ocrx_word' id='word_1_388' title='bbox 994 3396 1122 3430; x_wconf 87' lang='lat' dir='ltr'>Alienis</span> <span class='ocrx_word' id='word_1_389' title='bbox 1135 3394 1191 3428; x_wconf 88' lang='lat' dir='ltr'>Ec-</span> 
     </span>
     <span class='ocr_line' id='line_1_59' title="bbox 324 3440 1196 3486; baseline -0.001 -7"><span class='ocrx_word' id='word_1_390' title='bbox 324 3443 430 3479; x_wconf 80' lang='lat' dir='ltr'>clesiis</span> <span class='ocrx_word' id='word_1_391' title='bbox 448 3443 482 3478; x_wconf 74' lang='lat' dir='ltr'>c&amp;</span> <span class='ocrx_word' id='word_1_392' title='bbox 495 3440 705 3478; x_wconf 74' lang='lat' dir='ltr'>Monasteriis</span> <span class='ocrx_word' id='word_1_393' title='bbox 725 3442 946 3486; x_wconf 82' lang='lat' dir='ltr'>imposuerunt</span> <span class='ocrx_word' id='word_1_394' title='bbox 968 3444 1030 3480; x_wconf 80' lang='lat' dir='ltr'>suae</span> <span class='ocrx_word' id='word_1_395' title='bbox 1047 3443 1196 3481; x_wconf 63' lang='lat' dir='ltr'>samonis</span> 
     </span>
    </p>
   </div>
   <div class='ocr_carea' id='block_1_7' title="bbox 299 147 1776 287">
    <p class='ocr_par' dir='ltr' id='par_1_8' title="bbox 299 147 1776 287">
     <span class='ocr_line' id='line_1_60' title="bbox 660 147 1776 220; baseline 0.001 -14"><span class='ocrx_word' id='word_1_396' title='bbox 660 152 739 206; x_wconf 76' lang='grc' dir='ltr'>Τε</span> <span class='ocrx_word' id='word_1_397' title='bbox 754 174 848 206; x_wconf 71' lang='lat' dir='ltr'>Ru</span> <span class='ocrx_word' id='word_1_398' title='bbox 862 176 889 204; x_wconf 75' lang='lat' dir='ltr'>A</span> <span class='ocrx_word' id='word_1_399' title='bbox 919 159 1044 204; x_wconf 72' lang='lat' dir='ltr'>¹Puo</span> <span class='ocrx_word' id='word_1_400' title='bbox 1058 169 1316 202; x_wconf 67' lang='lat' dir='ltr'>otumu‘s</span> <span class='ocrx_word' id='word_1_401' title='bbox 1352 147 1522 202; x_wconf 74' lang='lat' dir='ltr'>Dts&#39;sr.</span> <span class='ocrx_word' id='word_1_402' title='bbox 1536 171 1566 204; x_wconf 67' lang='lat' dir='ltr'>‘a</span> <span class='ocrx_word' id='word_1_403' title='bbox 1580 167 1644 205; x_wconf 74' lang='grc' dir='ltr'>τΑ</span> <span class='ocrx_word' id='word_1_404' title='bbox 1659 156 1776 220; x_wconf 76' lang='grc' dir='ltr'>τ’ῐο,</span> 
     </span>
     <span class='ocr_line' id='line_1_61' title="bbox 299 237 1646 287; baseline -0.01 0"><span class='ocrx_word' id='word_1_405' title='bbox 299 250 495 287; x_wconf 55' lang='lat' dir='ltr'>violemiam</span> <span class='ocrx_word' id='word_1_406' title='bbox 518 243 730 279; x_wconf 84' lang='lat' dir='ltr'>Monasteriis</span> <span class='ocrx_word' id='word_1_407' title='bbox 749 243 948 280; x_wconf 83' lang='lat' dir='ltr'>intulerunt·</span> <span class='ocrx_word' id='word_1_408' title='bbox 978 239 1027 272; x_wconf 84' lang='lat' dir='ltr'>Ita</span> <span class='ocrx_word' id='word_1_409' title='bbox 1046 248 1128 283; x_wconf 80' lang='lat' dir='ltr'>ergo</span> <span class='ocrx_word' id='word_1_410' title='bbox 1147 239 1180 273; x_wconf 87' lang='lat'>&amp;</span> <span class='ocrx_word' id='word_1_411' title='bbox 1245 237 1437 278; x_wconf 72' lang='lat' dir='ltr'>Ammites,</span> <span class='ocrx_word' id='word_1_412' title='bbox 1455 246 1510 282; x_wconf 82' lang='lat' dir='ltr'>per</span> <span class='ocrx_word' id='word_1_413' title='bbox 1520 242 1646 283; x_wconf 85' lang='lat' dir='ltr'>quos&amp;</span> 
     </span>
    </p>
   </div>
   <div class='ocr_carea' id='block_1_8' title="bbox 1237 239 2296 1258">
    <p class='ocr_par' dir='ltr' id='par_1_9' title="bbox 1655 239 2116 287">
     <span class='ocr_line' id='line_1_62' title="bbox 1655 239 2116 287; baseline 0.007 -10"><span class='ocrx_word' id='word_1_414' title='bbox 1655 244 1815 287; x_wconf 81' lang='lat' dir='ltr'>populum</span> <span class='ocrx_word' id='word_1_415' title='bbox 1826 243 1887 280; x_wconf 83' lang='lat' dir='ltr'>fibi</span> <span class='ocrx_word' id='word_1_416' title='bbox 1899 239 2116 283; x_wconf 55' lang='lat' dir='ltr'>devinciren‘tg</span> 
     </span>
    </p>

    <p class='ocr_par' dir='ltr' id='par_1_10' title="bbox 1244 288 2119 336">
     <span class='ocr_line' id='line_1_63' title="bbox 1244 288 2119 336; baseline 0.01 -12"><span class='ocrx_word' id='word_1_417' title='bbox 1244 289 1298 324; x_wconf 87' lang='lat' dir='ltr'>De</span> <span class='ocrx_word' id='word_1_418' title='bbox 1307 290 1424 324; x_wconf 87' lang='lat' dir='ltr'>eodem</span> <span class='ocrx_word' id='word_1_419' title='bbox 1438 288 1598 324; x_wconf 83' lang='lat' dir='ltr'>Lothario</span> <span class='ocrx_word' id='word_1_420' title='bbox 1616 289 1766 336; x_wconf 79' lang='lat' dir='ltr'>Augusto</span> <span class='ocrx_word' id='word_1_421' title='bbox 1786 295 1897 329; x_wconf 89' lang='lat' dir='ltr'>scribit</span> <span class='ocrx_word' id='word_1_422' title='bbox 1919 296 1954 330; x_wconf 85' lang='lat' dir='ltr'>in</span> <span class='ocrx_word' id='word_1_423' title='bbox 1963 297 2119 333; x_wconf 77' lang='lat' dir='ltr'>Camera-</span> 
     </span>
    </p>

    <p class='ocr_par' dir='ltr' id='par_1_11' title="bbox 1241 337 2268 533">
     <span class='ocr_line' id='line_1_64' title="bbox 1242 337 2119 382; baseline 0.009 -9"><span class='ocrx_word' id='word_1_424' title='bbox 1242 340 1345 374; x_wconf 77' lang='lat' dir='ltr'>censis</span> <span class='ocrx_word' id='word_1_425' title='bbox 1367 339 1511 373; x_wconf 81' lang='lat' dir='ltr'>Ecclesia:</span> <span class='ocrx_word' id='word_1_426' title='bbox 1523 337 1693 373; x_wconf 71' lang='lat' dir='ltr'>Chronico</span> <span class='ocrx_word' id='word_1_427' title='bbox 1713 341 1881 379; x_wconf 83' lang='lat' dir='ltr'>Baldricus</span> <span class='ocrx_word' id='word_1_428' title='bbox 1897 345 2119 382; x_wconf 84' lang='lat' dir='ltr'>Tornacensis</span> 
     </span>
     <span class='ocr_line' id='line_1_65' title="bbox 1243 388 2268 440; baseline 0.011 -17"><span class='ocrx_word' id='word_1_429' title='bbox 1243 389 1442 433; x_wconf 86' lang='lat' dir='ltr'>Episcopus:</span> <span class='ocrx_word' id='word_1_430' title='bbox 1471 388 1536 429; x_wconf 83' lang='lat' dir='ltr'>Post</span> <span class='ocrx_word' id='word_1_431' title='bbox 1557 389 1723 423; x_wconf 64' lang='lat' dir='ltr'>Theoderici</span> <span class='ocrx_word' id='word_1_432' title='bbox 1742 391 1880 436; x_wconf 69' lang='lat' dir='ltr'>Episcopi</span> <span class='ocrx_word' id='word_1_433' title='bbox 1903 395 2042 440; x_wconf 81' lang='lat' dir='ltr'>exceffum</span> <span class='ocrx_word' id='word_1_434' title='bbox 2060 400 2119 431; x_wconf 82' lang='lat' dir='ltr'>Ee-</span> <span class='ocrx_word' id='word_1_435' title='bbox 2136 401 2268 434; x_wconf 81' lang='lat' dir='ltr'>Lib.r.c·</span> 
     </span>
     <span class='ocr_line' id='line_1_66' title="bbox 1241 438 2248 488; baseline 0.005 -16"><span class='ocrx_word' id='word_1_436' title='bbox 1241 438 1324 480; x_wconf 81' lang='lat' dir='ltr'>clefia</span> <span class='ocrx_word' id='word_1_437' title='bbox 1333 439 1581 481; x_wconf 76' lang='lat' dir='ltr'>cameracensium</span> <span class='ocrx_word' id='word_1_438' title='bbox 1588 449 1643 482; x_wconf 83' lang='lat' dir='ltr'>per</span> <span class='ocrx_word' id='word_1_439' title='bbox 1654 451 1715 474; x_wconf 79' lang='lat' dir='ltr'>tres</span> <span class='ocrx_word' id='word_1_440' title='bbox 1725 445 1838 474; x_wconf 72' lang='lat' dir='ltr'>circiter</span> <span class='ocrx_word' id='word_1_441' title='bbox 1860 454 1952 479; x_wconf 79' lang='lat' dir='ltr'>annos</span> <span class='ocrx_word' id='word_1_442' title='bbox 1963 451 2092 480; x_wconf 75' lang='lat' dir='ltr'>vacavit</span> <span class='ocrx_word' id='word_1_443' title='bbox 2105 450 2126 488; x_wconf 77' lang='grc'>,’</span> <span class='ocrx_word' id='word_1_444' title='bbox 2136 445 2185 477; x_wconf 76' lang='grc'>48·</span> <span class='ocrx_word' id='word_1_445' title='bbox 2201 452 2248 480; x_wconf 83' lang='lat'>49·</span> 
     </span>
     <span class='ocr_line' id='line_1_67' title="bbox 1241 488 2117 533; baseline 0 -11"><span class='ocrx_word' id='word_1_446' title='bbox 1241 489 1296 522; x_wconf 84' lang='lat' dir='ltr'>hac</span> <span class='ocrx_word' id='word_1_447' title='bbox 1301 488 1414 533; x_wconf 74' lang='lat' dir='ltr'>scilicet</span> <span class='ocrx_word' id='word_1_448' title='bbox 1436 497 1615 523; x_wconf 65' lang='lat' dir='ltr'>contentione</span> <span class='ocrx_word' id='word_1_449' title='bbox 1624 489 1730 523; x_wconf 80' lang='lat' dir='ltr'>habita</span> <span class='ocrx_word' id='word_1_450' title='bbox 1752 496 1831 525; x_wconf 82' lang='lat' dir='ltr'>inter</span> <span class='ocrx_word' id='word_1_451' title='bbox 1852 496 2043 530; x_wconf 68' lang='lat' dir='ltr'>Hlncmoerum</span> <span class='ocrx_word' id='word_1_452' title='bbox 2058 500 2117 531; x_wconf 85' lang='lat' dir='ltr'>Re-</span> 
     </span>
    </p>

    <p class='ocr_par' dir='ltr' id='par_1_12' title="bbox 1237 538 2296 1258">
     <span class='ocr_line' id='line_1_68' title="bbox 1240 538 2296 597; baseline 0.017 -26"><span class='ocrx_word' id='word_1_453' title='bbox 1240 538 1367 582; x_wconf 85' lang='lat' dir='ltr'>mensem</span> <span class='ocrx_word' id='word_1_454' title='bbox 1389 538 1638 582; x_wconf 72' lang='lat' dir='ltr'>Archiepifiropum</span> <span class='ocrx_word' id='word_1_455' title='bbox 1651 565 1661 581; x_wconf 86' lang='lat'><strong>,</strong></span> <span class='ocrx_word' id='word_1_456' title='bbox 1688 543 1951 583; x_wconf 70' lang='lat' dir='ltr'>&amp;Imperarorem</span> <span class='ocrx_word' id='word_1_457' title='bbox 1972 539 2039 587; x_wconf 75' lang='lat' dir='ltr'>(a)</span> <span class='ocrx_word' id='word_1_458' title='bbox 2060 550 2116 581; x_wconf 85' lang='lat' dir='ltr'>Lo-</span> <span class='ocrx_word' id='word_1_459' title='bbox 2154 557 2203 597; x_wconf 80' lang='lat'>(2)</span> <span class='ocrx_word' id='word_1_460' title='bbox 2226 560 2296 593; x_wconf 75' lang='lat' dir='ltr'>Erat</span> 
     </span>
     <span class='ocr_line' id='line_1_69' title="bbox 1240 587 2284 631; baseline 0.008 -10"><span class='ocrx_word' id='word_1_461' title='bbox 1240 588 1391 622; x_wconf 79' lang='lat' dir='ltr'>tharium.</span> <span class='ocrx_word' id='word_1_462' title='bbox 1422 587 1599 624; x_wconf 84' lang='lat' dir='ltr'>Lotharius</span> <span class='ocrx_word' id='word_1_463' title='bbox 1621 592 1791 626; x_wconf 87' lang='lat' dir='ltr'>nominare</span> <span class='ocrx_word' id='word_1_464' title='bbox 1804 592 1910 626; x_wconf 85' lang='lat' dir='ltr'>voluit</span> <span class='ocrx_word' id='word_1_465' title='bbox 1926 593 1961 627; x_wconf 82' lang='lat'>&amp;</span> <span class='ocrx_word' id='word_1_466' title='bbox 1976 594 2115 631; x_wconf 82' lang='lat' dir='ltr'>sucoeffi-</span> <span class='ocrx_word' id='word_1_467' title='bbox 2137 598 2284 631; x_wconf 65' lang='lat' dir='ltr'>Lotharius</span> 
     </span>
     <span class='ocr_line' id='line_1_70' title="bbox 1241 637 2267 685; baseline 0.008 -13"><span class='ocrx_word' id='word_1_468' title='bbox 1241 639 1279 673; x_wconf 75' lang='grc' dir='ltr'>νὲ</span> <span class='ocrx_word' id='word_1_469' title='bbox 1290 650 1372 680; x_wconf 80' lang='lat' dir='ltr'>tres,</span> <span class='ocrx_word' id='word_1_470' title='bbox 1397 637 1641 680; x_wconf 88' lang='lat' dir='ltr'>Guntbertum,</span> <span class='ocrx_word' id='word_1_471' title='bbox 1667 640 1900 681; x_wconf 80' lang='lat' dir='ltr'>Terboldum,</span> <span class='ocrx_word' id='word_1_472' title='bbox 1924 642 1959 676; x_wconf 87' lang='lat'>&amp;</span> <span class='ocrx_word' id='word_1_473' title='bbox 1981 643 2117 680; x_wconf 62' lang='lat' dir='ltr'>Hildnh-</span> <span class='ocrx_word' id='word_1_474' title='bbox 2138 639 2197 667; x_wconf 64' lang='lat' dir='ltr'>Rex</span> <span class='ocrx_word' id='word_1_475' title='bbox 2208 647 2267 685; x_wconf 58' lang='lat'>²¹¹2</span> 
     </span>
     <span class='ocr_line' id='line_1_71' title="bbox 1243 677 2294 748; baseline 0.006 -25"><span class='ocrx_word' id='word_1_476' title='bbox 1243 700 1321 723; x_wconf 88' lang='lat' dir='ltr'>num</span> <span class='ocrx_word' id='word_1_477' title='bbox 1333 689 1517 733; x_wconf 83' lang='lat' dir='ltr'>nominavit</span> <span class='ocrx_word' id='word_1_478' title='bbox 1526 713 1538 730; x_wconf 91' lang='lat'>‚</span> <span class='ocrx_word' id='word_1_479' title='bbox 1563 690 1689 733; x_wconf 87' lang='lat' dir='ltr'>sperans</span> <span class='ocrx_word' id='word_1_480' title='bbox 1701 691 1801 725; x_wconf 87' lang='lat' dir='ltr'>velex</span> <span class='ocrx_word' id='word_1_481' title='bbox 1812 691 1884 735; x_wconf 86' lang='lat' dir='ltr'>ipsis</span> <span class='ocrx_word' id='word_1_482' title='bbox 1895 704 1996 727; x_wconf 88' lang='lat' dir='ltr'>unum</span> <span class='ocrx_word' id='word_1_483' title='bbox 2015 688 2127 738; x_wconf 71' lang='lat' dir='ltr'>placi-&#39;¹</span> <span class='ocrx_word' id='word_1_484' title='bbox 2135 677 2294 748; x_wconf 45' lang='lat' dir='ltr'>fffi&#39;s‘e’giffl</span> 
     </span>
     <span class='ocr_line' id='line_1_72' title="bbox 1240 737 2278 789; baseline 0.007 -15"><span class='ocrx_word' id='word_1_485' title='bbox 1240 750 1347 774; x_wconf 87' lang='lat' dir='ltr'>turum</span> <span class='ocrx_word' id='word_1_486' title='bbox 1361 738 1622 783; x_wconf 84' lang='lat' dir='ltr'>Archiepiseopo</span> <span class='ocrx_word' id='word_1_487' title='bbox 1632 764 1644 780; x_wconf 92' lang='lat'>‚</span> <span class='ocrx_word' id='word_1_488' title='bbox 1668 741 1724 785; x_wconf 85' lang='lat' dir='ltr'>qui</span> <span class='ocrx_word' id='word_1_489' title='bbox 1738 752 1794 784; x_wconf 89' lang='lat' dir='ltr'>pro</span> <span class='ocrx_word' id='word_1_490' title='bbox 1804 742 1977 777; x_wconf 88' lang='lat' dir='ltr'>Canonica</span> <span class='ocrx_word' id='word_1_491' title='bbox 1987 744 2126 779; x_wconf 66' lang='lat' dir='ltr'>ele-stio-v</span> <span class='ocrx_word' id='word_1_492' title='bbox 2136 756 2211 787; x_wconf 82' lang='lat' dir='ltr'>colai</span> <span class='ocrx_word' id='word_1_493' title='bbox 2225 737 2278 789; x_wconf 52' lang='lat' dir='ltr'>pi.</span> 
     </span>
     <span class='ocr_line' id='line_1_73' title="bbox 1241 787 2294 836; baseline 0.006 -14"><span class='ocrx_word' id='word_1_494' title='bbox 1241 801 1281 823; x_wconf 89' lang='lat' dir='ltr'>ne</span> <span class='ocrx_word' id='word_1_495' title='bbox 1303 791 1419 824; x_wconf 77' lang='lat' dir='ltr'>mansit</span> <span class='ocrx_word' id='word_1_496' title='bbox 1447 787 1628 824; x_wconf 83' lang='lat' dir='ltr'>immobilis</span> <span class='ocrx_word' id='word_1_497' title='bbox 1650 815 1660 831; x_wconf 90' lang='lat'>‚</span> <span class='ocrx_word' id='word_1_498' title='bbox 1688 789 1884 836; x_wconf 79' lang='lat' dir='ltr'>tandemque</span> <span class='ocrx_word' id='word_1_499' title='bbox 1912 792 2115 836; x_wconf 82' lang='lat' dir='ltr'>Apostolicis</span> <span class='ocrx_word' id='word_1_500' title='bbox 2136 800 2294 835; x_wconf 58' lang='lat' dir='ltr'>pannem.</span> 
     </span>
     <span class='ocr_line' id='line_1_74' title="bbox 1241 839 2115 884; baseline 0.007 -11"><span class='ocrx_word' id='word_1_501' title='bbox 1241 839 1375 874; x_wconf 85' lang='lat' dir='ltr'>Nicolai</span> <span class='ocrx_word' id='word_1_502' title='bbox 1388 840 1483 884; x_wconf 85' lang='lat' dir='ltr'>primi</span> <span class='ocrx_word' id='word_1_503' title='bbox 1498 840 1660 875; x_wconf 85' lang='lat' dir='ltr'>mandatis</span> <span class='ocrx_word' id='word_1_504' title='bbox 1670 841 1798 884; x_wconf 83' lang='lat' dir='ltr'>adjutus</span> <span class='ocrx_word' id='word_1_505' title='bbox 1809 842 1907 876; x_wconf 87' lang='lat' dir='ltr'>evicit</span> <span class='ocrx_word' id='word_1_506' title='bbox 1915 867 1922 874; x_wconf 92' lang='lat'><em>.</em></span> <span class='ocrx_word' id='word_1_507' title='bbox 1938 843 2115 879; x_wconf 86' lang='lat' dir='ltr'>Lotharius</span> 
     </span>
     <span class='ocr_line' id='line_1_75' title="bbox 1237 890 2117 938; baseline 0.007 -15"><span class='ocrx_word' id='word_1_508' title='bbox 1237 890 1328 924; x_wconf 86' lang='lat' dir='ltr'>enim</span> <span class='ocrx_word' id='word_1_509' title='bbox 1341 890 1498 926; x_wconf 87' lang='lat' dir='ltr'>secundus</span> <span class='ocrx_word' id='word_1_510' title='bbox 1510 890 1630 925; x_wconf 79' lang='lat' dir='ltr'>receffit</span> <span class='ocrx_word' id='word_1_511' title='bbox 1642 890 1661 923; x_wconf 73' lang='lat' dir='ltr'>it</span> <span class='ocrx_word' id='word_1_512' title='bbox 1673 892 1777 925; x_wconf 86' lang='lat' dir='ltr'>Patris</span> <span class='ocrx_word' id='word_1_513' title='bbox 1789 893 1998 929; x_wconf 79' lang='lat' dir='ltr'>contumacia</span> <span class='ocrx_word' id='word_1_514' title='bbox 2010 916 2021 933; x_wconf 90' lang='lat'>‚</span> <span class='ocrx_word' id='word_1_515' title='bbox 2047 906 2117 938; x_wconf 88' lang='lat' dir='ltr'>per-</span> 
     </span>
     <span class='ocr_line' id='line_1_76' title="bbox 1240 939 2115 988; baseline 0.007 -15"><span class='ocrx_word' id='word_1_516' title='bbox 1240 939 1323 974; x_wconf 82' lang='lat' dir='ltr'>misit</span> <span class='ocrx_word' id='word_1_517' title='bbox 1347 940 1541 975; x_wconf 70' lang='lat' dir='ltr'>electionem</span> <span class='ocrx_word' id='word_1_518' title='bbox 1562 941 1771 975; x_wconf 87' lang='lat' dir='ltr'>Canonicam</span> <span class='ocrx_word' id='word_1_519' title='bbox 1795 967 1805 982; x_wconf 86' lang='lat'><em>,</em></span> <span class='ocrx_word' id='word_1_520' title='bbox 1838 943 2019 988; x_wconf 66' lang='lat' dir='ltr'>elestusque</span> <span class='ocrx_word' id='word_1_521' title='bbox 2050 943 2115 979; x_wconf 84' lang='lat' dir='ltr'>fuit</span> 
     </span>
     <span class='ocr_line' id='line_1_77' title="bbox 1237 989 2116 1039; baseline 0.007 -17"><span class='ocrx_word' id='word_1_522' title='bbox 1237 989 1368 1024; x_wconf 68' lang='lat' dir='ltr'>Sanstus</span> <span class='ocrx_word' id='word_1_523' title='bbox 1379 990 1519 1033; x_wconf 72' lang='lat' dir='ltr'>joannes</span> <span class='ocrx_word' id='word_1_524' title='bbox 1528 1016 1535 1024; x_wconf 88' lang='lat'><strong>.</strong></span> <span class='ocrx_word' id='word_1_525' title='bbox 1563 990 1748 1039; x_wconf 76' lang='lat' dir='ltr'>Qomodo</span> <span class='ocrx_word' id='word_1_526' title='bbox 1760 992 1847 1027; x_wconf 87' lang='lat' dir='ltr'>idem</span> <span class='ocrx_word' id='word_1_527' title='bbox 1860 993 2040 1037; x_wconf 83' lang='lat' dir='ltr'>Imperator</span> <span class='ocrx_word' id='word_1_528' title='bbox 2049 994 2116 1030; x_wconf 91' lang='lat' dir='ltr'>Lo-</span> 
     </span>
     <span class='ocr_line' id='line_1_78' title="bbox 1237 1038 2128 1088; baseline 0.007 -16"><span class='ocrx_word' id='word_1_529' title='bbox 1237 1038 1361 1074; x_wconf 85' lang='lat' dir='ltr'>tharius</span> <span class='ocrx_word' id='word_1_530' title='bbox 1382 1039 1518 1074; x_wconf 90' lang='lat' dir='ltr'>Colono</span> <span class='ocrx_word' id='word_1_531' title='bbox 1540 1041 1689 1075; x_wconf 83' lang='lat' dir='ltr'>Reatinae</span> <span class='ocrx_word' id='word_1_532' title='bbox 1703 1042 1852 1078; x_wconf 75' lang='lat' dir='ltr'>Ecclefiae</span> <span class='ocrx_word' id='word_1_533' title='bbox 1870 1043 1971 1078; x_wconf 69' lang='lat' dir='ltr'>elesto</span> <span class='ocrx_word' id='word_1_534' title='bbox 1984 1044 2128 1088; x_wconf 62' lang='lat' dir='ltr'>Episcoe</span> 
     </span>
     <span class='ocr_line' id='line_1_79' title="bbox 1240 1087 2117 1139; baseline 0.007 -17"><span class='ocrx_word' id='word_1_535' title='bbox 1240 1087 1596 1139; x_wconf 30' lang='lat' dir='ltr'>patumdaresidest,</span> <span class='ocrx_word' id='word_1_536' title='bbox 1622 1090 2025 1135; x_wconf 72' lang='lat' dir='ltr'>approbareelectionem‚</span> <span class='ocrx_word' id='word_1_537' title='bbox 2052 1095 2117 1128; x_wconf 89' lang='lat' dir='ltr'>uti-</span> 
     </span>
     <span class='ocr_line' id='line_1_80' title="bbox 1241 1138 2116 1184; baseline 0.007 -12"><span class='ocrx_word' id='word_1_538' title='bbox 1241 1150 1304 1183; x_wconf 91' lang='lat' dir='ltr'>que</span> <span class='ocrx_word' id='word_1_539' title='bbox 1325 1138 1497 1172; x_wconf 85' lang='lat' dir='ltr'>nominare</span> <span class='ocrx_word' id='word_1_540' title='bbox 1523 1139 1636 1173; x_wconf 89' lang='lat' dir='ltr'>volens</span> <span class='ocrx_word' id='word_1_541' title='bbox 1655 1164 1666 1180; x_wconf 87' lang='lat'>‚</span> <span class='ocrx_word' id='word_1_542' title='bbox 1692 1139 1817 1174; x_wconf 86' lang='lat' dir='ltr'>dudum</span> <span class='ocrx_word' id='word_1_543' title='bbox 1851 1143 1992 1177; x_wconf 82' lang='lat' dir='ltr'>noluerit</span> <span class='ocrx_word' id='word_1_544' title='bbox 2012 1167 2024 1184; x_wconf 88' lang='lat'>,</span> <span class='ocrx_word' id='word_1_545' title='bbox 2046 1153 2116 1178; x_wconf 83' lang='lat' dir='ltr'>tan-</span> 
     </span>
     <span class='ocr_line' id='line_1_81' title="bbox 1240 1186 2256 1258; baseline 0.003 -35"><span class='ocrx_word' id='word_1_546' title='bbox 1240 1188 1380 1231; x_wconf 82' lang='lat' dir='ltr'>demque</span> <span class='ocrx_word' id='word_1_547' title='bbox 1399 1189 1440 1223; x_wconf 86' lang='lat' dir='ltr'>ad</span> <span class='ocrx_word' id='word_1_548' title='bbox 1461 1186 1661 1223; x_wconf 82' lang='lat' dir='ltr'>humillimas</span> <span class='ocrx_word' id='word_1_549' title='bbox 1684 1189 1805 1223; x_wconf 86' lang='lat' dir='ltr'>Leonis</span> <span class='ocrx_word' id='word_1_550' title='bbox 1818 1192 1924 1234; x_wconf 87' lang='lat' dir='ltr'>quarti</span> <span class='ocrx_word' id='word_1_551' title='bbox 1944 1191 2118 1227; x_wconf 69' lang='lat' dir='ltr'>Pontifleis</span> <span class='ocrx_word' id='word_1_552' title='bbox 2131 1220 2199 1252; x_wconf 56' lang='grc' dir='ltr'>πῆ</span> <span class='ocrx_word' id='word_1_553' title='bbox 2221 1226 2256 1258; x_wconf 85' lang='lat'>63</span> 
     </span>
    </p>
   </div>
   <div class='ocr_carea' id='block_1_9' title="bbox 1242 1230 2266 1299">
    <p class='ocr_par' dir='ltr' id='par_1_13' title="bbox 1242 1230 2266 1299">
     <span class='ocr_line' id='line_1_82' title="bbox 1242 1230 2266 1299; baseline 0.003 -26"><span class='ocrx_word' id='word_1_554' title='bbox 1242 1250 1350 1281; x_wconf 86' lang='lat' dir='ltr'>preces</span> <span class='ocrx_word' id='word_1_555' title='bbox 1369 1238 1511 1273; x_wconf 85' lang='lat' dir='ltr'>inflexus</span> <span class='ocrx_word' id='word_1_556' title='bbox 1530 1238 1647 1281; x_wconf 84' lang='lat' dir='ltr'>fuerit,</span> <span class='ocrx_word' id='word_1_557' title='bbox 1671 1237 1771 1276; x_wconf 84' lang='lat' dir='ltr'>habes</span> <span class='ocrx_word' id='word_1_558' title='bbox 1792 1239 1830 1275; x_wconf 88' lang='lat' dir='ltr'>in</span> <span class='ocrx_word' id='word_1_559' title='bbox 1849 1236 2116 1276; x_wconf 62' lang='lat' dir='ltr'>distinctionibus</span> <span class='ocrx_word' id='word_1_560' title='bbox 2137 1230 2202 1299; x_wconf 50' lang='lat'>“¹9-</span> <span class='ocrx_word' id='word_1_561' title='bbox 2222 1265 2266 1291; x_wconf 49' lang='lat'>,5-</span> 
     </span>
    </p>
   </div>
   <div class='ocr_carea' id='block_1_10' title="bbox 1239 1287 2251 1335">
    <p class='ocr_par' dir='ltr' id='par_1_14' title="bbox 1239 1287 2251 1335">
     <span class='ocr_line' id='line_1_83' title="bbox 1239 1287 2251 1335; baseline 0.007 -13"><span class='ocrx_word' id='word_1_562' title='bbox 1239 1287 1402 1323; x_wconf 83' lang='lat' dir='ltr'>Monachi</span> <span class='ocrx_word' id='word_1_563' title='bbox 1414 1288 1565 1324; x_wconf 86' lang='lat' dir='ltr'>Gratiani</span> <span class='ocrx_word' id='word_1_564' title='bbox 1575 1314 1583 1322; x_wconf 88' lang='lat'><em>.</em></span> <span class='ocrx_word' id='word_1_565' title='bbox 2129 1304 2131 1308; x_wconf 88' lang='grc'><strong>“</strong></span> <span class='ocrx_word' id='word_1_566' title='bbox 2144 1310 2186 1335; x_wconf 85' lang='lat'>17·</span> <span class='ocrx_word' id='word_1_567' title='bbox 2207 1303 2251 1331; x_wconf 85' lang='lat'>18.</span> 
     </span>
    </p>
   </div>
   <div class='ocr_carea' id='block_1_11' title="bbox 1240 1339 2275 2438">
    <p class='ocr_par' dir='ltr' id='par_1_15' title="bbox 1240 1339 2275 2438">
     <span class='ocr_line' id='line_1_84' title="bbox 1292 1339 2119 1378; baseline 0.006 -5"><span class='ocrx_word' id='word_1_568' title='bbox 1292 1339 1402 1374; x_wconf 88' lang='lat' dir='ltr'>Etiam</span> <span class='ocrx_word' id='word_1_569' title='bbox 1423 1339 1614 1374; x_wconf 86' lang='lat' dir='ltr'>Ludovicus</span> <span class='ocrx_word' id='word_1_570' title='bbox 1625 1340 1810 1376; x_wconf 75' lang='lat' dir='ltr'>Germaniae</span> <span class='ocrx_word' id='word_1_571' title='bbox 1822 1342 1895 1377; x_wconf 83' lang='lat' dir='ltr'>Rex</span> <span class='ocrx_word' id='word_1_572' title='bbox 1904 1342 2046 1377; x_wconf 75' lang='lat' dir='ltr'>omnino</span> <span class='ocrx_word' id='word_1_573' title='bbox 2058 1354 2119 1378; x_wconf 85' lang='lat' dir='ltr'>no-</span> 
     </span>
     <span class='ocr_line' id='line_1_85' title="bbox 1242 1389 2116 1436; baseline 0.006 -13"><span class='ocrx_word' id='word_1_574' title='bbox 1242 1389 1380 1424; x_wconf 84' lang='lat' dir='ltr'>minavit</span> <span class='ocrx_word' id='word_1_575' title='bbox 1404 1414 1411 1422; x_wconf 94' lang='lat'><strong>.</strong></span> <span class='ocrx_word' id='word_1_576' title='bbox 1439 1390 1573 1424; x_wconf 88' lang='lat' dir='ltr'>Etenim</span> <span class='ocrx_word' id='word_1_577' title='bbox 1598 1389 1679 1425; x_wconf 85' lang='lat' dir='ltr'>dum</span> <span class='ocrx_word' id='word_1_578' title='bbox 1705 1392 1739 1425; x_wconf 88' lang='lat' dir='ltr'>in</span> <span class='ocrx_word' id='word_1_579' title='bbox 1766 1393 1868 1436; x_wconf 85' lang='lat' dir='ltr'>ipsum</span> <span class='ocrx_word' id='word_1_580' title='bbox 1890 1392 1931 1427; x_wconf 86' lang='lat' dir='ltr'>de</span> <span class='ocrx_word' id='word_1_581' title='bbox 1964 1392 2116 1435; x_wconf 80' lang='lat' dir='ltr'>Letharii</span> 
     </span>
     <span class='ocr_line' id='line_1_86' title="bbox 1241 1439 2121 1486; baseline 0.002 -12"><span class='ocrx_word' id='word_1_582' title='bbox 1241 1440 1381 1484; x_wconf 85' lang='lat' dir='ltr'>Nepotis</span> <span class='ocrx_word' id='word_1_583' title='bbox 1390 1439 1531 1474; x_wconf 68' lang='lat' dir='ltr'>defuncti</span> <span class='ocrx_word' id='word_1_584' title='bbox 1544 1440 1667 1486; x_wconf 87' lang='lat' dir='ltr'>Regno</span> <span class='ocrx_word' id='word_1_585' title='bbox 1691 1441 1924 1484; x_wconf 86' lang='lat' dir='ltr'>contenderet,</span> <span class='ocrx_word' id='word_1_586' title='bbox 1949 1443 2121 1478; x_wconf 76' lang='lat' dir='ltr'>&amp;vacanti</span> 
     </span>
     <span class='ocr_line' id='line_1_87' title="bbox 1242 1489 2122 1527; baseline 0.005 -4"><span class='ocrx_word' id='word_1_587' title='bbox 1242 1489 1391 1525; x_wconf 68' lang='lat' dir='ltr'>Ecclesia</span> <span class='ocrx_word' id='word_1_588' title='bbox 1410 1489 1600 1525; x_wconf 75' lang='lat' dir='ltr'>Coloniensi</span> <span class='ocrx_word' id='word_1_589' title='bbox 1627 1490 1830 1525; x_wconf 88' lang='lat' dir='ltr'>Hilduinum</span> <span class='ocrx_word' id='word_1_590' title='bbox 1843 1490 2122 1527; x_wconf 78' lang='lat' dir='ltr'>Abbaternintru-</span> 
     </span>
     <span class='ocr_line' id='line_1_88' title="bbox 1240 1540 2123 1584; baseline 0.003 -10"><span class='ocrx_word' id='word_1_591' title='bbox 1240 1540 1315 1574; x_wconf 84' lang='lat' dir='ltr'>dere</span> <span class='ocrx_word' id='word_1_592' title='bbox 1337 1540 1534 1583; x_wconf 87' lang='lat' dir='ltr'>Episcopum</span> <span class='ocrx_word' id='word_1_593' title='bbox 1556 1551 1693 1575; x_wconf 82' lang='lat' dir='ltr'>tentaret</span> <span class='ocrx_word' id='word_1_594' title='bbox 1706 1541 1846 1575; x_wconf 86' lang='lat' dir='ltr'>Carolus</span> <span class='ocrx_word' id='word_1_595' title='bbox 1858 1543 2000 1584; x_wconf 85' lang='lat' dir='ltr'>Calvus,</span> <span class='ocrx_word' id='word_1_596' title='bbox 2028 1543 2123 1577; x_wconf 60' lang='lat' dir='ltr'>Luitu</span> 
     </span>
     <span class='ocr_line' id='line_1_89' title="bbox 1242 1590 2120 1638; baseline 0.003 -14"><span class='ocrx_word' id='word_1_597' title='bbox 1242 1600 1369 1634; x_wconf 75' lang='lat' dir='ltr'>portum</span> <span class='ocrx_word' id='word_1_598' title='bbox 1379 1591 1623 1635; x_wconf 86' lang='lat' dir='ltr'>Moguntinum</span> <span class='ocrx_word' id='word_1_599' title='bbox 1636 1590 1834 1636; x_wconf 87' lang='lat' dir='ltr'>Episcopum</span> <span class='ocrx_word' id='word_1_600' title='bbox 1849 1593 1987 1638; x_wconf 86' lang='lat' dir='ltr'>legavit,</span> <span class='ocrx_word' id='word_1_601' title='bbox 2010 1593 2044 1627; x_wconf 70' lang='grc' dir='ltr'>ὃς</span> <span class='ocrx_word' id='word_1_602' title='bbox 2057 1591 2120 1627; x_wconf 77' lang='lat' dir='ltr'>Ca-</span> 
     </span>
     <span class='ocr_line' id='line_1_90' title="bbox 1245 1641 2121 1687; baseline 0.005 -14"><span class='ocrx_word' id='word_1_603' title='bbox 1245 1641 1399 1675; x_wconf 82' lang='lat' dir='ltr'>nonicam</span> <span class='ocrx_word' id='word_1_604' title='bbox 1423 1641 1617 1675; x_wconf 61' lang='lat' dir='ltr'>electionem</span> <span class='ocrx_word' id='word_1_605' title='bbox 1638 1651 1794 1686; x_wconf 87' lang='lat' dir='ltr'>tanquam</span> <span class='ocrx_word' id='word_1_606' title='bbox 1817 1643 1979 1687; x_wconf 84' lang='lat' dir='ltr'>singulare</span> <span class='ocrx_word' id='word_1_607' title='bbox 2002 1641 2121 1677; x_wconf 80' lang='lat' dir='ltr'>benefi-</span> 
     </span>
     <span class='ocr_line' id='line_1_91' title="bbox 1243 1690 2118 1737; baseline 0.001 -13"><span class='ocrx_word' id='word_1_608' title='bbox 1243 1691 1332 1725; x_wconf 89' lang='lat' dir='ltr'>cium</span> <span class='ocrx_word' id='word_1_609' title='bbox 1344 1691 1597 1726; x_wconf 86' lang='lat' dir='ltr'>Coloniensibus</span> <span class='ocrx_word' id='word_1_610' title='bbox 1607 1690 1726 1727; x_wconf 89' lang='lat' dir='ltr'>obtulit</span> <span class='ocrx_word' id='word_1_611' title='bbox 1736 1704 1812 1726; x_wconf 87' lang='lat' dir='ltr'>eum</span> <span class='ocrx_word' id='word_1_612' title='bbox 1835 1692 1897 1727; x_wconf 84' lang='lat' dir='ltr'>hac</span> <span class='ocrx_word' id='word_1_613' title='bbox 1918 1691 2118 1737; x_wconf 85' lang='lat' dir='ltr'>appendice:</span> 
     </span>
     <span class='ocr_line' id='line_1_92' title="bbox 1243 1741 2121 1786; baseline 0 -11"><span class='ocrx_word' id='word_1_614' title='bbox 1243 1743 1276 1775; x_wconf 77' lang='lat'>51</span> <span class='ocrx_word' id='word_1_615' title='bbox 1283 1741 1450 1774; x_wconf 68' lang='lat' dir='ltr'>elefflonem</span> <span class='ocrx_word' id='word_1_616' title='bbox 1461 1741 1544 1774; x_wconf 74' lang='lat' dir='ltr'>vobis</span> <span class='ocrx_word' id='word_1_617' title='bbox 1555 1744 1576 1774; x_wconf 74' lang='grc' dir='ltr'><em>ἆ</em></span> <span class='ocrx_word' id='word_1_618' title='bbox 1587 1745 1663 1786; x_wconf 83' lang='lat' dir='ltr'>Rege</span> <span class='ocrx_word' id='word_1_619' title='bbox 1673 1742 1827 1786; x_wconf 82' lang='lat' dir='ltr'>conceffam</span> <span class='ocrx_word' id='word_1_620' title='bbox 1839 1743 2006 1785; x_wconf 72' lang='lat' dir='ltr'>despicitis,</span> <span class='ocrx_word' id='word_1_621' title='bbox 2028 1749 2062 1777; x_wconf 77' lang='grc' dir='ltr'>1η</span> <span class='ocrx_word' id='word_1_622' title='bbox 2073 1753 2121 1775; x_wconf 81' lang='lat' dir='ltr'>ar-</span> 
     </span>
     <span class='ocr_line' id='line_1_93' title="bbox 1246 1791 2119 1836; baseline 0.001 -12"><span class='ocrx_word' id='word_1_623' title='bbox 1246 1791 1332 1824; x_wconf 74' lang='lat' dir='ltr'>bitrio</span> <span class='ocrx_word' id='word_1_624' title='bbox 1352 1791 1537 1832; x_wconf 70' lang='lat' dir='ltr'>&amp;potestate</span> <span class='ocrx_word' id='word_1_625' title='bbox 1562 1795 1651 1836; x_wconf 78' lang='lat' dir='ltr'>Regis</span> <span class='ocrx_word' id='word_1_626' title='bbox 1675 1792 1713 1832; x_wconf 78' lang='lat' dir='ltr'>est</span> <span class='ocrx_word' id='word_1_627' title='bbox 1726 1815 1736 1831; x_wconf 85' lang='lat'>‚</span> <span class='ocrx_word' id='word_1_628' title='bbox 1759 1804 1844 1835; x_wconf 85' lang='lat' dir='ltr'>quem</span> <span class='ocrx_word' id='word_1_629' title='bbox 1854 1793 1925 1827; x_wconf 74' lang='lat' dir='ltr'>vult</span> <span class='ocrx_word' id='word_1_630' title='bbox 1937 1793 2023 1826; x_wconf 73' lang='lat' dir='ltr'>vobis</span> <span class='ocrx_word' id='word_1_631' title='bbox 2044 1794 2119 1825; x_wconf 78' lang='lat' dir='ltr'>dare</span> 
     </span>
     <span class='ocr_line' id='line_1_94' title="bbox 1247 1837 2273 1888; baseline 0.002 -13"><span class='ocrx_word' id='word_1_632' title='bbox 1247 1839 1442 1885; x_wconf 77' lang='lat' dir='ltr'>Episcopum.</span> <span class='ocrx_word' id='word_1_633' title='bbox 1465 1842 1511 1875; x_wconf 83' lang='lat' dir='ltr'>lta</span> <span class='ocrx_word' id='word_1_634' title='bbox 1527 1842 1562 1875; x_wconf 90' lang='lat' dir='ltr'>in</span> <span class='ocrx_word' id='word_1_635' title='bbox 1576 1842 1638 1876; x_wconf 86' lang='lat' dir='ltr'>suis</span> <span class='ocrx_word' id='word_1_636' title='bbox 1650 1842 1838 1877; x_wconf 79' lang='lat' dir='ltr'>Annalibus</span> <span class='ocrx_word' id='word_1_637' title='bbox 1861 1842 1973 1877; x_wconf 86' lang='lat' dir='ltr'>scribit</span> <span class='ocrx_word' id='word_1_638' title='bbox 1983 1837 2273 1888; x_wconf 57' lang='lat' dir='ltr'>Reginum-⁸6⁹-</span> 
     </span>
     <span class='ocr_line' id='line_1_95' title="bbox 1249 1890 2121 1927; baseline -0.002 0"><span class='ocrx_word' id='word_1_639' title='bbox 1249 1892 1359 1927; x_wconf 84' lang='lat' dir='ltr'>Abbas</span> <span class='ocrx_word' id='word_1_640' title='bbox 1369 1891 1577 1926; x_wconf 73' lang='lat' dir='ltr'>prumiensis.</span> <span class='ocrx_word' id='word_1_641' title='bbox 1607 1891 1651 1925; x_wconf 90' lang='lat' dir='ltr'>Et</span> <span class='ocrx_word' id='word_1_642' title='bbox 1667 1890 2024 1927; x_wconf 82' lang='lat' dir='ltr'>AnnalesFrancorum</span> <span class='ocrx_word' id='word_1_643' title='bbox 2043 1891 2121 1926; x_wconf 83' lang='lat' dir='ltr'>Ful-</span> 
     </span>
     <span class='ocr_line' id='line_1_96' title="bbox 1247 1936 2275 1989; baseline -0.001 -13"><span class='ocrx_word' id='word_1_644' title='bbox 1247 1942 1379 1977; x_wconf 87' lang='lat' dir='ltr'>denses:</span> <span class='ocrx_word' id='word_1_645' title='bbox 1406 1942 1530 1976; x_wconf 78' lang='lat' dir='ltr'>Rabano</span> <span class='ocrx_word' id='word_1_646' title='bbox 1550 1939 1771 1985; x_wconf 70' lang='lat' dir='ltr'>A&#39;rchsepz&#39;scopo</span> <span class='ocrx_word' id='word_1_647' title='bbox 1794 1936 2034 1986; x_wconf 70' lang='lat' dir='ltr'>moguntiacenfis</span> <span class='ocrx_word' id='word_1_648' title='bbox 2060 1939 2130 1975; x_wconf 67' lang='lat' dir='ltr'>Ec-*</span> <span class='ocrx_word' id='word_1_649' title='bbox 2141 1955 2275 1989; x_wconf 45' lang='lat' dir='ltr'>Anam,-</span> 
     </span>
     <span class='ocr_line' id='line_1_97' title="bbox 1247 1991 2130 2036; baseline -0.005 -10"><span class='ocrx_word' id='word_1_650' title='bbox 1247 1991 1332 2035; x_wconf 78' lang='lat' dir='ltr'>clefiae</span> <span class='ocrx_word' id='word_1_651' title='bbox 1355 1991 1473 2035; x_wconf 76' lang='lat' dir='ltr'>succeffit</span> <span class='ocrx_word' id='word_1_652' title='bbox 1496 1993 1639 2032; x_wconf 75' lang='lat' dir='ltr'>Carolus,</span> <span class='ocrx_word' id='word_1_653' title='bbox 1665 2000 1762 2036; x_wconf 64' lang='lat' dir='ltr'>magis</span> <span class='ocrx_word' id='word_1_654' title='bbox 1784 2003 1822 2025; x_wconf 87' lang='lat' dir='ltr'>ex</span> <span class='ocrx_word' id='word_1_655' title='bbox 1839 1991 1991 2025; x_wconf 76' lang='lat' dir='ltr'>voluntate</span> <span class='ocrx_word' id='word_1_656' title='bbox 2004 1994 2094 2034; x_wconf 73' lang='lat' dir='ltr'>Regn-</span> <span class='ocrx_word' id='word_1_657' title='bbox 2106 1996 2130 2031; x_wconf 63' lang='lat'>,⁴</span> 
     </span>
     <span class='ocr_line' id='line_1_98' title="bbox 1248 2038 2122 2085; baseline -0.005 -8"><span class='ocrx_word' id='word_1_658' title='bbox 1248 2045 1282 2077; x_wconf 64' lang='lat' dir='ltr'>e?</span> <span class='ocrx_word' id='word_1_659' title='bbox 1292 2042 1526 2084; x_wconf 78' lang='lat' dir='ltr'>Conffliariorum</span> <span class='ocrx_word' id='word_1_660' title='bbox 1538 2044 1604 2083; x_wconf 71' lang='lat' dir='ltr'>eius</span> <span class='ocrx_word' id='word_1_661' title='bbox 1614 2067 1625 2084; x_wconf 95' lang='lat'><strong>,</strong></span> <span class='ocrx_word' id='word_1_662' title='bbox 1651 2053 1741 2085; x_wconf 81' lang='lat' dir='ltr'>quam</span> <span class='ocrx_word' id='word_1_663' title='bbox 1751 2053 1788 2076; x_wconf 83' lang='lat' dir='ltr'>ex</span> <span class='ocrx_word' id='word_1_664' title='bbox 1795 2038 1930 2085; x_wconf 60' lang='lat' dir='ltr'>consensu</span> <span class='ocrx_word' id='word_1_665' title='bbox 1943 2039 2122 2075; x_wconf 56' lang='lat' dir='ltr'>&amp;Eleaqu-</span> 
     </span>
     <span class='ocr_line' id='line_1_99' title="bbox 1250 2086 2119 2135; baseline -0.005 -9"><span class='ocrx_word' id='word_1_666' title='bbox 1250 2104 1286 2126; x_wconf 88' lang='lat' dir='ltr'>ne</span> <span class='ocrx_word' id='word_1_667' title='bbox 1303 2093 1386 2126; x_wconf 74' lang='lat' dir='ltr'>clem·</span> <span class='ocrx_word' id='word_1_668' title='bbox 1408 2094 1564 2133; x_wconf 55' lang='lat' dir='ltr'>&amp;populu</span> <span class='ocrx_word' id='word_1_669' title='bbox 1595 2092 1734 2126; x_wconf 86' lang='lat' dir='ltr'>Carolus</span> <span class='ocrx_word' id='word_1_670' title='bbox 1756 2091 1875 2135; x_wconf 72' lang='lat' dir='ltr'>qnippe</span> <span class='ocrx_word' id='word_1_671' title='bbox 1897 2086 1965 2126; x_wconf 74' lang='lat' dir='ltr'>erat</span> <span class='ocrx_word' id='word_1_672' title='bbox 1986 2088 2119 2134; x_wconf 86' lang='lat' dir='ltr'>Pippini</span> 
     </span>
     <span class='ocr_line' id='line_1_100' title="bbox 1251 2140 2132 2187; baseline -0.005 -11"><span class='ocrx_word' id='word_1_673' title='bbox 1251 2140 1435 2186; x_wconf 70' lang='lat' dir='ltr'>Aquitaniae</span> <span class='ocrx_word' id='word_1_674' title='bbox 1456 2142 1559 2187; x_wconf 89' lang='lat' dir='ltr'>Regis</span> <span class='ocrx_word' id='word_1_675' title='bbox 1580 2142 1665 2175; x_wconf 88' lang='lat' dir='ltr'>filius</span> <span class='ocrx_word' id='word_1_676' title='bbox 1688 2167 1699 2183; x_wconf 94' lang='lat'>‚</span> <span class='ocrx_word' id='word_1_677' title='bbox 1718 2141 1864 2186; x_wconf 72' lang='lat' dir='ltr'>ideoque</span> <span class='ocrx_word' id='word_1_678' title='bbox 1893 2140 2056 2175; x_wconf 84' lang='lat' dir='ltr'>Ludovici</span> <span class='ocrx_word' id='word_1_679' title='bbox 2074 2150 2132 2173; x_wconf 83' lang='lat' dir='ltr'>e-x·</span> 
     </span>
     <span class='ocr_line' id='line_1_101' title="bbox 1249 2185 2133 2235; baseline -0.005 -10"><span class='ocrx_word' id='word_1_680' title='bbox 1249 2188 1359 2227; x_wconf 76' lang='lat' dir='ltr'>fratres</span> <span class='ocrx_word' id='word_1_681' title='bbox 1379 2191 1509 2235; x_wconf 87' lang='lat' dir='ltr'>Nepos.</span> <span class='ocrx_word' id='word_1_682' title='bbox 1540 2191 1795 2235; x_wconf 86' lang='lat' dir='ltr'>Temperantior</span> <span class='ocrx_word' id='word_1_683' title='bbox 1817 2201 1924 2225; x_wconf 89' lang='lat' dir='ltr'>tamen</span> <span class='ocrx_word' id='word_1_684' title='bbox 1947 2189 2008 2224; x_wconf 86' lang='lat' dir='ltr'>hac</span> <span class='ocrx_word' id='word_1_685' title='bbox 2030 2185 2065 2222; x_wconf 76' lang='lat' dir='ltr'>i&#39;n</span> <span class='ocrx_word' id='word_1_686' title='bbox 2088 2195 2133 2222; x_wconf 55' lang='grc' dir='ltr'>(οἱ</span> 
     </span>
     <span class='ocr_line' id='line_1_102' title="bbox 1250 2237 2133 2283; baseline -0.006 -7"><span class='ocrx_word' id='word_1_687' title='bbox 1250 2242 1312 2276; x_wconf 88' lang='lat' dir='ltr'>fuit</span> <span class='ocrx_word' id='word_1_688' title='bbox 1337 2241 1542 2277; x_wconf 85' lang='lat' dir='ltr'>Ludovicus.</span> <span class='ocrx_word' id='word_1_689' title='bbox 1570 2241 1675 2277; x_wconf 85' lang='lat' dir='ltr'>Pauca</span> <span class='ocrx_word' id='word_1_690' title='bbox 1699 2243 1853 2276; x_wconf 70' lang='lat' dir='ltr'>factarum</span> <span class='ocrx_word' id='word_1_691' title='bbox 1874 2241 1916 2275; x_wconf 75' lang='lat' dir='ltr'>ab</span> <span class='ocrx_word' id='word_1_692' title='bbox 1934 2241 2004 2283; x_wconf 91' lang='lat' dir='ltr'>ipso</span> <span class='ocrx_word' id='word_1_693' title='bbox 2016 2237 2133 2272; x_wconf 72' lang='lat' dir='ltr'>nomi-3</span> 
     </span>
     <span class='ocr_line' id='line_1_103' title="bbox 1250 2287 2134 2335; baseline -0.003 -10"><span class='ocrx_word' id='word_1_694' title='bbox 1250 2293 1424 2327; x_wconf 87' lang='lat' dir='ltr'>nationum</span> <span class='ocrx_word' id='word_1_695' title='bbox 1448 2291 1603 2327; x_wconf 83' lang='lat' dir='ltr'>habemus</span> <span class='ocrx_word' id='word_1_696' title='bbox 1623 2292 1770 2335; x_wconf 87' lang='lat' dir='ltr'>exempla</span> <span class='ocrx_word' id='word_1_697' title='bbox 1784 2317 1791 2324; x_wconf 92' lang='lat'>.</span> <span class='ocrx_word' id='word_1_698' title='bbox 1821 2292 1864 2325; x_wconf 87' lang='lat' dir='ltr'>Et</span> <span class='ocrx_word' id='word_1_699' title='bbox 1885 2290 1973 2334; x_wconf 86' lang='lat' dir='ltr'>quod</span> <span class='ocrx_word' id='word_1_700' title='bbox 1997 2287 2134 2322; x_wconf 54' lang='lat' dir='ltr'>nullan»</span> 
     </span>
     <span class='ocr_line' id='line_1_104' title="bbox 1251 2337 2118 2387; baseline -0.005 -11"><span class='ocrx_word' id='word_1_701' title='bbox 1251 2353 1396 2387; x_wconf 88' lang='lat' dir='ltr'>unquam</span> <span class='ocrx_word' id='word_1_702' title='bbox 1420 2342 1568 2377; x_wconf 84' lang='lat' dir='ltr'>Ecclefiae</span> <span class='ocrx_word' id='word_1_703' title='bbox 1592 2342 1791 2387; x_wconf 87' lang='lat' dir='ltr'>dignitatem</span> <span class='ocrx_word' id='word_1_704' title='bbox 1813 2340 1951 2385; x_wconf 83' lang='lat' dir='ltr'>pecunia</span> <span class='ocrx_word' id='word_1_705' title='bbox 1973 2337 2118 2379; x_wconf 84' lang='lat' dir='ltr'>dederit,</span> 
     </span>
     <span class='ocr_line' id='line_1_105' title="bbox 1252 2390 1707 2438; baseline -0.004 -11"><span class='ocrx_word' id='word_1_706' title='bbox 1252 2393 1388 2428; x_wconf 85' lang='lat' dir='ltr'>affirmat</span> <span class='ocrx_word' id='word_1_707' title='bbox 1400 2390 1546 2427; x_wconf 81' lang='lat' dir='ltr'>laudatus</span> <span class='ocrx_word' id='word_1_708' title='bbox 1558 2393 1691 2438; x_wconf 90' lang='lat' dir='ltr'>Regino</span> <span class='ocrx_word' id='word_1_709' title='bbox 1699 2416 1707 2425; x_wconf 83' lang='lat'><strong>.</strong></span> 
     </span>
    </p>
   </div>
   <div class='ocr_carea' id='block_1_12' title="bbox 2127 2369 2279 2402">
    <p class='ocr_par' dir='ltr' id='par_1_16' title="bbox 2127 2369 2279 2402">
     <span class='ocr_line' id='line_1_106' title="bbox 2127 2369 2279 2402; baseline 0.007 -6"><span class='ocrx_word' id='word_1_710' title='bbox 2127 2384 2131 2387; x_wconf 95' lang='lat'>·</span> <span class='ocrx_word' id='word_1_711' title='bbox 2144 2369 2200 2397; x_wconf 78' lang='lat' dir='ltr'>An.</span> <span class='ocrx_word' id='word_1_712' title='bbox 2210 2370 2226 2397; x_wconf 91' lang='lat'><em>8</em></span> <span class='ocrx_word' id='word_1_713' title='bbox 2232 2371 2279 2402; x_wconf 88' lang='lat'>76.</span> 
     </span>
    </p>
   </div>
   <div class='ocr_carea' id='block_1_13' title="bbox 1251 2437 2137 2935">
    <p class='ocr_par' dir='ltr' id='par_1_17' title="bbox 1252 2437 2135 2585">
     <span class='ocr_line' id='line_1_107' title="bbox 1300 2437 2135 2479; baseline -0.007 -2"><span class='ocrx_word' id='word_1_714' title='bbox 1300 2444 1465 2479; x_wconf 86' lang='lat' dir='ltr'>Omnium</span> <span class='ocrx_word' id='word_1_715' title='bbox 1484 2443 1710 2477; x_wconf 68' lang='lat' dir='ltr'>audacissimus</span> <span class='ocrx_word' id='word_1_716' title='bbox 1729 2441 1790 2477; x_wconf 85' lang='lat' dir='ltr'>hac</span> <span class='ocrx_word' id='word_1_717' title='bbox 1811 2443 1844 2476; x_wconf 91' lang='lat' dir='ltr'>in</span> <span class='ocrx_word' id='word_1_718' title='bbox 1859 2453 1892 2475; x_wconf 91' lang='lat' dir='ltr'>re</span> <span class='ocrx_word' id='word_1_719' title='bbox 1913 2437 1975 2475; x_wconf 88' lang='lat' dir='ltr'>fuit</span> <span class='ocrx_word' id='word_1_720' title='bbox 1984 2438 2135 2473; x_wconf 78' lang='lat' dir='ltr'>Carolus-</span> 
     </span>
     <span class='ocr_line' id='line_1_108' title="bbox 1252 2487 2124 2540; baseline -0.008 -13"><span class='ocrx_word' id='word_1_721' title='bbox 1252 2493 1390 2527; x_wconf 81' lang='lat' dir='ltr'>Calvus.</span> <span class='ocrx_word' id='word_1_722' title='bbox 1418 2492 1522 2540; x_wconf 77' lang='lat' dir='ltr'>Qiod</span> <span class='ocrx_word' id='word_1_723' title='bbox 1545 2493 1632 2526; x_wconf 87' lang='lat' dir='ltr'>enim</span> <span class='ocrx_word' id='word_1_724' title='bbox 1654 2493 1798 2526; x_wconf 87' lang='lat' dir='ltr'>Bernutn</span> <span class='ocrx_word' id='word_1_725' title='bbox 1820 2492 1911 2524; x_wconf 88' lang='lat' dir='ltr'>suum</span> <span class='ocrx_word' id='word_1_726' title='bbox 1929 2487 2124 2532; x_wconf 78' lang='lat' dir='ltr'>consangui-</span> 
     </span>
     <span class='ocr_line' id='line_1_109' title="bbox 1253 2538 2123 2585; baseline -0.007 -9"><span class='ocrx_word' id='word_1_727' title='bbox 1253 2555 1374 2585; x_wconf 87' lang='lat' dir='ltr'>neum,</span> <span class='ocrx_word' id='word_1_728' title='bbox 1398 2543 1433 2576; x_wconf 88' lang='lat'>&amp;</span> <span class='ocrx_word' id='word_1_729' title='bbox 1456 2542 1693 2576; x_wconf 88' lang='lat' dir='ltr'>Godescalcum</span> <span class='ocrx_word' id='word_1_730' title='bbox 1719 2540 1905 2574; x_wconf 86' lang='lat' dir='ltr'>Palatinum</span> <span class='ocrx_word' id='word_1_731' title='bbox 1928 2562 1939 2579; x_wconf 93' lang='lat'>‚</span> <span class='ocrx_word' id='word_1_732' title='bbox 1964 2538 2123 2572; x_wconf 51' lang='lat' dir='ltr'>{saneto</span> 
     </span>
    </p>

    <p class='ocr_par' dir='ltr' id='par_1_18' title="bbox 1251 2588 2137 2935">
     <span class='ocr_line' id='line_1_110' title="bbox 1251 2588 2124 2637; baseline -0.007 -11"><span class='ocrx_word' id='word_1_733' title='bbox 1251 2593 1380 2628; x_wconf 90' lang='lat' dir='ltr'>Amulo</span> <span class='ocrx_word' id='word_1_734' title='bbox 1403 2592 1674 2637; x_wconf 88' lang='lat' dir='ltr'>Lugdunensium</span> <span class='ocrx_word' id='word_1_735' title='bbox 1694 2589 1909 2632; x_wconf 86' lang='lat' dir='ltr'>Metropolita</span> <span class='ocrx_word' id='word_1_736' title='bbox 1931 2588 2076 2622; x_wconf 72' lang='lat' dir='ltr'>excussos</span> <span class='ocrx_word' id='word_1_737' title='bbox 2087 2598 2124 2621; x_wconf 83' lang='lat' dir='ltr'>ac</span> 
     </span>
     <span class='ocr_line' id='line_1_111' title="bbox 1252 2637 2134 2686; baseline -0.009 -9"><span class='ocrx_word' id='word_1_738' title='bbox 1252 2643 1384 2686; x_wconf 61' lang='lat' dir='ltr'>rejectos</span> <span class='ocrx_word' id='word_1_739' title='bbox 1402 2666 1413 2682; x_wconf 85' lang='lat'>‚</span> <span class='ocrx_word' id='word_1_740' title='bbox 1439 2643 1478 2675; x_wconf 84' lang='lat' dir='ltr'>ad</span> <span class='ocrx_word' id='word_1_741' title='bbox 1508 2640 1841 2685; x_wconf 81' lang='lat' dir='ltr'>Augustoduuensem</span> <span class='ocrx_word' id='word_1_742' title='bbox 1871 2639 1906 2673; x_wconf 90' lang='lat'>&amp;</span> <span class='ocrx_word' id='word_1_743' title='bbox 1929 2637 2134 2672; x_wconf 66' lang='lat' dir='ltr'>Cabilonem·</span> 
     </span>
     <span class='ocr_line' id='line_1_112' title="bbox 1252 2683 2125 2731; baseline -0.007 -5"><span class='ocrx_word' id='word_1_744' title='bbox 1252 2694 1317 2726; x_wconf 87' lang='lat' dir='ltr'>sem</span> <span class='ocrx_word' id='word_1_745' title='bbox 1331 2692 1486 2727; x_wconf 85' lang='lat' dir='ltr'>Ecclesias</span> <span class='ocrx_word' id='word_1_746' title='bbox 1499 2690 1677 2725; x_wconf 81' lang='lat' dir='ltr'>nominarit</span> <span class='ocrx_word' id='word_1_747' title='bbox 1691 2715 1701 2730; x_wconf 88' lang='lat'>,</span> <span class='ocrx_word' id='word_1_748' title='bbox 1726 2690 1812 2723; x_wconf 89' lang='lat' dir='ltr'>lucet</span> <span class='ocrx_word' id='word_1_749' title='bbox 1823 2701 1863 2722; x_wconf 83' lang='lat' dir='ltr'>ex</span> <span class='ocrx_word' id='word_1_750' title='bbox 1873 2688 1966 2731; x_wconf 68' lang='lat' dir='ltr'>supra</span> <span class='ocrx_word' id='word_1_751' title='bbox 1978 2683 2125 2721; x_wconf 62' lang='lat' dir='ltr'>adductis</span> 
     </span>
     <span class='ocr_line' id='line_1_113' title="bbox 1252 2736 2137 2783; baseline -0.003 -8"><span class='ocrx_word' id='word_1_752' title='bbox 1252 2742 1367 2776; x_wconf 86' lang='lat' dir='ltr'>litteris</span> <span class='ocrx_word' id='word_1_753' title='bbox 1405 2740 1593 2775; x_wconf 81' lang='lat' dir='ltr'>Wenilonis</span> <span class='ocrx_word' id='word_1_754' title='bbox 1641 2738 1865 2783; x_wconf 63' lang='lat' dir='ltr'>Metropolitas</span> <span class='ocrx_word' id='word_1_755' title='bbox 1911 2736 2137 2772; x_wconf 53' lang='lat' dir='ltr'>Senonenfisss</span> 
     </span>
     <span class='ocr_line' id='line_1_114' title="bbox 1252 2786 2131 2840; baseline -0.008 -13"><span class='ocrx_word' id='word_1_756' title='bbox 1252 2792 1355 2840; x_wconf 82' lang='lat' dir='ltr'>Qod</span> <span class='ocrx_word' id='word_1_757' title='bbox 1369 2790 1456 2824; x_wconf 91' lang='lat' dir='ltr'>hunc</span> <span class='ocrx_word' id='word_1_758' title='bbox 1480 2791 1581 2834; x_wconf 90' lang='lat' dir='ltr'>ipsum</span> <span class='ocrx_word' id='word_1_759' title='bbox 1590 2789 1688 2825; x_wconf 84' lang='lat' dir='ltr'>etiam</span> <span class='ocrx_word' id='word_1_760' title='bbox 1700 2790 1914 2824; x_wconf 83' lang='lat' dir='ltr'>Wenilonem</span> <span class='ocrx_word' id='word_1_761' title='bbox 1927 2786 2131 2834; x_wconf 49' lang='lat' dir='ltr'>nominarin-</span> 
     </span>
     <span class='ocr_line' id='line_1_115' title="bbox 1252 2833 2127 2884; baseline -0.009 -9"><span class='ocrx_word' id='word_1_762' title='bbox 1252 2853 1289 2876; x_wconf 86' lang='lat' dir='ltr'>ac</span> <span class='ocrx_word' id='word_1_763' title='bbox 1299 2840 1365 2883; x_wconf 84' lang='lat' dir='ltr'>ejus</span> <span class='ocrx_word' id='word_1_764' title='bbox 1386 2841 1662 2875; x_wconf 80' lang='lat' dir='ltr'>consecrationem</span> <span class='ocrx_word' id='word_1_765' title='bbox 1673 2837 1940 2884; x_wconf 73' lang='lat' dir='ltr'>argreimpetrarit</span> <span class='ocrx_word' id='word_1_766' title='bbox 1962 2833 2127 2871; x_wconf 56' lang='lat' dir='ltr'>&amp;Provin-</span> 
     </span>
     <span class='ocr_line' id='line_1_116' title="bbox 1252 2885 2124 2935; baseline -0.013 -8"><span class='ocrx_word' id='word_1_767' title='bbox 1252 2891 1388 2927; x_wconf 82' lang='lat' dir='ltr'>cialibus</span> <span class='ocrx_word' id='word_1_768' title='bbox 1407 2890 1474 2935; x_wconf 86' lang='lat' dir='ltr'>ejus</span> <span class='ocrx_word' id='word_1_769' title='bbox 1495 2890 1684 2934; x_wconf 88' lang='lat' dir='ltr'>Episcopis,</span> <span class='ocrx_word' id='word_1_770' title='bbox 1713 2891 1843 2925; x_wconf 84' lang='lat' dir='ltr'>testatur</span> <span class='ocrx_word' id='word_1_771' title='bbox 1861 2888 1927 2931; x_wconf 89' lang='lat' dir='ltr'>ipse</span> <span class='ocrx_word' id='word_1_772' title='bbox 1940 2885 2077 2922; x_wconf 86' lang='lat' dir='ltr'>Carolus</span> <span class='ocrx_word' id='word_1_773' title='bbox 2088 2885 2124 2918; x_wconf 76' lang='lat' dir='ltr'>in</span> 
     </span>
    </p>
   </div>
   <div class='ocr_carea' id='block_1_14' title="bbox 2148 2837 2303 2874">
    <p class='ocr_par' dir='ltr' id='par_1_19' title="bbox 2148 2837 2303 2874">
     <span class='ocr_line' id='line_1_117' title="bbox 2148 2837 2303 2874; baseline 0 -5"><span class='ocrx_word' id='word_1_774' title='bbox 2148 2837 2303 2874; x_wconf 64' lang='lat' dir='ltr'>Ast.2.c.¹.‘</span> 
     </span>
    </p>
   </div>
   <div class='ocr_carea' id='block_1_15' title="bbox 1251 2933 2303 3518">
    <p class='ocr_par' dir='ltr' id='par_1_20' title="bbox 1253 2933 2124 2983">
     <span class='ocr_line' id='line_1_118' title="bbox 1253 2933 2124 2983; baseline -0.011 -7"><span class='ocrx_word' id='word_1_775' title='bbox 1253 2943 1287 2976; x_wconf 86' lang='lat' dir='ltr'>in</span> <span class='ocrx_word' id='word_1_776' title='bbox 1300 2941 1419 2976; x_wconf 88' lang='lat' dir='ltr'>libellis</span> <span class='ocrx_word' id='word_1_777' title='bbox 1441 2941 1649 2975; x_wconf 85' lang='lat' dir='ltr'>accusatoriis</span> <span class='ocrx_word' id='word_1_778' title='bbox 1665 2965 1675 2981; x_wconf 88' lang='lat'><strong><em>,</em></strong></span> <span class='ocrx_word' id='word_1_779' title='bbox 1701 2951 1783 2983; x_wconf 88' lang='lat' dir='ltr'>quos</span> <span class='ocrx_word' id='word_1_780' title='bbox 1794 2937 1940 2973; x_wconf 72' lang='lat' dir='ltr'>adversus</span> <span class='ocrx_word' id='word_1_781' title='bbox 1950 2933 2052 2978; x_wconf 81' lang='lat' dir='ltr'>ipsum</span> <span class='ocrx_word' id='word_1_782' title='bbox 2065 2934 2124 2968; x_wconf 87' lang='lat' dir='ltr'>ob-</span> 
     </span>
    </p>

    <p class='ocr_par' dir='ltr' id='par_1_21' title="bbox 1252 2984 2130 3036">
     <span class='ocr_line' id='line_1_119' title="bbox 1252 2984 2130 3036; baseline -0.008 -10"><span class='ocrx_word' id='word_1_783' title='bbox 1252 2993 1329 3027; x_wconf 88' lang='lat' dir='ltr'>tulit</span> <span class='ocrx_word' id='word_1_784' title='bbox 1341 2991 1478 3035; x_wconf 89' lang='lat' dir='ltr'>Synodo</span> <span class='ocrx_word' id='word_1_785' title='bbox 1488 2991 1656 3024; x_wconf 86' lang='lat' dir='ltr'>Tullenfi.</span> <span class='ocrx_word' id='word_1_786' title='bbox 1678 2989 1859 3025; x_wconf 88' lang='lat' dir='ltr'>Bertulfum</span> <span class='ocrx_word' id='word_1_787' title='bbox 1868 2999 1907 3036; x_wconf 82' lang='lat' dir='ltr'>ac</span> <span class='ocrx_word' id='word_1_788' title='bbox 1919 2984 2130 3019; x_wconf 70' lang='lat' dir='ltr'>Hilduinumt</span> 
     </span>
    </p>

    <p class='ocr_par' dir='ltr' id='par_1_22' title="bbox 1251 3035 2303 3436">
     <span class='ocr_line' id='line_1_120' title="bbox 1251 3035 2125 3086; baseline -0.008 -10"><span class='ocrx_word' id='word_1_789' title='bbox 1251 3043 1344 3076; x_wconf 74' lang='lat' dir='ltr'>fuisse</span> <span class='ocrx_word' id='word_1_790' title='bbox 1355 3042 1396 3076; x_wconf 85' lang='lat' dir='ltr'>ab</span> <span class='ocrx_word' id='word_1_791' title='bbox 1419 3043 1488 3086; x_wconf 88' lang='lat' dir='ltr'>ipso</span> <span class='ocrx_word' id='word_1_792' title='bbox 1500 3042 1688 3075; x_wconf 85' lang='lat' dir='ltr'>nominatos</span> <span class='ocrx_word' id='word_1_793' title='bbox 1705 3041 1746 3074; x_wconf 84' lang='lat' dir='ltr'>ad</span> <span class='ocrx_word' id='word_1_794' title='bbox 1755 3036 1984 3072; x_wconf 85' lang='lat' dir='ltr'>Treverensem</span> <span class='ocrx_word' id='word_1_795' title='bbox 2012 3035 2046 3068; x_wconf 77' lang='grc' dir='ltr'>δε</span> <span class='ocrx_word' id='word_1_796' title='bbox 2058 3035 2125 3069; x_wconf 83' lang='lat' dir='ltr'>Co·</span> 
     </span>
     <span class='ocr_line' id='line_1_121' title="bbox 1253 3085 2124 3136; baseline -0.009 -10"><span class='ocrx_word' id='word_1_797' title='bbox 1253 3093 1436 3127; x_wconf 88' lang='lat' dir='ltr'>loniensem</span> <span class='ocrx_word' id='word_1_798' title='bbox 1459 3092 1669 3136; x_wconf 84' lang='lat' dir='ltr'>Episcopatus</span> <span class='ocrx_word' id='word_1_799' title='bbox 1692 3115 1702 3131; x_wconf 93' lang='lat'>,</span> <span class='ocrx_word' id='word_1_800' title='bbox 1730 3088 1826 3123; x_wconf 81' lang='lat' dir='ltr'>habes</span> <span class='ocrx_word' id='word_1_801' title='bbox 1847 3085 1931 3128; x_wconf 84' lang='lat' dir='ltr'>apud</span> <span class='ocrx_word' id='word_1_802' title='bbox 1958 3085 2124 3119; x_wconf 84' lang='lat' dir='ltr'>laudatum</span> 
     </span>
     <span class='ocr_line' id='line_1_122' title="bbox 1253 3135 2276 3187; baseline -0.011 -10"><span class='ocrx_word' id='word_1_803' title='bbox 1253 3143 1465 3187; x_wconf 87' lang='lat' dir='ltr'>Reginonem</span> <span class='ocrx_word' id='word_1_804' title='bbox 1484 3166 1491 3173; x_wconf 89' lang='lat'><strong>.</strong></span> <span class='ocrx_word' id='word_1_805' title='bbox 1529 3141 1674 3175; x_wconf 84' lang='lat' dir='ltr'>AEneam</span> <span class='ocrx_word' id='word_1_806' title='bbox 1694 3135 1899 3173; x_wconf 84' lang='lat' dir='ltr'>Parisiensem</span> <span class='ocrx_word' id='word_1_807' title='bbox 1924 3135 2133 3179; x_wconf 84' lang='lat' dir='ltr'>Episcopum·</span> <span class='ocrx_word' id='word_1_808' title='bbox 2146 3146 2276 3181; x_wconf 81' lang='lat' dir='ltr'>An.869.</span> 
     </span>
     <span class='ocr_line' id='line_1_123' title="bbox 1253 3184 2269 3232; baseline -0.009 -6"><span class='ocrx_word' id='word_1_809' title='bbox 1253 3193 1345 3227; x_wconf 76' lang='lat' dir='ltr'>fuisse</span> <span class='ocrx_word' id='word_1_810' title='bbox 1361 3192 1507 3226; x_wconf 68' lang='lat' dir='ltr'>Electum</span> <span class='ocrx_word' id='word_1_811' title='bbox 1522 3191 1630 3226; x_wconf 89' lang='lat' dir='ltr'>scribit</span> <span class='ocrx_word' id='word_1_812' title='bbox 1639 3188 1770 3232; x_wconf 89' lang='lat' dir='ltr'>quidem</span> <span class='ocrx_word' id='word_1_813' title='bbox 1784 3185 1824 3219; x_wconf 86' lang='lat' dir='ltr'>ad</span> <span class='ocrx_word' id='word_1_814' title='bbox 1845 3186 1965 3219; x_wconf 61' lang='lat' dir='ltr'>diiium</span> <span class='ocrx_word' id='word_1_815' title='bbox 1976 3185 2126 3219; x_wconf 75' lang='lat' dir='ltr'>Wenilo-</span> <span class='ocrx_word' id='word_1_816' title='bbox 2147 3184 2232 3221; x_wconf 81' lang='lat' dir='ltr'>Apud</span> <span class='ocrx_word' id='word_1_817' title='bbox 2243 3186 2269 3214; x_wconf 84' lang='lat' dir='ltr'>S·</span> 
     </span>
     <span class='ocr_line' id='line_1_124' title="bbox 1254 3226 2303 3292; baseline -0.008 -17"><span class='ocrx_word' id='word_1_818' title='bbox 1254 3254 1329 3277; x_wconf 80' lang='lat' dir='ltr'>nen-i</span> <span class='ocrx_word' id='word_1_819' title='bbox 1351 3244 1443 3276; x_wconf 88' lang='lat' dir='ltr'>suum</span> <span class='ocrx_word' id='word_1_820' title='bbox 1466 3238 1714 3284; x_wconf 77' lang='lat' dir='ltr'>Metropolitam</span> <span class='ocrx_word' id='word_1_821' title='bbox 1726 3235 1840 3269; x_wconf 80' lang='lat' dir='ltr'>Clerus</span> <span class='ocrx_word' id='word_1_822' title='bbox 1858 3235 2002 3278; x_wconf 77' lang='lat' dir='ltr'>ejusdem</span> <span class='ocrx_word' id='word_1_823' title='bbox 2014 3230 2126 3268; x_wconf 60' lang='lat' dir='ltr'>Eccle&#39;-</span> <span class='ocrx_word' id='word_1_824' title='bbox 2145 3226 2257 3292; x_wconf 50' lang='lat' dir='ltr'>Izui‘ffm</span> <span class='ocrx_word' id='word_1_825' title='bbox 2300 3267 2303 3274; x_wconf 68' lang='grc'>,</span> 
     </span>
     <span class='ocr_line' id='line_1_125' title="bbox 1254 3265 2303 3338; baseline -0.012 -10"><span class='ocrx_word' id='word_1_826' title='bbox 1254 3295 1324 3334; x_wconf 83' lang='lat' dir='ltr'>siae,</span> <span class='ocrx_word' id='word_1_827' title='bbox 1335 3293 1447 3327; x_wconf 80' lang='lat' dir='ltr'>verum</span> <span class='ocrx_word' id='word_1_828' title='bbox 1458 3292 1590 3332; x_wconf 82' lang='lat' dir='ltr'>antiqua</span> <span class='ocrx_word' id='word_1_829' title='bbox 1602 3287 1691 3322; x_wconf 82' lang='lat' dir='ltr'>istius</span> <span class='ocrx_word' id='word_1_830' title='bbox 1706 3285 1856 3329; x_wconf 84' lang='lat' dir='ltr'>Epistolae</span> <span class='ocrx_word' id='word_1_831' title='bbox 1868 3284 1954 3329; x_wconf 87' lang='lat' dir='ltr'>apud</span> <span class='ocrx_word' id='word_1_832' title='bbox 1968 3283 2125 3329; x_wconf 81' lang='lat' dir='ltr'>Jacobum</span> <span class='ocrx_word' id='word_1_833' title='bbox 2148 3267 2199 3338; x_wconf 44' lang='grc' dir='ltr'>ἓξ]</span> <span class='ocrx_word' id='word_1_834' title='bbox 2225 3282 2233 3290; x_wconf 85' lang='grc'><strong>’</strong></span> <span class='ocrx_word' id='word_1_835' title='bbox 2253 3265 2303 3299; x_wconf 62' lang='lat'>⁹⁸²</span> 
     </span>
     <span class='ocr_line' id='line_1_126' title="bbox 1256 3315 2277 3384; baseline -0.011 -7"><span class='ocrx_word' id='word_1_836' title='bbox 1256 3342 1466 3377; x_wconf 86' lang='lat' dir='ltr'>Sirmondum</span> <span class='ocrx_word' id='word_1_837' title='bbox 1479 3334 1661 3382; x_wconf 73' lang='lat' dir='ltr'>Epigraphe</span> <span class='ocrx_word' id='word_1_838' title='bbox 1683 3335 1830 3380; x_wconf 80' lang='lat' dir='ltr'>adjungit</span> <span class='ocrx_word' id='word_1_839' title='bbox 1843 3348 1853 3368; x_wconf 82' lang='lat'>.-</span> <span class='ocrx_word' id='word_1_840' title='bbox 1880 3340 2036 3384; x_wconf 76' lang='lat' dir='ltr'>Decretum</span> <span class='ocrx_word' id='word_1_841' title='bbox 2044 3335 2126 3367; x_wconf 72' lang='lat' dir='ltr'>Cleri</span> <span class='ocrx_word' id='word_1_842' title='bbox 2148 3315 2232 3373; x_wconf 64' lang='lat' dir='ltr'>iom.</span> <span class='ocrx_word' id='word_1_843' title='bbox 2250 3342 2277 3372; x_wconf 77' lang='lat'>2:</span> 
     </span>
     <span class='ocr_line' id='line_1_127' title="bbox 1258 3383 2130 3436; baseline -0.007 -13"><span class='ocrx_word' id='word_1_844' title='bbox 1258 3391 1419 3436; x_wconf 67' lang='lat' dir='ltr'>Parfflenfis</span> <span class='ocrx_word' id='word_1_845' title='bbox 1437 3393 1475 3424; x_wconf 81' lang='lat' dir='ltr'>dc</span> <span class='ocrx_word' id='word_1_846' title='bbox 1484 3386 1634 3421; x_wconf 76' lang='lat' dir='ltr'>Elec‘lione</span> <span class='ocrx_word' id='word_1_847' title='bbox 1656 3389 1766 3419; x_wconf 82' lang='lat' dir='ltr'>AEneae</span> <span class='ocrx_word' id='word_1_848' title='bbox 1778 3383 1914 3428; x_wconf 76' lang='lat' dir='ltr'>Episcopi</span> <span class='ocrx_word' id='word_1_849' title='bbox 1926 3409 1936 3425; x_wconf 95' lang='lat'>,</span> <span class='ocrx_word' id='word_1_850' title='bbox 1962 3395 2046 3427; x_wconf 82' lang='lat' dir='ltr'>quem</span> <span class='ocrx_word' id='word_1_851' title='bbox 2064 3388 2130 3433; x_wconf 55' lang='lat' dir='ltr'>Caf</span> 
     </span>
    </p>

    <p class='ocr_par' dir='ltr' id='par_1_23' title="bbox 1256 3433 2127 3480">
     <span class='ocr_line' id='line_1_128' title="bbox 1256 3433 2127 3480; baseline -0.011 -4"><span class='ocrx_word' id='word_1_852' title='bbox 1256 3445 1333 3478; x_wconf 65' lang='lat' dir='ltr'>volus</span> <span class='ocrx_word' id='word_1_853' title='bbox 1358 3446 1421 3475; x_wconf 78' lang='lat' dir='ltr'>Rex</span> <span class='ocrx_word' id='word_1_854' title='bbox 1442 3437 1642 3480; x_wconf 74' lang='lat' dir='ltr'>insinuaverat</span> <span class='ocrx_word' id='word_1_855' title='bbox 1665 3462 1672 3470; x_wconf 95' lang='lat'><strong><em>.</em></strong></span> <span class='ocrx_word' id='word_1_856' title='bbox 1698 3435 1736 3473; x_wconf 78' lang='lat' dir='ltr'>ld</span> <span class='ocrx_word' id='word_1_857' title='bbox 1753 3436 1801 3472; x_wconf 86' lang='lat' dir='ltr'>est</span> <span class='ocrx_word' id='word_1_858' title='bbox 1826 3460 1837 3478; x_wconf 91' lang='lat'>‚</span> <span class='ocrx_word' id='word_1_859' title='bbox 1861 3434 1984 3480; x_wconf 62' lang='lat' dir='ltr'>jusserat</span> <span class='ocrx_word' id='word_1_860' title='bbox 2005 3433 2127 3477; x_wconf 81' lang='lat' dir='ltr'>eligen-</span> 
     </span>
    </p>

    <p class='ocr_par' dir='ltr' id='par_1_24' title="bbox 1978 3483 2080 3518">
     <span class='ocr_line' id='line_1_129' title="bbox 1978 3483 2080 3518; baseline -0.02 0"><span class='ocrx_word' id='word_1_861' title='bbox 1978 3483 2058 3518; x_wconf 86' lang='lat' dir='ltr'>dum</span> <span class='ocrx_word' id='word_1_862' title='bbox 2070 3509 2080 3516; x_wconf 87' lang='lat'><strong>.</strong></span> 
     </span>
    </p>
   </div>
  </div>
 </body>
</html>
