2352 3736
105 513 239 550 1³01,23c..

102 821 167 854 Lib.
190 825 216 851 6.

100 865 172 900 Cap.
193 872 236 892 ιο.

347 122 445 183 438

277 206 453 244 Praesertim
479 207 566 251 quod
601 204 714 240 omnia
739 200 809 237 haec
835 212 987 246 exempta
1012 202 1083 236 loca
1108 202 1169 238 Pa-

276 258 421 293 triarchae
445 257 620 300 penderent
643 254 838 294 Canonica,
866 253 919 287 seu
942 263 1068 287 annuas
1093 265 1167 297 pen-

276 309 383 343 sione.
411 306 454 339 Et
479 304 558 339 hinc
581 304 732 349 Episcopi
754 305 937 346 frequenter
959 313 996 337 ac
1018 312 1168 347 potenter

276 356 520 392 intercesserunt
542 354 711 389 adversum
732 351 790 401 has
812 351 1036 397 exemptiones
1048 377 1060 394 ,
1085 354 1167 388 adeo

276 418 312 441 ut
333 407 482 450 praefatus
504 404 690 443 Patriareha
714 405 899 451 Germanus
933 403 1066 437 tandem
1089 404 1166 438 emi-

276 458 348 491 serit
370 454 436 489 hoc
458 454 607 490 Edicium
632 469 643 489 .-
682 456 873 488 Mediocritas
893 452 988 494 nostra
1009 457 1167 499 Regionum

277 505 463 547 Antistnibus
481 509 586 540 talium
602 507 671 547 Jure
697 507 773 539 cedit
788 530 795 536 .
823 504 948 537 Omnia
962 528 972 544 ‚
998 513 1106 547 praeter
1117 515 1167 548 pe-

275 557 479 601 regrinorum
504 582 513 596 ,
550 566 701 598 exempta
734 554 931 588 monasteria
950 553 1092 588 reddidit
1126 556 1165 588 E-

275 606 433 651 piscopis.
461 607 575 640 Habes
608 605 762 639 Edic'tum
785 606 817 637 in
841 605 938 637 tertio
971 604 1056 638 libro
1090 603 1167 647 juris

276 657 391 692 Graeco
403 676 412 684 ·
425 656 592 692 Romani.
621 656 663 689 Et
690 656 730 689 de
755 654 967 698 Ephesiorum
980 653 1161 696 Archiepis·

275 718 381 750 copo,
406 707 612 751 Imperatoris
634 705 810 739 Michaelis
825 704 1005 749 Palaeologi
1028 705 1165 738 Confes-

274 758 358 791 sario
381 783 391 799 ‚
416 760 450 793 &
472 768 595 802 magno
616 755 809 789 Patriarchae
834 754 954 797 Joanni
986 753 1087 788 Vecci
1109 755 1165 788 ad-

274 810 415 842 versario
428 809 514 842 Isaac
525 806 634 841 scribit
646 806 810 850 Georgius
822 803 1038 847 Pachymeres
1051 818 1058 837 ε
1082 803 1166 847 Isaac

267 857 382 898 studuit
389 858 442 902 suo
449 861 513 899 juri
523 857 681 900 subjugare
692 857 752 889 loca
758 853 961 897 jurisdiffloni
973 854 1164 888 Patriarchae

274 907 475 952 reservatam
486 908 594 942 cunetis
606 915 660 948 per
671 911 820 939 Orientem
845 902 1039 946 Dioecefibus,
1063 909 1108 937 ita
1131 914 1165 938 ut

274 971 311 994 ea
323 967 441 992 tantum
450 958 538 1002 sacra
550 958 628 996 loca,
653 968 720 998 quae
743 956 824 987 intre}
850 966 941 999 unam
965 954 1066 986 urbem
1089 959 1165 987 Con-

268 1010 492 1052 stantinopolim
501 1007 558 1050 fita
566 1008 673 1050 essent,
698 1003 1005 1045 ordinariae'potestaet
1024 1007 1166 1037 Patriae-

274 1059 481 1104 chaesubjec'la
493 1064 677 1092 remanerent
690 1079 700 1095 ,
724 1067 792 1098 quae
815 1057 904 1088 extrd
926 1054 1027 1087 urbem
1048 1056 1136 1097 essent
1154 1080 1164 1096 ,

270 1109 642 1154 subjacerenrauc‘loritats'
665 1106 778 1139 illorum
801 1104 990 1147 Praesulum,
1015 1111 1067 1146 qui
1087 1107 1165 1137 Dice·

274 1161 352 1204 ceses
367 1186 377 1202 ,
402 1160 452 1193 ubi
474 1168 562 1193 erant
586 1159 638 1191 illa
659 1154 770 1199 postue,
797 1153 968 1197 Episcopals‘
987 1155 1165 1188 auHoritate

270 1212 471 1258 gubernarint
483 1235 490 1242 ,
520 1210 563 1242 Et
575 1207 677 1253 pergit
689 1218 696 1238 t
724 1207 840 1239 Prodit’t
852 1209 1047 1246 Imperatoria
1054 1206 1166 1238 Novel-

274 1265 307 1296 la
318 1287 328 1301 ,
343 1274 401 1305 qua
416 1259 624 1294 decernebatur
635 1268 645 1298 ,·
656 1265 687 1290 ut
699 1268 766 1302 quae
783 1256 955 1297 ubicumque
969 1257 1020 1288 vel
1030 1254 1164 1298 cuiusque

275 1314 355 1345 mods
367 1312 427 1344 loca
439 1311 488 1344 vel
500 1308 670 1349 monasteria
683 1305 870 1340 Patriarchoe
893 1310 946 1338 uni
963 1304 1094 1347 subJec‘la
1118 1316 1165 1338 ea-

275 1371 361 1395 tenus
387 1360 598 1404 censebantur‚
624 1369 658 1391 ea
678 1358 812 1398 deinceps
840 1354 1016 1398 Episcopls,
1044 1366 1164 1397 quorum

277 1415 336 1446 illae
346 1408 477 1454 propriae
495 1407 638 1452 Dloeceses
651 1410 735 1451 essent
749 1432 759 1448 ‚
779 1409 850 1447 jure
871 1408 1020 1438 ordinario
1035 1404 1166 1448 subjace-

271 1472 342 1497 'rent
357 1487 364 1495 .
395 1461 568 1495 Addebatur
584 1462 699 1492 Decrett'
710 1463 809 1491 ratio.-
839 1460 899 1490 Per
909 1454 1030 1498 abusum
1043 1458 1143 1489 videre
1155 1482 1164 1496 ‚

276 1516 311 1548 (3·
323 1522 429 1546 contra
436 1510 588 1556 sacrorum
603 1514 759 1542 canonum
770 1507 973 1541 austeritatem
986 1514 1164 1539 attentatum

276 1564 313 1596 td
324 1588 334 1603 ,
361 1564 441 1605 quod
449 1574 485 1595 ex
496 1563 579 1605 longo
600 1558 740 1591 haelenus
764 1565 890 1598 tempore
902 1556 1083 1596 fat‘Jitatum
1101 1555 1163 1595 fue-

275 1623 325 1647 rat
337 1639 348 1654 ‚
374 1621 407 1646 ut
422 1612 525 1653 nempe*
538 1607 725 1642 Patriarcbae
747 1604 1065 1646 constantinopolitano
1084 1605 1164 1636 ultra

266 1663 351 1708 *fines
365 1660 498 1702 Dloecefis
506 1664 638 1702 propriae
644 1661 699 1697 jus
713 1662 901 1695 competeret.
931 1654 1106 1693 Exemptio
1119 1654 1162 1684 est

267 1709 383 1747 *revera
398 1713 561 1754 supremus
573 1705 738 1751 potestatis
749 1705 851 1742 adius,
878 1701 934 1744 qui
957 1699 1094 1742 proinde
1112 1711 1164 1733 ex-

274 1764 323 1798 tra
342 1759 544 1797 territorium
572 1769 639 1792 non
666 1755 751 1788 valet
772 1752 929 1786 exerceri.
959 1751 1002 1784 Et
1024 1749 1164 1784 omnino

275 1814 460 1850 adversatur
472 1806 735 1843 Chalcedonensi
747 1803 880 1837 Canoni
896 1825 903 1833 .
929 1800 1016 1835 Isaac
1035 1801 1099 1834 sola
1115 1812 1164 1833 ur-

275 1865 348 1899 bica
362 1860 565 1896 Monasseria
579 1855 709 1890 volebat
733 1863 863 1888 manere
890 1849 1099 1885 Patriarchae.
1124 1850 1161 1884 E-

274 1914 380 1949 tenim
405 1906 778 1949 Constantinopolitana
802 1927 812 1943 ,
849 1901 896 1936 uti
923 1902 956 1934 δε
986 1901 1138 1936 Romana
1154 1926 1163 1942 ,

276 1961 437 1999 Patochia
462 1957 674 1993 concluditur
696 1954 838 1988 civitatis
850 1962 963 1985 muro:
994 1952 1086 1986 Foris
1096 1953 1164 1985 nul.

276 2016 341 2049 iam
365 2011 463 2046 habet
477 2006 705 2042 Parochialem
720 2003 896 2038 Ecclesiam
907 2024 918 2041 ,
943 2001 993 2035 sed
1009 2002 1075 2036 sola
1086 2013 1162 2045 quas*

274 2066 352 2099 dam
375 2063 484 2096 vicina
510 2056 700 2094 Caemeteria
722 2066 778 2090 aut
810 2052 1012 2088 Monasteria
1032 2078 1039 2085 .
1078 2052 1164 2087 Isaac

276 2113 406 2149 volebat
426 2112 523 2146 etiam
536 2110 622 2143 intra
640 2104 894 2141 patriarchalem
907 2103 1080 2137 Dioecefim
1094 2104 1162 2137 nul-

273 2166 307 2200 la
334 2166 397 2199 effe
428 2171 578 2205 exempta
609 2157 836 2192 Monasteria.
876 2155 919 2188 Et
947 2154 993 2188 est
1023 2154 1163 2188 omnino

277 2217 471 2250 consecutus
493 2237 499 2244 .
526 2209 629 2258 Qod
651 2207 728 2243 vero
749 2219 790 2241 ex
812 2204 934 2249 proprii
958 2203 1092 2246 quaestus
1112 2216 1166 2238 cu-

277 2266 413 2312 piditate
440 2263 506 2297 haec
531 2261 586 2296 ille
618 2259 757 2293 moverit
778 2282 789 2298 ‚
821 2255 934 2290 diserte
971 2254 1079 2289 scribit
1105 2254 1165 2288 Pa-

279 2316 471 2360 chymeres,
498 2313 531 2346 &
552 2311 675 2356 pergit:
703 2308 796 2352 ,Quod
808 2312 865 2348 qui
887 2304 1025 2344 dicebat,
1051 2316 1109 2338 non
1120 2311 1165 2338 in·

279 2366 431 2410 telligebat
451 2369 561 2405 eripere
576 2362 613 2399 se
633 2357 820 2393 Patriarchae
832 2356 951 2389 titulum
961 2355 1138 2388 ‹Ec-umentes
1152 2380 1162 2396 ,

281 2416 392 2460 quippe
413 2417 499 2458 quem
520 2412 703 2446 concluderet
724 2409 795 2442 urbe
815 2405 1085 2447 Constantinopoli,
1111 2416 1163 2439 nec

276 2467 386 2512 saltem
397 2473 423 2499 et·
433 2465 597 2498 concederet
610 2459 755 2502 Dioecefim
769 2483 779 2498 ,
805 2457 965 2500 quanta&
987 2459 1087 2498 qualis
1109 2462 1162 2489 cut-

281 2522 330 2551 vis
341 2522 429 2549 etiam
442 2516 560 2558 vulgari
574 2511 715 2546 tribuitur
728 2507 887 2552 Episcopo.
914 2506 1019 2553 Qod
1049 2505 1163 2548 nempe

282 2567 428 2611 vulgares
466 2564 576 2606 paffim
615 2561 769 2604 Episcopi
790 2568 899 2600 praeter
919 2557 1087 2590 civitatem
1111 2554 1167 2588 ha·

280 2617 379 2652 beant
402 2613 524 2648 forense
545 2611 743 2646 territorium
756 2634 763 2640 .
791 2608 896 2640 Uerum
918 2607 953 2637 id
971 2614 1033 2638 tum
1047 2606 1166 2647 quidem

282 2666 360 2700 nthI
378 2662 584 2707 penfihabens
604 2659 702 2703 'saac,
728 2657 888 2691 &inlucrt
906 2662 995 2696 parte
1008 2666 1165 2688 numerans

282 2717 411 2750 oblatam
432 2711 598 2754 occafionem
614 2708 808 2754 gratificandi
829 2706 1084 2748 quomodocumque
1096 2710 1167 2736 ami-

282 2774 323 2802 cis
339 2766 404 2810 suis
426 2761 581 2806 Episcopis
595 2785 606 2801 ,
633 2771 702 2802 quos
716 2758 823 2790 multos
846 2755 1035 2795 offendebant
1054 2754 1115 2793 1·stae
1137 2760 1168 2787 in

281 2821 410 2860 propriis
425 2810 595 2854 Dioecefibus
608 2814 792 2851 exceptiones
813 2806 936 2839 locorum
951 2804 1168 2848 subtrao‘lorum

282 2871 413 2910 propriae
426 2860 714 2908 ipfhrumpotestati‚
740 2868 774 2890 ac
794 2856 980 2889 patriarchae
1001 2856 1174 2887 auz‘loritatt

283 2916 476 2961 subjellorum
499 2937 511 2953 ‚
545 2914 579 2945 (τ
591 2911 693 2952 paffim
716 2906 930 2942 contendebant
953 2916 1010 2938 non
1032 2906 1103 2947 plus
1118 2908 1168 2945 ju-

288 2973 330 2999 ris
351 2961 711 3006 Constantinopolltanoin
733 2960 845 2991 alienas
873 2953 1012 2998 Dt‘oeceses
1035 2980 1045 2995 ,
1080 2957 1171 2996 quirm

290 3021 387 3058 cuique
400 3014 529 3058 ipsorum
547 3012 599 3055 effe
623 3017 654 3043 in
676 3007 1051 3049 constantinopolitanam.
1082 3004 1168 3038 Cum

278 3066 424 3109 'collegis
436 3063 604 3107 Episcopis
614 3061 699 3093 Isaac
712 3057 888 3092 sectabatur
900 3057 992 3100 supra
1013 3066 1171 3089 memora—

291 3123 358 3147 tam
383 3116 400 3147 a
425 3111 611 3147 Theodoro
633 3110 825 3145 Balsamone
853 3107 1045 3141 sententiam
1066 3130 1076 3145 ,
1101 3115 1171 3148 quae

282 3166 405 3198 vomnes
428 3164 604 3206 Episcopos
625 3161 763 3194 affirmat
781 3157 845 3193 esse
869 3157 937 3200 jure
965 3156 1095 3188 Divino
1119 3167 1169 3197 pa-

294 3221 341 3247 res
358 3222 411 3255 per
442 3212 553 3245 omnia
585 3222 621 3244 ac
645 3213 808 3252 supremos
831 3231 842 3247 ‚
879 3206 1018 3249 ideoque
1043 3205 1168 3238 nntium

295 3261 414 3297 subeffe
435 3260 544 3302 alteri3
570 3272 602 3294 at
614 3261 690 3294 vero
701 3258 865 3302 Georgius
877 3255 1089 3298 Pachymeres
1102 3281 1113 3297 ,
1124 3263 1165 3287 ut-

294 3311 372 3358 pote
394 3319 517 3354 magnae
536 3308 911 3352 Constantinopolitanae
929 3305 1077 3339 Ecclesiae
1090 3305 1169 3338 Cru-

294 3360 431 3407 ciger&
452 3366 590 3402 magnus
610 3359 791 3398 Defensor,
819 3356 902 3391 vidit
927 3354 968 3390 ab
995 3354 1055 3388 isto
1088 3365 1168 3389 erro-

293 3424 327 3449 re
352 3409 485 3459 pessimo
511 3404 622 3442 induci
649 3405 861 3448 Acephaliam
883 3430 895 3447 ,
929 3406 962 3440 ὃς
998 3415 1074 3441 cum
1102 3415 1169 3440 om·

876 114 1514 166 DlssnRTAT10

1234 208 1266 240 ni
1279 206 1471 242 Hierarchia
1492 208 1592 242 everti
1613 211 1763 243 cunstam
1783 210 1978 254 dignitatem
1993 216 2038 249 sui
2052 215 2109 249 Pa·

1232 257 1377 292 triarchae
1388 283 1398 299 ,
1427 259 1482 300 qui
1493 258 1558 292 {ine
1569 259 1676 300 aliqua
1687 258 1799 293 saltem
1810 271 1864 303 per
1874 266 2111 299 omnesOrien-

1229 309 1270 342 tis
1286 308 1442 342 Ecclelias
1452 308 1605 351 potestate
1618 309 1806 343 nullatenus
1817 310 1912 352 poflit
1934 311 2000 345 dici
2017 314 2110 348 Ἑω-

1230 359 1380 391 menicus
1402 359 1455 391 seu
1478 358 1686 392 universalis.
1713 360 1760 393 lta
1777 370 1831 402 per
1844 360 1977 395 schisma
2000 362 2033 394 in
2055 363 2112 397 fra-

1229 419 1293 442 tres
1326 406 1495 442 Cadmaeos
1527 408 1685 442 demutati
1711 408 1816 443 Graeci
1840 411 1904 445 sese
1924 421 2041 445 mutuo
2061 423 2112 446 ro·

1229 459 1336 492 serunt
1356 482 1368 500 ‚
1401 458 1649 500 momorderunt
1672 483 1684 501 ,
1722 471 1760 494 ac
1781 459 1913 495 tandem
1936 460 2115 506 absumpse-

1230 518 1306 543 runt
1319 531 1326 539 .
1486 515 1490 518 ’

1277 558 1428 593 Tertiam
1449 558 1662 594 universalem
1680 560 2043 604 Constantinopoliuni
2074 559 2116 594 E·

1227 608 1351 652 piscopi
1381 610 1571 652 potestatem
1604 610 1737 645 adducit
1759 611 1794 644 in
1819 610 1951 644 laudato
1983 611 2111 656 Legum

1227 659 1427 702 compendio
1450 658 1522 693 Leo
1546 657 1767 703 Philosophus
1785 675 1796 694 .·
1831 661 1921 694 Sedes
1945 661 2113 702 Constanti-

1227 710 1395 751 napolitana
1409 733 1420 749 ,
1446 721 1538 752 quam
1561 714 1653 754 Regia
1675 721 1801 744 exornat
1820 735 1830 751 ,
1856 712 2029 750 synodorum
2045 710 2112 754 suf-

1220 760 1336 803 fragiis
1349 762 1591 803 Praerogativam
1602 760 1712 794 obtinet
1725 785 1736 801 ,
1762 761 1865 802 quibus
1876 763 1994 794 divinae
2015 765 2109 805 Leges

1222 807 1446 854 suffragantes,
1472 809 1725 852 controverfiasin
1735 812 1805 844 altis
1813 810 1928 854 sedibus
1951 821 2046 845 motas
2068 812 2113 844 ad

1226 858 1316 900 hujus
1329 865 1477 894 notionem
1487 858 1595 903 referri
1602 866 1784 902 praecipium
1796 886 1802 893 .
1832 860 1959 895 Laudat
1971 862 2040 904 ejus
2050 861 2112 894 cir-

1227 920 1263 942 ca
1274 910 1483 952 Stauropegia
1492 910 1709 944 universalem
1723 910 1911 953 potestatem
1926 935 1936 951 ,
1955 912 1988 945 &
1998 911 2112 954 adjun-

1226 960 1276 1002 git
1289 972 1299 992 .-
1321 964 1428 1000 Neque
1439 958 1489 992 hoc
1495 956 1589 1001 solum
1601 982 1611 998 ‚
1618 958 1675 1000 sed
1683 959 1932 1002 &controverfias
1944 966 1976 993 in
1986 963 2058 994 aliis
2064 959 2113 1004 se-

1226 1009 1313 1042 dibus
1323 1017 1443 1042 exortas
1460 1009 1602 1041 dirimere
1615 1014 1650 1041 dc
1659 1009 1826 1048 dijudicare
1831 1009 1923 1050 potest
1935 1034 1942 1041 .
1971 1009 2110 1045 Videtur

1228 1059 1318 1103 loqui
1331 1071 1372 1092 ex
1385 1068 1477 1091 nono
1488 1057 1521 1090 δε
1535 1057 1667 1091 decimo
1682 1058 1819 1100 septimo
1841 1058 2114 1094 Chalcedonenfi-

1229 1110 1287 1142 bus
1310 1106 1507 1143 Canonibus
1527 1132 1538 1148 ,
1569 1107 1626 1151 qui
1644 1109 1778 1142 cunctas
1798 1106 2008 1143 Clericalium
2027 1112 2113 1152 apud

1228 1159 1430 1203 Episcopum
1459 1183 1470 1199 ,
1502 1160 1634 1192 cun-stas
1671 1158 1914 1201 Episcopalium
1945 1159 2111 1195 causarum

1227 1211 1345 1252 primas
1371 1208 1539 1242 instantias
1562 1207 1721 1242 mandant
1742 1207 1796 1252 agi
1817 1207 1903 1251 apud
1915 1208 2114 1251 Metropoli·

1228 1259 1471 1301 taesynodum‚
1497 1267 1595 1301 atque
1618 1257 1817 1302 adjungunt:
1849 1260 1943 1302 ‚Quod
1958 1257 1988 1300 fi
2004 1260 2115 1293 adver-

1227 1311 1277 1342 sus
1292 1312 1461 1342 Provincia·
1482 1309 1702 1350 Metropolitum
1726 1306 1887 1351 Episcopus
1910 1310 1962 1342 vel
1980 1308 2113 1342 clericus

1227 1359 1315 1392 babet
1326 1360 1475 1402 querelam
1488 1383 1498 1399 ‚
1515 1367 1602 1400 perat
1614 1367 1667 1392 aut
1679 1360 1843 1391 Primatem
1855 1356 2011 1402 Dtoeceseos
2022 1382 2033 1399 ,
2058 1366 2111 1391 aut

1227 1411 1329 1442 sedem
1355 1413 1456 1452 Regiae
1477 1409 1559 1442 urbis
1582 1407 1913 1450 Constantinopolitana-
1925 1432 1936 1449 ‚
1975 1410 2009 1443 Θ
2029 1409 2116 1450 apud

1226 1459 1497 1501 ipsamjudicetur.
1526 1459 1686 1493 Nicolaus
1695 1460 1816 1502 primus
1837 1458 1923 1502 Papa
1941 1469 1997 1502 per
2018 1459 2111 1493 Dioe·

1227 1510 1332 1543 ceseos
1368 1508 1545 1542 Primatem
1567 1508 1730 1543 intellexit
1755 1509 1948 1543 Romanum
1971 1508 2111 1543 Pontifi-

1227 1570 1297 1592 cem
1311 1583 1321 1597 ‚
1349 1569 1447 1600 atque
1469 1560 1514 1592 ita
1527 1558 1568 1592 ab
1582 1558 1648 1593 istis
1658 1558 1852 1594 Canonibus
1862 1557 1996 1604 stabiliri
2010 1558 2112 1593 credi-

1226 1608 1274 1641 dit
1313 1607 1481 1640 Romanas
1517 1608 1751 1649 appellationes
1769 1633 1778 1641 .
1816 1608 1888 1642 Alii
1916 1609 2109 1653 intelligunt

1227 1656 1374 1696 quemvis
1385 1655 1590 1688 Orientalem
1603 1656 1788 1690 Exarchum
1800 1667 1855 1690 aut
1866 1657 2087 1692 Patriarcham
2099 1670 2108 1691 ε

1227 1704 1370 1738 Censent
1382 1704 1506 1736 cunCiis
1516 1703 1740 1737 Orientalibus
1761 1706 1930 1748 Episcopis
1949 1707 1984 1740 δε
2004 1706 2109 1741 Cleri-

1227 1755 1275 1788 cis
1289 1754 1431 1797 permitti
1444 1753 1669 1786 alternativam
1682 1777 1692 1793 ‚
1718 1764 1782 1797 qua
1794 1753 1846 1787 vel
1856 1755 1896 1787 ad
1907 1756 2000 1788 suurn
2012 1755 2110 1788 Exar-

1227 1803 1325 1837 chum
1341 1814 1395 1837 aut
1409 1801 1625 1837 patriarcham
1637 1829 1646 1844 ,
1672 1803 1724 1837 vel
1742 1802 1826 1838 certe
1846 1803 1887 1838 ad
1911 1804 2107 1848 Episcopum

1227 1854 1632 1896 constantinopolitanum
1662 1853 1781 1896 poffint
1817 1854 1976 1898 appellare
1994 1879 2002 1888 .
2042 1854 2112 1889 Ve-

1226 1904 1296 1939 rum
1307 1903 1373 1938 haec
1395 1903 1511 1946 opinio
1531 1915 1615 1938 caret
1636 1903 1867 1938 fundamento.
1893 1904 1995 1952 Qod
2017 1905 2108 1939 enim

1228 1954 1443 1989 Alexandrini
1466 1964 1521 1987 aut
1546 1952 1750 1989 Antiocheni
1773 1954 2013 1989 Patriarchatus
2033 1954 2108 1989 Cle-

1227 2007 1310 2040 ticos
1331 2014 1386 2039 aut
1415 2003 1593 2047 Episcopos
1629 2004 1669 2037 ad
1697 2004 2105 2046 Constantinopolitanum

1227 2053 1449 2090 patriarcham
1482 2065 1657 2098 provocare
1689 2053 1864 2096 permiserit
1891 2051 2106 2096 Antiquitas,

1227 2106 1314 2140 nulla
1351 2104 1494 2139 ostendit
1526 2104 1729 2139 consuetudo
1760 2128 1771 2144 ,
1813 2103 1922 2137 nullus
1962 2103 2105 2143 Canon,

1226 2156 1353 2190 nullum
1374 2155 1579 2198 exemplum.
1608 2153 1754 2188 Proinde
1774 2165 1827 2197 per
1842 2154 2028 2188 Dioeceseos
2039 2153 2107 2187 Pri-

1227 2217 1347 2241 matem
1359 2206 1586 2249 intelliguntur
1597 2215 1658 2239 tres
1684 2203 1904 2247 Autocephali
1927 2203 2083 2237 Primates
2094 2227 2106 2243 ‚

1225 2257 1343 2301 quibus
1353 2267 1486 2290 omnem
1498 2257 1617 2289 avitam
1631 2255 1857 2288 austeritatem
1868 2253 2109 2288 circumscribe-

1226 2319 1280 2348 re,
1306 2305 1712 2349 &Constantinopolitani
1737 2304 1889 2348 Episcopi
1911 2303 2043 2346 plenum
2060 2303 2107 2346 ju·

1225 2368 1305 2403 gum
1333 2357 1463 2400 injicere
1490 2357 1607 2390 nolens
1629 2355 1785 2398 synodus
1807 2354 1989 2388 introduxit
2011 2353 2106 2388 istam

1226 2407 1408 2451 appellandi
1429 2407 1653 2441 alternativam
1666 2430 1673 2437 .

1276 2458 1308 2491 A
1332 2459 1390 2491 suo
1411 2457 1572 2500 Episcopo
1595 2456 1782 2495 Clericum,
1808 2464 1862 2490 aut
1885 2454 1902 2487 a
1918 2456 1973 2489 sua
2001 2455 2107 2497 Syno-

1214 2507 1272 2542 zdo
1294 2507 1504 2551 degradatum
1528 2507 1725 2550 Episcopum
1756 2505 1966 2539 duodecimus
1988 2504 2105 2538 Antio-

1230 2557 1311 2590 chiae
1330 2558 1448 2591 Canon
1469 2557 1603 2591 mandat
1640 2567 1709 2590 non
1735 2557 1801 2589 esse
1826 2555 1999 2589 molestum
2037 2552 2106 2585 Au-

1230 2609 1324 2651 gusto
1335 2607 1495 2651 principi,
1523 2607 1576 2641 sed
1599 2608 1744 2651 refugere
1762 2605 1804 2639 ad
1824 2605 1980 2646 majorem
2001 2602 2108 2645 Syno-

1229 2659 1324 2691 dum.
1355 2658 1412 2692 Sui
1426 2658 1694 2702 praevaricatorem
1708 2654 1920 2688 immobiliter
1941 2652 2047 2684 firmat
2069 2651 2105 2684 in

1231 2708 1349 2742 inflicta
1369 2707 1623 2753 degradatione,
1649 2706 1682 2738 δε
1703 2702 1873 2746 praescribit
1884 2701 1925 2734 ab
1945 2700 2106 2734 omnian-

1230 2757 1352 2792 dientia
1380 2782 1387 2790 .
1428 2759 1543 2792 Sextus
1570 2750 1930 2794 Constantinopolitani
1957 2749 2106 2784 Concilii

1230 2808 1349 2841 Canon
1370 2808 1511 2848 rigorem
1540 2804 1585 2837 est
1618 2802 1799 2836 moderatus
1817 2825 1825 2833 .
1864 2800 1894 2833 A
1924 2799 2106 2834 Provincias

1229 2855 1366 2899 Synodo
1386 2855 1574 2888 damnatum
1599 2853 1798 2895 Episcopum
1820 2850 1953 2884 mandat
1977 2861 2043 2883 non
2062 2848 2106 2884 ad

1229 2906 1411 2948 Principem
1424 2930 1434 2946 ‚
1460 2916 1520 2938 nec
1543 2904 1583 2937 ad
1596 2894 1789 2936 Generalem
1803 2901 1904 2934 totius
1915 2899 2106 2933 Christiani·

1229 2957 1302 2989 tatis
1323 2980 1333 2996 ‚
1369 2955 1423 2989 sed
1450 2955 1490 2987 ad
1511 2954 1558 2987 sui
1587 2950 1782 2987 Patr-iarchae
1800 2961 1856 2984 aut
1881 2949 2022 2983 Exarchi
2047 2950 2106 2990 Sy·

1223 3006 1353 3039 nodum
1374 3004 1533 3048 appellare
1553 3016 1561 3036 :
1600 3002 1655 3036 Ab
1677 3002 1738 3036 hac
1759 3001 1920 3035 damnatis
1945 2998 2104 3043 permittit

1229 3057 1346 3090 recurri
1368 3056 1407 3089 ad
1430 3054 1617 3097 Principem
1630 3078 1642 3093 ‚
1669 3051 1895 3096 &generalem
1907 3049 1947 3083 ab
1966 3049 2035 3091 ipso
2047 3048 2105 3090 Sy-

1232 3105 1353 3139 nodurn
1363 3105 1539 3148 postulari.
1568 3102 1698 3145 Nempe
1710 3113 1767 3145 pro
1788 3101 1904 3140 iniquae
1922 3098 2106 3138 damnatio·

1233 3157 1279 3189 nis
1303 3156 1430 3190 auxilio
1452 3154 1681 3197 confugientes
1703 3152 1742 3185 ad
1763 3152 1794 3184 se
1815 3150 2042 3192 quoscumque*
2064 3149 2108 3182 E·

1231 3208 1378 3250 piscopos
1398 3205 1520 3239 solebat
1541 3203 1711 3237 admittere
1729 3200 1888 3242 Princeps
1910 3223 1920 3238 ,
1956 3199 1989 3231 δε
2021 3198 2104 3240 ipso-

1232 3269 1299 3290 rum
1322 3257 1430 3289 causas
1444 3255 1558 3298 Regiae
1567 3253 1711 3287 civitatis
1723 3249 1873 3284 Antistiti
1887 3261 1924 3282 ac
1938 3259 1990 3291 per
2002 3247 2104 3290 ipsum

1230 3318 1268 3340 ex
1291 3307 1424 3339 advenis
1446 3303 1615 3346 Episcopis
1635 3302 1775 3335 collectae
1789 3298 1928 3342 Synodo
1939 3298 2121 3340 delegare,x

1232 3356 1408 3399 Indignum
1422 3356 1455 3389 &
1480 3352 1706 3387 Ecclefiasticae
1720 3346 1921 3382 Hierarchiae
1939 3346 2105 3381 adversum

1231 3405 1417 3450 judicarunt
1438 3403 1502 3439 hoc
1525 3401 1659 3438 laudatae
1680 3399 1807 3444 Synodi
1829 3423 1837 3432 .
1866 3395 1991 3450 Revera
2012 3396 2105 3477 Σφίσι

1975 3454 2006 3477 m
2036 3456 2059 3477 i-
