2352 3736
35 582 107 618 Leg.
132 590 178 612 ιι.

36 777 112 816 Cap,
127 790 172 811 21.

35 1016 133 1054 1212«
143 1026 191 1056 30.

35 2609 99 2643 ιι.
108 2610 188 2649 Epa.

484 192 575 226 De
649 179 689 225 S.
761 180 1101 225 Leonis

211 264 392 300 exaltatam
403 262 678 299 volenstitulavit
703 263 841 307 primam
865 262 1102 307 Justinianam‚

208 315 253 350 ab
264 313 468 358 Apostolicis
482 313 782 348 Thessalonicensis
792 313 947 359 Episcopi
972 312 1102 347 vicibus

208 366 354 404 exemit,
381 364 542 410 ipfiusque
555 364 721 399 Antistem
734 363 839 399 sanxit
849 365 913 398 effe
941 374 1012 398 non
1034 373 1104 397 tan·

208 414 283 449 turn
305 415 558 460 Metropolitam
578 440 589 456 ‚
625 414 680 449 sed
703 414 738 447 ἀ
771 411 1066 457 Archiepiscopum
1087 437 1099 453 ,

209 466 266 500 feu
278 465 421 510 plurium
432 465 680 501 provinciarum
706 462 885 498 Primatem
899 488 906 495 .
970 475 1018 497 uae
1039 463 1104 501 late

209 515 314 550 habes
328 516 363 551 in
375 516 507 552 novella
520 516 562 551 ad
572 513 776 550 Catellinum
798 513 894 549 istius
915 514 955 558 Ju
985 514 1103 551 inianae

210 566 434 611 Episcopum.
461 564 706 600 Postmoduma
730 562 882 609 Bulgaris
907 564 1019 599 invasa
1042 563 1101 597 ista

210 628 289 651 cum
300 617 417 652 vicinis
432 614 644 661 Regionibus
654 613 771 649 civitas
785 614 832 649 est
855 613 940 649 facia
959 614 1101 658 ipsorum

209 667 343 712 Regia,
367 679 406 702 ac
416 665 508 700 simul
531 664 620 699 sedes
647 662 965 709 Archiepiscopalis.
993 662 1037 697 Et
1059 660 1101 697 de

207 717 279 761 ejus
297 716 443 761 superbia
464 714 575 749 scribit
612 713 778 759 Georgius
815 712 1100 758 Acropolitanus:

209 769 366 811 Busgariae
375 764 615 809 Archiepiscopus
628 767 798 799 Demetrius
814 788 827 805 ,
850 773 1006 806 tamquam
1024 768 1097 806 qui,

208 827 244 851 ut
253 814 314 860 ipse
318 816 501 858 fatebatur,
521 814 661 859 suiJuris
672 815 760 858 effet,
785 819 955 857 neminique
985 811 1034 857 sui
1046 813 1099 855 fa-

207 867 404 901 evirationem
417 867 538 900 reddere
549 872 713 911 teneretur,
744 864 866 907 ideoque
878 870 912 897 in
932 865 1000 906 eius
1014 871 1096 906 pote-

204 918 282 959 state
290 917 343 959 effe
353 916 496 960 quoslibet
510 940 521 956 ‚
547 916 582 949 Θ
593 914 766 957 ubicumque
777 939 789 956 ,
815 916 851 949 Θ
861 915 1100 958 quandocumque

205 969 254 1002 illi
274 967 391 999 libitum
406 964 511 1010 fuisset
536 987 547 1005 ,
582 968 676 1009 Reges
698 975 807 1009 ungere
829 987 842 1005 ,
876 962 1100 999 Theodorum

206 1016 425 1052 Comnenum
452 1041 464 1058 ‚
509 1014 647 1059 Imperii
689 1015 875 1050 invasorem
894 1040 906 1056 ,
952 1024 1071 1049 coronat
1090 1040 1097 1047 .

206 1065 313 1113 Qiod
337 1064 456 1101 eodem
469 1065 537 1110 jure
548 1066 640 1100 istius
649 1063 827 1099 Theodori
839 1077 880 1100 ex
892 1067 990 1100 fratte
1001 1077 1098 1109 nepo-

204 1126 275 1151 tem
294 1115 499 1152 Michaelem
521 1114 730 1151 coronaverit
750 1115 890 1160 Jacobus
912 1115 1099 1151 Acridenfis

205 1166 413 1211 Episcopus,
434 1166 570 1202 testatur
590 1166 755 1211 Georgius
778 1163 1017 1210 pachymeres.
1052 1166 1099 1199 A·

204 1216 360 1251 eridanus
371 1216 430 1251 iste
444 1226 581 1261 uterque
594 1215 778 1260 Episcopus
789 1216 969 1251 ostentavit
983 1217 1014 1249 se
1023 1239 1035 1256 ‚
1062 1214 1099 1248 li-

204 1275 259 1302 cet
270 1277 340 1301 non
349 1275 386 1300 ut
400 1266 616 1301 universalem
629 1291 640 1308 ,
667 1276 779 1300 tamen
790 1276 827 1300 ut
852 1266 1038 1310 supremum
1059 1276 1097 1299 ac

204 1316 250 1351 ab
259 1316 356 1351 omni
367 1315 512 1350 humana
525 1315 686 1360 potestate
713 1326 903 1360 exemptum
925 1314 1099 1359 Archiepi-

203 1366 363 1411 stopum,
398 1377 495 1410 atque
517 1368 565 1402 ita
587 1365 710 1410 duplex
734 1367 900 1401 commisit
926 1366 1092 1402 Schisma:

204 1416 243 1452 &
266 1416 491 1451 Eusebianum
515 1442 527 1458 ‚
558 1416 593 1452 δε
615 1415 836 1450 Photianum.
875 1417 1096 1451 Eusebianum

204 1465 298 1501 enim
309 1466 457 1501 Schisma
470 1466 637 1500 neminem
650 1466 800 1509 agnoscit
811 1467 998 1510 supremum
1009 1466 1097 1500 Pon-

199 1516 355 1557 tificem,
386 1516 441 1551 sed
465 1515 610 1550 Ecclefiae
631 1514 860 1550 Hier-archiam
885 1516 1024 1550 blaterat
1034 1516 1098 1549 effe

204 1564 477 1601 Aristocraticam
490 1591 501 1606 ,
528 1566 563 1600 in
576 1565 683 1608 plures
704 1563 965 1607 independentes
987 1575 1026 1598 ac
1048 1566 1098 1597 su-

204 1613 336 1659 premos
358 1617 541 1659 Episcopos
565 1613 702 1648 divisam
717 1637 725 1646 .
752 1613 959 1648 orientalem
982 1614 1097 1648 Eccle-

203 1665 307 1705 siam,
344 1664 517 1699 Photiano
538 1662 717 1698 Schismate
738 1663 912 1698 laceratam
930 1662 972 1698 ab
998 1665 1097 1699 Occi-

203 1714 331 1750 dentali
344 1738 356 1756 ,
379 1713 573 1749 Demetrius
585 1713 643 1747 ille
652 1712 806 1747 laceravit
818 1713 853 1746 in
869 1713 939 1746 duo
963 1713 1070 1757 capita
1084 1735 1096 1752 ‚

202 1764 355 1808 adeoque
376 1765 411 1799 &
434 1765 470 1798 in
493 1764 562 1798 duo
586 1773 746 1805 corpora,
771 1762 808 1796 ὅ(
829 1762 873 1796 sic
895 1762 998 1805 ipsam
1016 1762 1096 1796 fecit

202 1813 349 1850 biforme
362 1814 549 1848 monstrum
559 1837 566 1845 .
593 1811 735 1846 Acceffit
753 1811 863 1855 postea
877 1812 911 1846 &
923 1821 1096 1856 exemptus

202 1863 355 1899 Triboni
379 1864 580 1908 Episcopus,
615 1871 714 1906 atque
738 1862 785 1895 ita
806 1861 935 1896 divulsa
956 1861 975 1895 a
997 1861 1096 1896 nobis

201 1912 338 1950 Latinis
350 1915 464 1948 Graeca
475 1911 706 1947 christianitas
727 1911 828 1955 coepit
849 1911 913 1945 effe
933 1910 1095 1945 Cerberus

200 1965 343 2008 triceps.
377 1963 505 1998 Eodem
522 1962 605 1996 fastu
616 1960 773 1996 laborasse
786 1961 935 1996 Leonem
957 1961 1091 2004 Episco-

200 2025 285 2058 pum
294 2013 496 2048 demonstrat
517 2013 707 2047 communis
733 2011 801 2053 ejus
824 2022 901 2045 cum
924 2010 1094 2046 Michaele

199 2063 247 2099 ad
260 2065 423 2108 Joannem
432 2062 542 2096 Trani
553 2061 750 2095 Antistitem
767 2060 934 2104 Epistola:
967 2060 1096 2094 Michael

201 2112 388 2156 universalis
403 2111 586 2145 Patriarcha
599 2122 686 2144 novae
695 2114 796 2144 Romae
808 2134 819 2150 ‚
844 2112 879 2145 ὁ·
904 2114 964 2144 Leo
990 2111 1094 2144 Archi-

202 2161 354 2205 epifiopus
376 2163 514 2201 Atridae,
539 2163 711 2203 Metropolis
735 2162 955 2205 Bulgarorum,
989 2161 1093 2195 dileHo

198 2212 431 2260 fratriJoanni
457 2209 602 2252 Tranensi
624 2210 783 2254 Episcopo.
815 2210 961 2254 Superba
984 2211 1093 2245 norni-

204 2273 288 2299 num
299 2260 491 2305 conjunctio
502 2261 632 2298 videtur
652 2261 784 2297 asserere
806 2268 982 2307 utrumque
1009 2260 1092 2295 indi-

202 2311 422 2360 pendentem.

254 2361 345 2409 Qis
362 2363 397 2396 ὅσ
414 2361 520 2406 qualis
542 2359 640 2395 fuerit
663 2360 723 2395 iste
746 2362 889 2405 Ioannes
910 2360 1090 2396 Tranenfis

203 2410 408 2456 Episcopus,
434 2422 505 2445 non
515 2410 622 2445 habeo
632 2422 858 2456 compertum.
889 2412 1009 2451 Forsan
1023 2412 1091 2446 fue-

202 2461 248 2495 rit
268 2459 347 2502 ille,
371 2462 414 2496 de
425 2462 541 2507 quoin
564 2461 680 2498 litteris
701 2460 742 2498 ad
765 2472 882 2496 omnes
905 2461 1097 2497 Cardinales

208 2510 409 2555 Episcopos‚
447 2511 590 2545 nimiam
615 2511 864 2545 Pontii-“realium
886 2522 1095 2549 ornamento-

203 2561 467 2605 rumsuperbiam
481 2571 601 2595 notans
624 2562 660 2595 in
682 2561 877 2605 quibusdam
900 2561 1094 2606 Episcopis,

203 2610 316 2645 scribit
328 2611 462 2646 Sanstus
475 2611 591 2645 Petrus
612 2612 772 2646 Damiani
787 2626 798 2647 ,-
825 2616 1001 2654 Numquam
1018 2614 1095 2646 certe

203 2659 308 2702 vidisse
328 2673 374 2694 me
392 2666 514 2695 memini
527 2661 714 2703 Ponti-ficales
727 2662 845 2695 baculos
867 2671 931 2695 tam
954 2669 1090 2698 continuo

203 2709 359 2743 radiantis
370 2712 482 2742 metalli
494 2716 586 2745 nitore
596 2711 739 2745 cometus
752 2734 763 2752 ,
790 2711 865 2754 ficut
884 2721 974 2746 erant
985 2737 996 2753 ,
1037 2719 1090 2757 qui

204 2758 246 2792 ab
255 2761 285 2791 E
284 2757 405 2802 [bulanu
419 2766 511 2800 atque
531 2760 673 2804 Tranenfi
688 2761 884 2806 gestabantur
909 2762 1068 2806 Epiftopn
1080 2789 1087 2796 .

203 2812 332 2850 Uterque
359 2817 460 2842 tamen
473 2832 484 2848 ,
508 2810 587 2842 alter
611 2815 644 2843 in
673 2813 778 2853 Apulis
800 2811 937 2854 finibus,
965 2814 1091 2848 Nicolao

205 2857 383 2902 praefidente
401 2882 411 2898 ‚
449 2859 524 2891 alter
543 2864 575 2891 in
601 2861 800 2903 Lateranenfi
823 2862 954 2904 Ecclesia
989 2875 1089 2898 coram

204 2909 381 2943 Alexandro
418 2912 560 2942 Romanis
596 2909 785 2951 Pontificibus
810 2935 821 2951 ,
854 2909 928 2955 sunt
967 2914 1090 2956 deiecit.

203 2957 334 2993 Partim
344 2959 523 2999 Romanae,
548 2959 667 3002 partim
679 2970 720 2992 ex
733 2961 861 3005 vigenti
873 2960 983 2996 adhuc
1005 2964 1090 3003 Leo·

204 3008 260 3042 nis
271 3009 369 3043 Isauri
388 3008 545 3043 violentia
566 3007 950 3053 Constantinopolitanae
974 3012 1088 3048 Eccle-

204 3057 415 3102 fiaeparebant
431 3059 607 3103 Apuliae&
630 3058 812 3094 vicinarum
835 3062 986 3105 gentium
1008 3062 1086 3106 Epi-

205 3107 319 3151 scopi,
345 3108 537 3154 videturque
548 3109 755 3152 Joannesiste
766 3109 886 3144 fuiffee
908 3113 1090 3155 posteriori-

208 3155 289 3195 bus.
326 3157 376 3192 Ita
393 3159 501 3194 suadet
521 3158 675 3203 Epistolae
696 3159 862 3203 praefatio:
904 3165 957 3195 Dei
979 3175 1089 3206 magna

207 3207 328 3243 dilec‘lio
351 3208 528 3250 &jucunda
537 3208 741 3252 compositionis
752 3208 868 3253 viscera
875 3210 1025 3252 flexerunt
1036 3224 1089 3246 nos

205 3255 331 3301 scribere
343 3258 390 3291 ad
406 3267 489 3291 tuam
498 3260 694 3294 5an8itatem
705 3285 715 3300 ,
741 3262 775 3294 (tt
780 3269 836 3302 per
861 3269 890 3295 tt
903 3263 949 3294 ad
966 3268 1089 3297 univer-

207 3305 255 3351 sos
267 3309 421 3350 Principes
431 3310 617 3343 sacerdotum
629 3335 640 3352 ‚
663 3311 697 3344 Θ
706 3311 878 3345 sacerdotes
889 3314 1074 3346 Francorum
1082 3337 1092 3355 ‚

210 3358 247 3392 ό·
262 3357 419 3391 Monacbos
431 3360 600 3400 &Populos
617 3383 628 3399 ‚
653 3362 689 3396 Θ
705 3362 750 3394 ad
762 3359 858 3404 ipsum
879 3364 1092 3404 Reverendiffi-

210 3417 292 3439 aum
302 3411 438 3451 Papam.
466 3408 632 3443 Videntur
644 3407 710 3444 haec
722 3421 791 3446 non
803 3411 846 3447 ad
865 3413 978 3447 alienas
996 3413 1091 3447 Dioe-

1171 177 1406 224 Nonl
1474 178 1773 223 Acrls.
1885 191 1978 237 311

1164 262 1309 296 Francos
1322 259 1472 308 intellige
1484 257 1728 305 Longobardos
1736 259 1772 294 δε
1794 255 2025 303 Nortmannos
2034 275 2048 297 .-

1163 311 1240 345 Hos
1250 312 1342 345 enim
1352 321 1434 346 tunc
1444 311 1479 345 in
1491 309 1585 345 ltalia
1594 309 1806 347 dominantes
1819 309 1924 345 Graeci
1937 312 2050 356 paffim

1164 361 1373 405 appellabant
1394 362 1557 396 Francos,
1596 359 1651 398 Ex
1671 358 1809 395 laudatis
1829 360 1939 395 Sanffi
1959 361 2051 397 Petri

1164 411 1324 447 Damiani
1335 411 1441 447 verbis
1464 410 1553 447 hisce
1574 411 1592 445 a
1613 410 1762 447 Nicolao
1792 411 1937 447 secundo
1957 411 2052 448 fuiffe

1164 460 1358 498 celebratam
1375 459 1547 506 Synodum
1577 461 1614 495 in
1648 459 1771 506 Apulia
1791 486 1799 495 .
1838 462 1883 495 Et
1905 461 1973 496 illic
1992 471 2052 498 aut

1164 512 1369 549 Tranensem
1395 536 1408 553 ,
1433 521 1489 546 aut
1510 511 1713 548 Esculanum
1736 511 1936 557 Episcopum
1955 512 2051 550 fuisse

1163 562 1379 608 degradatum
1391 587 1399 596 .

1212 613 1296 663 Qae
1319 611 1435 648 omnia
1455 611 1631 646 confirmat
1655 610 1691 645 in
1713 611 1829 647 litteris
1850 612 1893 648 ad
1913 613 2050 649 Petrum

1163 661 1352 699 Antiochiae
1362 660 1586 697 Patriarcham
1598 661 1746 705 praefatus
1770 662 1958 699 Patriarcha
1982 664 2050 700 Mi-

1161 712 1270 748 chael.
1300 712 1571 756 Apostolicorum
1580 709 1621 744 ad
1633 712 1664 744 se
1675 712 1877 756 Legatorum
1890 715 1973 749 Asta
1996 725 2055 751 ex.

1162 763 1280 808 ponit,
1307 763 1394 806 ipsos
1405 761 1446 796 de
1467 760 1575 796 multo
1597 762 1724 797 excelsu
1744 761 1983 804 calumniatur,
2009 776 2051 799 ac

1160 813 1266 858 pergit
1279 826 1290 848 .-
1316 817 1391 846 Haec
1401 814 1474 846 vero
1480 810 1588 845 techna
1596 817 1731 854 apertius
1744 810 1807 849 fuit
1820 812 2004 855 deprehensa
2014 816 2050 848 Θ

1160 861 1353 905 manifestata
1374 862 1415 896 ab
1438 859 1656 905 Arcbiepiftopo
1680 860 1828 904 Tranenfi
1840 862 1874 896 (τ
1903 863 2053 903 syncello,

1159 920 1211 957 qui
1220 914 1289 948 inde
1298 914 1342 947 ad
1352 925 1405 946 nos
1418 918 1505 946 venit
1517 936 1529 952 ‚
1554 913 1590 946 <2⁴
1599 923 1703 945 veram
1712 923 1810 945 eorum
1821 936 1832 952 ,
1858 912 1972 957 utique
1982 912 2052 947 Ro-

1160 974 1358 1005 manorum,
1382 971 1510 996 mentem
1519 968 1639 1005 aperuit
1644 968 1761 1004 potenti
1783 964 1818 996 ό·
1834 960 1940 1007 sanc‘lo
1960 963 2052 1004 nostro

1160 1018 1360 1057 Imperatori.
1386 1012 1541 1048 Affirmat
1561 1012 1660 1047 istum
1680 1013 1840 1057 Joannem
1862 1013 1957 1047 fuisse
1978 1025 2049 1048 non

1160 1062 1371 1100 solummodo
1392 1063 1495 1098 fidum
1518 1062 1578 1097 fibi
1599 1063 1832 1105 symmistam,
1860 1064 1914 1098 sed
1934 1064 1969 1098 ὅ(
1990 1064 2050 1099 Pa·

1160 1113 1365 1150 triarchalern
1382 1113 1575 1158 Syncellum
1584 1138 1592 1146 .
1619 1112 1665 1147 Et
1675 1111 1742 1147 haec
1752 1123 1820 1148 erat
1833 1125 1901 1148 non
1915 1114 2049 1148 modica

1159 1164 1320 1211 dignitas.
1347 1162 1486 1209 Largius
1510 1163 1650 1208 exponit
1666 1163 1822 1206 antiquus
1842 1162 2048 1199 Schismaticl

1161 1215 1314 1251 Graeciin
1334 1213 1713 1257 Constantinopolitano
1735 1213 1872 1250 Parrum
1893 1213 2050 1249 Praedica·

1160 1275 1270 1300 torum
1293 1265 1475 1300 Conventa
1495 1274 1638 1309 repertus
1661 1264 1857 1299 Trastatus:
1895 1268 2049 1297 Romanus

1162 1315 1326 1358 Pontifex,
1356 1317 1389 1350 ὼ·
1402 1326 1501 1348 omnes
1520 1320 1659 1356 partium
1682 1315 1914 1349 occidentalium
1938 1318 2048 1347 Latini

1160 1367 1326 1400 Sacerdotes
1337 1367 1372 1400 Θ·
1385 1369 1470 1399 Laici
1483 1389 1493 1404 ‚
1514 1372 1628 1406 praeter
1652 1364 1803 1398 Calabros
1815 1388 1826 1405 ‚
1862 1374 1933 1398 ante
1951 1365 2050 1398 multa

1161 1425 1294 1459 tempora
1304 1424 1393 1450 extra
1415 1413 1606 1449 catholicam
1629 1413 1788 1456 Ecclesiam
1804 1423 2022 1458 pervagantur
2036 1439 2050 1455 ,

1160 1468 1190 1496 E
1194 1466 1414 1508 vangelicarum
1426 1466 1461 1498 (9·
1473 1463 1697 1504 apostolicarum
1707 1464 1904 1496 traditionum
1927 1468 2049 1507 ignari,

1161 1518 1195 1550 ὁ·
1208 1516 1228 1547 ἃ
1234 1515 1298 1556 fide
1308 1515 1400 1547 alieni
1414 1538 1422 1545 .
1446 1517 1536 1545 Nam
1548 1515 1582 1547 &
1594 1512 1794 1545 Tbeutonicia
1819 1517 1959 1546 Gentium
1982 1518 2052 1546 riti-

1160 1564 1214 1596 bus
1221 1564 1332 1606 parum
1345 1561 1520 1605 discordant
1535 1586 1546 1601 ‚
1573 1568 1605 1595 in
1619 1565 1716 1594 Deum
1738 1566 1824 1603 impii
1832 1575 1847 1604 ;
1877 1561 1937 1605 sed
1958 1564 2052 1595 Cala·

1158 1613 1207 1646 brt·
1217 1638 1229 1653 ,
1255 1614 1290 1647 ὦ·
1299 1624 1342 1646 cae
1348 1619 1405 1647 teri
1416 1611 1609 1652 orthodoxi,
1628 1611 1703 1653 ficut
1713 1612 1882 1654 antiquitus
1893 1637 1904 1653 ‚
1933 1613 1968 1645 (Ὗ
1978 1617 2054 1654 Apo-

1152 1662 1420 1702 stolicaet‘rnostrae
1443 1660 1580 1702 Ecclefiae
1601 1662 1736 1702 alumni,
1763 1664 1829 1703 ejus
1854 1661 1985 1695 moribus
2006 1668 2053 1696 in*

1150 1711 1284 1753 formati
1288 1709 1361 1754 sunt
1371 1736 1378 1744 .
1403 1710 1471 1746 Sub
1483 1709 1632 1745 Calabris
1642 1710 1909 1755 intelligitetiam
1919 1710 2052 1755 Apulos

1157 1761 1192 1796 &
1206 1762 1359 1795 Brutios.
1387 1761 1437 1795 Hi
1449 1760 1539 1794 enim
1563 1772 1619 1803 per
1638 1760 1874 1805 Imperatorem
1897 1761 2051 1800 Leonem

1156 1810 1304 1846 Isaurum
1315 1810 1333 1844 ὲ
1345 1811 1500 1845 Romana
1515 1810 1613 1844 avulsi
1636 1810 2051 1854 constantinopolitanam

1158 1859 1422 1896 Patriarehalem
1447 1859 1648 1895 Cathedram
1663 1860 1839 1895 coluerunt
1861 1860 1988 1902 zelose‚
2016 1862 2052 1901 δε

1158 1910 1336 1946 Michaelis
1347 1911 1521 1947 factionem
1536 1910 1612 1945 sunt
1621 1921 1698 1944 cum
1709 1911 1835 1954 impetu
1848 1911 1959 1948 sectati
1971 1936 1978 1943 .
2004 1911 2052 1949 Et

1156 1960 1294 1995 istorum
1305 1959 1510 2004 Coryphaeus
1522 1969 1591 1995 erat
1603 1961 1746 2003 Joannes
1767 1960 1945 1994 Tranenfis
1973 1960 2054 2004 Epi·

1157 2012 1292 2055 scopus.
1319 2011 1414 2045 Hinc
1425 2010 1495 2044 suas
1506 2010 1548 2045 ad
1569 2010 1675 2054 ipsum
1697 2010 1820 2044 litteras
1843 2010 1964 2045 direxit
1984 2010 2051 2045 Mi-

1159 2059 1270 2096 chael:
1297 2060 1524 2104 Hincipfius,
1548 2060 1640 2104 quod
1670 2060 1816 2095 Romam
1838 2060 1957 2095 deduci
1977 2071 2050 2095 non

1157 2112 1262 2155 posset
1284 2135 1296 2151 ,
1330 2110 1536 2156 degradandi
1570 2111 1666 2146 causa
1700 2110 1866 2146 Nicolaus
1885 2111 2048 2146 secundus

1157 2161 1298 2205 perrexit
1308 2161 1344 2195 in
1358 2160 1516 2204 Apuliam
1531 2185 1538 2192 .

1208 2212 1306 2246 Facta
1328 2208 1397 2245 haec
1420 2211 1484 2245 effe
1507 2210 1549 2245 ad
1570 2219 1791 2247 memoratum
1821 2211 2051 2258 quinquagesi-

1157 2273 1248 2296 mum
1271 2261 1408 2296 tertium
1429 2272 1556 2298 annum
1575 2261 1693 2297 diserte
1712 2258 1837 2297 scribit¹
1858 2263 2049 2309 sigebertus

1156 2311 1399 2346 Gemblacensis
1412 2325 1423 2346 :
1449 2315 1564 2345 Graecis
1583 2317 1615 2345 in
1626 2312 1765 2355 Haerest‘m
1775 2314 1987 2355 multiformem
1998 2316 2051 2349 de-

1152 2362 1336 2396 clinantibus
1352 2386 1365 2403 ,
1391 2363 1508 2397 auam
1521 2361 1667 2396 Michaele
1678 2363 1857 2397 Patriarcba
1877 2364 2045 2405 Constanti-

1153 2414 1320 2455 nopolitano
1330 2437 1341 2454 ,
1354 2413 1389 2447 ὁ·
1402 2416 1499 2446 Leone
1509 2414 1656 2446 acridano
1670 2414 1871 2458 Balgarorum
1884 2413 2043 2457 Episcopo,

1153 2466 1212 2496 Leo
1226 2467 1314 2504 Papa
1322 2474 1434 2496 errores
1445 2473 1543 2496 eorum
1576 2464 1776 2506 redarguens,
1798 2463 1915 2507 scripsit
1934 2474 2042 2499 contra

1149 2524 1197 2546 eos
1207 2513 1318 2547 librum
1323 2512 1424 2555 firmis
1435 2511 1653 2557 scripturarum
1662 2513 1834 2554 testimoniis
1847 2514 2018 2548 roboratum
2036 2540 2045 2548 .

1148 2567 1278 2597 Niceros
1287 2571 1387 2597 autem
1412 2563 1575 2597 Monachus
1596 2563 1937 2607 constantinopolitanus
1951 2590 1961 2606 ‚
1991 2570 2045 2608 qui

1147 2612 1399 2657 agnominabatur
1409 2611 1582 2647 PeHoratus
1600 2638 1612 2654 ‚
1637 2612 1753 2657 scripsit
1774 2624 1876 2649 contra
1891 2619 2045 2648 Romanor

1145 2663 1381 2706 librumplcnum
1393 2670 1501 2697 erroris
1512 2665 1548 2698 (9
1565 2663 1726 2704 stultitiae,
1748 2667 1978 2707 pra-titulatum
2003 2666 2043 2698 de

1146 2717 1250 2753 Azymo
1261 2737 1272 2753 ,
1285 2713 1322 2746 de
1333 2712 1485 2746 Sabbatha
1501 2737 1511 2753 ,
1525 2716 1562 2747 de
1571 2719 1687 2756 nuptiis
1698 2716 1885 2748 Sacerdotum
1896 2739 1903 2746 .
1932 2713 2040 2757 Quod

1144 2763 1250 2808 ipsum
1261 2763 1400 2797 lucetex
1413 2763 1521 2797 Sancti
1534 2764 1656 2805 Leonis
1671 2765 1752 2798 noni
1775 2762 1927 2798 adversus
1951 2764 2044 2803 Leo-

1145 2825 1223 2848 nem
1235 2811 1451 2849 Acridensem
1463 2813 1496 2847 &
1509 2812 1734 2849 Patriarcham
1760 2813 1944 2848 Michalem
1969 2814 2036 2848 Re,

1144 2864 1264 2908 scripto
1276 2876 1288 2897 .·
1314 2865 1393 2897 Ecce
1405 2865 1478 2904 jam
1484 2863 1548 2905 post
1563 2865 1644 2897 mille
1654 2876 1689 2898 ac
1693 2864 1796 2906 ferme
1807 2870 1921 2909 viginti
1935 2865 1955 2895 ἃ
1966 2862 2040 2906 Pafi

1138 2912 1214 2956 fione
1224 2914 1396 2947 Salvatoris
1420 2912 1508 2954 nostri
1524 2924 1620 2947 annos
1643 2919 1749 2957 incipit
1766 2923 1824 2958 per
1848 2926 1901 2949 vos
1927 2912 2042 2956 diftero

1143 2968 1279 2997 Romana
1288 2962 1432 3005 Ecclesia,
1458 2964 1588 3006 qualiter
1598 2970 1743 2998 memoria
1768 2963 1902 3007 ejusdem
1937 2965 2043 3004 Paffio-

1144 3021 1191 3048 nis
1204 3014 1244 3056 fit
1265 3015 1419 3047 recolenda
1433 3039 1441 3046 .
1468 3013 1629 3054 Currebat
1654 3015 1747 3050 enim
1767 3024 1848 3050 tunc
1862 3014 1879 3047 ὲ
1894 3014 2040 3050 Domini

1143 3064 1329 3099 Nativitate
1339 3073 1446 3097 annus
1457 3064 1644 3100 millesimus
1667 3063 1954 3109 quinquagesimus
1975 3073 2039 3099 ter-

1143 3115 1228 3156 tius,
1255 3112 1588 3157 ideoqueal’asfione
1599 3114 1774 3159 vigesimus
1799 3114 1943 3150 necdum
1967 3123 2038 3153 etat

1141 3163 1324 3207 completus
1339 3188 1347 3195 .

1194 3215 1227 3249 N
1231 3214 1329 3249 icetas
1339 3211 1396 3248 iste
1407 3212 1597 3248 pestoratus
1610 3213 1674 3249 fuit
1685 3213 1721 3248 in
1746 3214 1927 3250 Constanti
1933 3225 2038 3258 nopo-

1143 3264 1250 3303 litano
1260 3262 1367 3298 Studii
1381 3263 1551 3301 Goenobio
1563 3264 1857 3303 Hieromonachus
1872 3290 1884 3307 ‚
1910 3264 1951 3300 de
1963 3276 2034 3309 quo

1143 3314 1243 3349 titulo
1262 3315 1299 3348 in
1317 3312 1461 3348 Scholiis
1482 3312 1523 3349 ad
1559 3315 1750 3350 Graecorum
1785 3315 2030 3359 Euchologion

1145 3363 1252 3399 scribit
1263 3364 1405 3408 Joannes
1416 3364 1524 3399 Goar:
1554 3368 1700 3399 Diaconos
1715 3366 1898 3407 Monacbos,
1927 3367 2036 3397 Hiero·
2060 3368 2125 3404 Sch.
2155 3380 2200 3403 ιο.

2072 2290 2129 2320 An.
2143 2298 2227 2327 1058--

1145 3416 1302 3456 diaconos,
1329 3414 1517 3454 Presbytero:
1526 3414 1686 3450 Monacbos
1706 3419 1804 3451 Graeci
1827 3422 2021 3452 Hieromona-

210 3455 329 3498 eefios,
351 3458 453 3495 sedad
467 3457 636 3497 subditum
657 3460 859 3517 Episcopum
879 3462 998 3509 dirigi.
1026 3463 1091 3502 Per
1144 3463 1210 3500 cbos
1226 3463 1300 3511 sunt
1316 3465 1466 3509 appellare
1484 3463 1628 3509 consueti.
1656 3464 1760 3520 Quod
1795 3474 1913 3507 nempe
1938 3460 2033 3497 varia

1922 3512 1994 3552 san-
