2352 3736
592 164 867 209 SECUNDA
902 163 1292 208 Paooemaus
1334 162 1760 226 DisseR'tAtro,

1259 243 1322 277 niae
1331 242 1444 287 abyffo
1457 243 1657 284 liberandam
1675 252 1740 287 fuit
1759 252 1777 287 a
1800 248 1954 285 Romana
1974 248 2143 286 cathedra
2200 257 2211 263 ⁴

1257 293 1382 338 legatus
1404 294 1538 329 Sanetus
1551 295 1666 332 Petrus
1687 300 1845 336 Damiani
1871 325 1882 341 ,
1910 299 2141 346 Archiepisco-

1257 355 1315 387 pus
1335 342 1487 388 exigebat
1509 345 1667 391 pauculos
1686 348 1848 385 denarios.
1880 350 1924 385 Et
1948 350 2106 394 plurimos
2125 376 2140 393 ,

1254 393 1417 437 quietiam
1428 394 1564 431 unicum
1577 397 1609 431 in
1622 398 1740 441 quovis
1762 399 1966 436 sacramento
1984 403 2139 436 aradium

1253 444 1574 489 denariumdeplena
1600 447 1749 482 simonia
1772 445 1953 491 damur,
1978 451 2137 485 Canones

1252 493 1336 526 infra
1348 494 1406 528 suo
1429 494 1506 529 loco
1529 496 1747 532 adducentur.
1779 499 1822 533 Et
1843 494 2137 546 Malmesbetieniis

1251 542 1409 577 Coenobii
1432 543 1580 582 Electum
1607 571 1619 588 ,
1644 549 1734 593 quod
1755 549 1819 582 una
1842 559 1920 582 cum
1938 549 2135 592 supplicibus

1250 604 1307 637 pro
1333 595 1535 638 impetranda
1557 598 1812 633 confirmatione
1834 598 1951 632 litteris
1974 598 2131 642 scyphum

1251 643 1399 685 misisset,
1425 645 1707 683 utiSimoniacum
1721 650 1854 693 rejecit,
1880 650 1913 682 ὃς
1927 659 1987 681 nec
1999 649 2039 682 ad
2062 648 2135 684 Ma-

1249 693 1362 728 thildis
1384 695 1540 739 Augusta
1560 708 1668 741 preces
1700 699 1895 734 diffimulare
1930 697 2036 731 voluit
2059 699 2134 733 San—

1247 744 1316 777 stus
1336 745 1512 779 Anseimus
1535 771 1546 787 ‚
1570 748 1719 783 *asserens
1740 751 1772 783 se
1795 762 1862 784 non
1888 749 1998 783 videre
2017 773 2027 788 ‚
2065 760 2134 791 9¹1⁰·

1246 796 1330 827 modo
1351 796 1400 828 ille
1421 796 1443 827 ἃ
1466 798 1552 838 culpa
1571 798 1663 841 poffit
1683 798 1832 842 excusari.
1862 801 1997 834 Etenim
2025 798 2073 831 uti
2094 793 2131 834 in
2147 813 2178 845 L'·
2201 824 2230 852 5,
2250 817 2304 855 gp,

1245 855 1278 878 re
1305 845 1368 878 levi
1390 844 1530 888 pejerare
1551 872 1563 888 ,
1589 849 1646 894 ¹ita
1667 860 1736 883 rem
1761 851 1880 885 sacram
1904 851 1961 883 vili
1983 848 2130 884 vendere
2151 864 2215 887 120.

1245 894 1290 928 est
1312 906 1410 940 grave
1430 905 1598 939 peccatum
1629 923 1640 939 ,
1681 899 1785 934 imme>
1805 901 1838 934 &
1860 900 1988 946 gravius
2014 912 2021 931 :
2049 900 2128 942 quia

390 179 453 226 54

310 247 641 289 ‘venaliajudlcaentum
670 246 715 278 ad
725 248 781 279 Dei
788 243 948 288 servitium
970 252 1027 275 non
1037 247 1106 276 vita
1114 254 1195 286 quae-

312 305 394 332 titur
416 322 428 337 ,
458 296 518 340 sed
539 301 634 339 magis
660 304 760 329 contra
782 298 878 328 Deum
895 298 1027 334 pecuniae
1047 303 1194 327 veneran-

308 356 386 382 tur.
411 345 609 389 Absquetali
623 369 634 385 ,
661 345 766 389 palam
779 342 948 380 haeretico,
974 341 1098 385 judicio
1121 354 1190 378 non

311 398 415 440 potest
429 395 663 431 effesimonia.
693 391 888 434 Respondeo
899 391 997 426 aliam
1018 393 1082 427 esse
1106 404 1192 427 rnen·

310 446 375 486 tis,
401 445 499 481 aliam
519 446 626 489 operis
644 441 831 477 idolatriam
853 464 861 473 .
890 441 1026 476 Etenim
1046 442 1104 487 qui
1126 452 1190 478 tor-

309 505 498 530 mentorum
509 502 596 529 metu
609 516 620 533 ‚
647 500 703 526 aut
722 491 911 535 temporalis
931 490 1014 525 boni
1032 493 1193 536 cupidita·

308 556 343 580 te
365 546 493 580 adaeius
512 543 604 578 idolo
624 550 741 575 contra
763 542 999 576 conscientiam
1019 541 1096 576 thus
1116 542 1190 577 ado-

306 595 355 630 let
368 619 379 635 ‚
400 605 503 628 veram
526 590 659 635 quidem
681 614 694 632 ,
728 590 783 625 sed
801 592 902 625 soiius
920 593 1026 635 operis
1046 616 1058 633 ,
1084 602 1188 636 patrat

306 644 543 679 idololatriam.
570 640 680 676 Potest
700 641 817 685 &quis
838 653 949 676 mente
970 640 1189 677 Orthodoxus

305 698 387 727 voce
411 692 537 727 haerefin
557 691 722 735 profiteri,
751 692 854 734 potest
875 693 908 725 δε
933 703 1048 736 opere.
1075 694 1120 726 Et
1144 693 1186 726 ita

304 744 382 777 facit
392 766 402 782 ,
413 743 468 785 qui
478 741 521 776 de
532 742 669 784 Spiritus
681 741 788 778 Sancti
804 743 838 775 δε
851 741 1051 777 donatarum
1064 743 1106 776 ab
1118 744 1186 784 ipso

302 791 651 837 gratiarumdignitate
661 793 779 826 rectum
799 792 917 833 sentit,
939 793 976 830 δε
997 801 1105 826 tamen
1129 791 1187 826 hu-

301 841 548 877 manalibidine
569 850 739 885 corruptus
760 841 876 876 eadem
899 851 1076 876 mercatur.
1104 844 1184 877 Hoc

300 894 390 927 stnsu
401 903 534 930 omnem
545 891 729 929 Simoniani
740 891 850 928 Patres
863 892 1025 930 affirmant
1038 894 1102 930 effe
1124 892 1184 929 hae-

127 1187 157 1216 1..
173 1195 203 1222 ς,
226 1186 273 1218 tit.

126 1233 187 1266 3⁸20
198 1230 240 1258 18,

118 1718 147 1751 L
167 1728 193 1757 ς·
212 1730 241 1754 ev

108 1767 161 1800 3}-

298 943 379 977 resin
391 967 399 976 .

349 994 476 1041 Qarta
487 995 618 1037 quaestio
629 993 678 1029 est'
690 1019 701 1036 ,
728 993 783 1030 An
796 995 944 1030 Simonia
959 995 1004 1031 ob
1023 1006 1182 1039 tempora·

297 1043 339 1077 lis
350 1045 488 1079 muneris
499 1069 509 1085 ,
536 1044 590 1080 seu
602 1046 742 1080 materiae
752 1046 961 1091 exiguitatem
975 1047 1067 1090 poffit
1081 1071 1090 1086 ,
1103 1044 1181 1079 alio-

297 1105 369 1128 rum
386 1095 563 1129 criminum
587 1108 679 1130 more
701 1121 712 1137 ,
749 1096 930 1137 decrescere
954 1098 988 1129 in
1012 1105 1179 1139 peccatum

296 1144 466 1179 dumtaxat
479 1146 603 1180 veniale
618 1147 634 1178 .?
645 1146 825 1180 Rationem
838 1145 1011 1181 dubitandi
1023 1145 1179 1180 submini-

296 1195 417 1228 strat'in
430 1194 545 1230 litteris
557 1196 596 1230 ad
611 1197 873 1241 strigoniensem
886 1195 1177 1240 Archiepiscopum

296 1245 508 1280 Innocentius
538 1247 652 1281 tertius
679 1271 686 1279 .
726 1247 770 1281 Et
794 1247 923 1280 dietum
949 1244 1176 1288 Archiepisco-

292 1305 395 1338 pum,
421 1296 544 1329 &dicti
566 1296 739 1331 Pontificis
759 1295 968 1331 cardinalem
990 1297 1175 1340 Legatum,

292 1347 350 1387 qui
362 1346 452 1379 istius
465 1346 657 1380 electionem
666 1347 700 1380 <Sc
712 1346 991 1380 consecrationem
1003 1346 1080 1381 dato
1104 1346 1173 1379 Pal-

288 1395 338 1428 lio
373 1395 621 1430 confirmaturus
647 1418 658 1435 ,
693 1396 762 1430 fine
787 1398 970 1440 equitatura
1008 1408 1061 1440 per
1088 1408 1175 1430 mare

289 1445 326 1478 in
339 1445 548 1489 Hungariam
572 1454 702 1480 venerat
716 1470 727 1485 ‚
753 1446 843 1487 quod
862 1446 903 1479 ab
927 1446 1174 1489 Archiepiscopi

287 1493 408 1534 fiatre,
433 1495 505 1528 viro
529 1494 635 1528 nobili
657 1506 695 1528 ac
715 1494 864 1537 potenti,
890 1497 1084 1538 generosum
1111 1499 1175 1530 suis

287 1544 457 1588 portandis
478 1544 609 1578 sarcinis
633 1554 756 1586 equum
783 1543 956 1586 accepisset
985 1568 995 1585 ,
1037 1546 1172 1588 quidam

287 1595 479 1630 accusarunt
497 1594 539 1628 de
563 1595 732 1633 simonia,
758 1593 989 1636 consultusque
1019 1594 1173 1630 Pontifex

287 1644 452 1688 respondit
463 1644 549 1687 apud
573 1644 774 1689 Gregorium
799 1655 945 1678 nonum:
973 1649 1009 1677 In
1032 1652 1171 1687 accipien-

287 1697 337 1729 dis
351 1695 402 1728 vel
420 1695 534 1727 dandis
556 1695 723 1727 muneribus
746 1698 806 1726 tria
823 1693 898 1737 sunt
914 1696 964 1727 vel
984 1698 1117 1729 maxime
1127 1706 1172 1729 at-

285 1745 442 1779 tendenda
454 1769 464 1785 ,
492 1742 622 1786 Persium
633 1745 740 1777 dantis
753 1769 763 1784 ‚
793 1746 1005 1786 &accipientis
1016 1747 1148 1788 qualitas
1162 1772 1172 1788 ,

287 1800 452 1839 quantitas
462 1799 591 1828 muneris
606 1819 616 1834 ,
642 1796 854 1829 &donationis
862 1803 997 1837 tempus.
1026 1797 1170 1840 ,Qualitas

1244 944 1346 988 major
1370 946 1502 980 Divinae
1523 947 1704 990 Maiestatis
1731 949 1848 993 injuria
1870 977 1877 984 .
1906 949 1996 983 Nam
2024 949 2129 984 flocci

1242 994 1353 1030 fieri&
1366 996 1519 1031 vendiest
1533 997 1634 1032 etiam
1660 1000 1745 1043 apud
1766 1000 1855 1045 leges
1874 999 1984 1035 civiles
2006 999 2125 1045 insigni

1241 1044 1332 1102 servo
1342 1046 1444 1089 turpis
1457 1046 1642 1094 ignominia
1654 1073 1662 1081 .
1688 1050 1802 1101 Qare
1814 1049 1882 1084 haec
1904 1050 2065 1085 sententia
2075 1049 2125 1085 est

1241 1105 1380 1130 ommno
1394 1107 1467 1130 vera
1479 1121 1487 1129 .
1898 1120 1901 1122 -
1930 1117 1932 1121 ν
1993 1115 1995 1118 ·
2120 1116 2126 1122 ν

1290 1143 1472 1180 Adversum
1485 1155 1715 1191 argumentum
1723 1151 1860 1192 exponit
1883 1143 1948 1194 ipse
1963 1151 2125 1186 Pontifex·

1241 1196 1474 1229 Innocentius:
1500 1195 1746 1241 ,Quodscriptum
1757 1199 1794 1236 est
1813 1223 1824 1239 ,
1849 1201 1964 1233 Beatus
1976 1207 2127 1242 quietem-

1237 1251 1275 1278 tit
1287 1257 1394 1279 manus
1407 1246 1446 1278 ab
1457 1253 1536 1279 amm·
1544 1257 1661 1280 munere
1670 1273 1680 1288 ,
1708 1250 1746 1281 de
1756 1250 1818 1281 illis
1832 1250 1919 1283 donls
1938 1250 2048 1282 difflari
2054 1248 2128 1290 ⁴?stssss

1238 1306 1302 1337 quae
1315 1301 1485 1337 accipientis
1495 1301 1629 1330 animum
1639 1299 1757 1331 allicere
1766 1299 1820 1331 vel
1822 1303 1996 1339 pervertere
1998 1297 2095 1341 sblent
2106 1302 2128 1331 .'·

1238 1348 1388 1388 ,Quoniam
1394 1345 1425 1386 fi
1430 1344 1496 1388 ipsa
1507 1353 1598 1379 etlam
1606 1342 1734 1389 persona
1744 1348 1841 1381 Elem
1869 1349 1972 1390 offerat
1992 1342 2124 1382 Ordinass

1237 1402 1292 1428 tori
1307 1395 1360 1438 suo
1386 1395 1439 1428 vel
1458 1394 1657 1438 consecrator!
1680 1397 1869 1431 electuarium
1885 1423 1896 1439 ,
1908 1404 1968 1433 ‘aar
1975 1400 2014 1433 de
2024 1403 2122 1447 vino,-

1230 1443 1292 1486 five
1304 1447 1340 1477 de
1352 1445 1502 1486 aliquibus
1512 1444 1680 1488 hujusmodi
1695 1469 1705 1485 ,
1731 1458 1798 1489 quae
1822 1449 1928 1481 modici
1943 1452 2039 1490 pretii
2053 1448 2127 1490 jb-

1236 1502 1316 1533 rint,
1343 1497 1455 1536 &quat
1466 1503 1569 1528 votum
1579 1501 1748 1538 recipientis
1772 1501 1914 1531 inclinare
1935 1500 1987 1531 vel
2005 1502 2127 1533 macene

1237 1558 1293 1578 non
1314 1545 1444 1578 debeant
1466 1568 1477 1585 ,
1517 1556 1575 1578 non
1598 1555 1700 1579 tamen
1722 1546 1849 1588 Ecclefia
1865 1550 2002 1580 Romana
2029 1543 2126 1583 intend

1231 1601 1349 1637 pretari
1361 1593 1510 1637 consuevit
1525 1619 1536 1635 ,
1561 1600 1748 1637 accipientem
1760 1602 1794 1629 in
1802 1596 1852 1630 his
1879 1598 2047 1640 delinquere
2068 1598 2124 1633 vel

1235 1647 1413 1679 donantem.
1441 1644 1587 1684 Munus,
1613 1647 1702 1689 quod
1717 1646 1903 1681 simoniam
1915 1649 2038 1689 faciat,
2065 1648 2123 1684 de·

1235 1695 1288 1729 bet
1297 1696 1358 1729 effe
1368 1695 1507 1738 pretium
1522 1719 1532 1735 ,
1560 1697 1614 1729 scu
1629 1707 1663 1729 ut
1677 1697 1768 1738 supra
1791 1699 1808 1731 a
1836 1696 1999 1742 Gregorio
2023 1698 2123 1742 sepci-

1235 1756 1290 1779 mo
1302 1757 1339 1779 ac
1349 1745 1493 1781 Urbano
1504 1746 1646 1780 secundo
1657 1746 1841 1780 audivimus
1853 1769 1864 1786 ,
1894 1748 1972 1782 dari*
1987 1757 2044 1782 aut
2067 1759 2123 1784 ee·

1233 1795 1297 1838 cipi
1309 1795 1405 1829 debet
1430 1805 1468 1828 ea
1492 1795 1702 1836 intentione,
1729 1806 1764 1830 ut
1785 1797 1866 1831 alter
1888 1798 1930 1831 ad
1952 1798 2123 1841 spirituale

1234 1845 1480 1879 retribuendum
1502 1855 1559 1879 aut
1582 1846 1807 1889 recipiendum
1831 1847 2009 1884 inducatur
2027 1873 2036 1882 .
2062 1849 2124 1884 <Ee

1233 1894 1310 1929 hinc
1321 1897 1379 1939 qui
1394 1895 1448 1929 tali
1465 1906 1576 1930 mente
1586 1907 1653 1930 non
1666 1897 1722 1931 dat
1743 1907 1800 1931 aut
1824 1897 1965 1939 accipit,
1989 1896 2011 1931 a
2031 1897 2125 1941 lepra·

1231 1945 1275 1979 est
1288 1956 1404 1989 purus.
1432 1944 1614 1980 Hincitem
1641 1947 1838 1989 quandoque
1860 1946 1947 1981 solus
1967 1947 2125 1989 donansg

1231 1995 1428 2039 quandoque
1450 1996 1538 2029 solus
1561 1996 1723 2039 accipiens
1743 1996 1838 2039 poffit
1857 1995 2024 2040 inquinari
2043 2020 2056 2038 ,
2079 1997 2120 2032 ἀ

1231 2046 1270 2079 de
1283 2043 1410 2078 duobus
1421 2055 1525 2078 unum
1536 2046 1642 2079 auum
1665 2047 1874 2093 operantibus
1886 2057 1999 2080 verum
2014 2046 2119 2088 else»,

1230 2093 1318 2137 quod
1328 2095 1368 2127 de
1380 2093 1531 2128 Lucretia
1545 2095 1699 2130 Romana
1720 2096 1756 2130 δε
1774 2095 1846 2139 ejus
1868 2095 2052 2140 stupratorev
2068 2094 2121 2131 di-

1230 2143 1323 2177 xitin
1348 2144 1453 2187 primo
1475 2144 1515 2177 de
1536 2143 1603 2178 Dei
1626 2146 1761 2180 civitate
1783 2145 1869 2180 libro
1892 2147 2023 2181 Sanetus
2043 2144 2122 2179 Au-

1228 2193 1394 2238 gustinus:
1422 2195 1487 2226 Duo
1507 2193 1656 2236 fuerunt,
1684 2197 1719 2230 ὁ·
1743 2206 1819 2229 unus
1842 2197 2023 2231 adulterim
2042 2208 2118 2229 com·

1230 2242 1321 2284 misit.
1350 2244 1547 2287 Exemplum
1562 2246 1652 2288 supra
1664 2245 1851 2280 audivimus
1873 2245 1892 2279 ὲ
1914 2246 2034 2280 Sansto
2055 2244 2117 2279 Pe-

1229 2304 1279 2327 tro
1294 2293 1468 2327 Damiani.
1500 2295 1542 2327 Et
1565 2295 1651 2337 lucet
1673 2297 1707 2328 in
1732 2295 1869 2330 innoxia
1884 2296 2004 2340 iniquae
2025 2306 2116 2330 vexoe

1230 2343 1454 2387 redemptione
1467 2365 1472 2373 -
1484 2342 1587 2377 Porro
1599 2356 1694 2388 parva
1707 2345 1898 2379 munuscula
1910 2345 2029 2380 habere
2041 2356 2120 2380 non

282 1845 500 1888 personarum,
527 1846 677 1886 utaque,
702 1847 816 1885 excat,
841 1845 981 1879 videlicet
992 1858 1033 1879 an
1057 1849 1077 1879 ἃ
1094 1855 1170 1889 pau-

282 1904 357 1938 pere
375 1919 386 1936 ,
412 1895 509 1928 divite
530 1918 541 1934 ,
565 1895 701 1937 locuplete
721 1897 828 1928 datum
849 1895 949 1936 fuerit
971 1908 980 1939 ;
1020 1895 1171 1936 aestimatio

285 1947 464 1980 muneris&
484 1946 656 1978 donationis
678 1953 817 1987 tempus,
834 1943 865 1985 fi
878 1952 980 1989 magni
1002 1948 1054 1979 vel
1074 1951 1171 1982 mino.

284 2001 330 2029 ris
337 2001 431 2037 pretii
441 2006 487 2027 res
499 1997 577 2027 data
587 1995 694 2035 existat
704 2020 716 2035 ‚
742 1996 775 2028 ό*
785 2007 826 2027 an
838 1994 966 2034 instante
989 1997 1146 2036 neceffitate
1159 2022 1168 2037 ‚

282 2045 334 2090 seu
345 2049 403 2078 alio
413 2053 540 2086 tempore
549 2045 717 2087 conferatur
728 2070 735 2076 .
756 2048 788 2078 ,δι’
799 2044 1080 2088 ergopraedtaorum
1092 2050 1166 2079 Car·

282 2097 397 2129 dinalis
417 2097 452 2128 ὁ*
467 2094 583 2136 fratris
603 2102 648 2128 tui
662 2094 819 2138 persbnam
841 2097 876 2128 et
897 2096 1077 2136 qualitatem
1097 2103 1166 2138 pen-

275 2145 375 2191 semus
398 2169 407 2185 ‚
446 2155 504 2176 non
522 2145 590 2186 fuit
605 2157 747 2189 mag-num
766 2145 804 2177 ab
826 2145 923 2178 eodem
945 2145 1050 2186 fratre
1069 2154 1118 2179 tuo
1140 2159 1168 2182 e-

281 2208 374 2238 quum
396 2206 488 2227 unam
504 2196 667 2228 cardinali
688 2193 872 2237 transmitti,
897 2206 982 2237 quem
999 2201 1091 2228 etiam
1106 2201 1167 2241 Jo-

282 2246 406 2280 tulatorz'
417 2256 474 2276 non
493 2251 606 2285 petenti
627 2250 677 2278 vir
698 2254 801 2277 tantus
816 2269 827 2284 ,
855 2246 890 2278 ό·
912 2254 976 2277 tam
1004 2245 1165 2279 abundans

274 2297 361 2339 fhrte‘
382 2295 501 2329 donaret
523 2318 531 2325 .
558 2292 710 2327 Affirmat
742 2294 867 2328 donum
889 2292 975 2328 istud
1010 2296 1044 2328 in
1066 2298 1166 2339 perso-

283 2346 334 2380 nis
345 2344 414 2379 istis
435 2342 530 2377 fuisse
552 2343 723 2377 modicum
737 2366 747 2383 ,
775 2344 916 2386 ideoque
938 2343 1166 2388 Archiepisco-

282 2407 360 2441 pum
383 2392 424 2429 ab
445 2394 539 2428 omni
556 2393 710 2428 Simonias
730 2393 880 2440 scrupulo
901 2393 1036 2429 mandat
1049 2395 1113 2430 esse
1123 2397 1163 2430 se·

281 2457 412 2482 cuium.

334 2496 463 2530 Partem
485 2496 563 2531 vero
587 2497 775 2542 negativam
796 2493 906 2530 suadet
929 2496 962 2528 in
987 2495 1101 2530 litteris
1124 2495 1164 2531 ad

284 2548 347 2582 suae
366 2546 524 2580 Dioecefis
548 2547 727 2590 Episcopos
746 2557 883 2590 magnus
908 2544 1043 2580 Basilius
1067 2560 1078 2579 .·
1114 2552 1164 2580 Ne

1230 2394 1334 2428 solent
1357 2394 1503 2438 generosi
1526 2394 1631 2429 animi
1652 2395 1810 2429 movendi
1830 2396 1984 2429 virtutem
2002 2417 2014 2434 ,
2049 2404 2113 2428 nee

1227 2443 1268 2477 ab
1279 2443 1410 2478 eximiis
1434 2444 1574 2487 personis
1599 2442 1639 2479 ad
1655 2443 1754 2479 istum
1774 2445 1874 2479 finem
1897 2444 1967 2478 dari
1991 2442 2042 2477 vel
2060 2451 2123 2477 ac‘-.

1227 2495 1292 2538 cipi
1315 2519 1326 2535 ,
1353 2494 1501 2537 adeoque
1526 2505 1588 2528 nec
1608 2494 1762 2528 inducere
1783 2493 1965 2527 Simoniam
1989 2517 1998 2524 .
2038 2492 2112 2530 Aii-

1227 2543 1274 2578 ter
1283 2544 1358 2578 data
1372 2545 1422 2578 vel
1433 2554 1562 2587 accepta
1571 2542 1688 2577 soediiis
1700 2542 1798 2585 quarn
1809 2540 1946 2587 grandia
1969 2542 2111 2577 macula-

1228 2594 1323 2628 bunt.
1352 2594 1458 2628 Erunt
1470 2595 1559 2629 enim
1570 2591 1738 2627 haerefisin
1752 2603 1871 2636 opere,
1896 2592 1948 2626 seu
1970 2601 2108 2627 externa

114 2601 165 2637 ΕΡ.
183 2609 232 2633 φο.
284 2597 386 2631 velitis
400 2598 520 2630 modica
526 2603 658 2637 pecuniae
665 2602 769 2639 gratia
781 2597 861 2628 idola
872 2595 985 2633 Christo
992 2596 1141 2638 praeferrc
1153 2623 1162 2637 ,

285 2659 376 2689 neque
384 2649 415 2690 J
419 2648 510 2679 udam
517 2645 665 2689 seHantes
680 2671 690 2685 ‚
717 2645 842 2687 quaestus
859 2652 965 2688 grana
985 2648 1107 2687 secund&
1131 2649 1161 2680 il·
1227 2645 1301 2678 fidei
1313 2642 1552 2688 praevaricati0‚
1578 2654 1647 2684 quae
1658 2642 1702 2676 ob
1716 2642 1843 2676 articuli
1856 2641 1917 2675 iaefi
1937 2642 2113 2688 modicita-¹

282 2699 342 2730 lum
351 2698 477 2741 perdere
489 2721 498 2735 ‚
525 2701 576 2739 qui
596 2694 690 2739 semel
708 2705 763 2737 pro
781 2696 864 2728 nobis
884 2701 960 2728 cruci
978 2696 1016 2736 est
1036 2698 1160 2738 affixus.
1225 2705 1288 2729 tem
1301 2706 1368 2728 non
1380 2693 1533 2727 decrescit
1547 2694 1580 2725 in
1595 2694 1723 2737 culpam
1735 2692 1896 2726 venialem
1908 2718 1915 2724 .

282 2747 464 2791 Episcopos
475 2747 551 2780 istos
562 2770 573 2786 ,
598 2745 675 2780 licet
686 2745 726 2779 ab
739 2746 928 2779 ordinandis
941 2746 1076 2780 Clericis
1087 2757 1163 2790 pau·
1273 2745 1403 2790 Qinta
1414 2742 1544 2787 quaestio
1556 2743 1600 2776 est
1614 2767 1624 2783 ,
1651 2743 1707 2776 An
1722 2743 1804 2776 facta
1817 2742 1917 2776 etiam
1931 2753 1985 2785 per
1996 2753 2111 2784 paren-

282 2798 374 2832 culos
398 2797 528 2837 solum,
553 2797 587 2829 &
609 2796 755 2830 minutos
780 2796 934 2829 denarios
953 2797 1159 2839 acciperent,
1224 2803 1335 2828 tesaut
1345 2793 1426 2828 alios
1437 2794 1522 2827 circa
1533 2792 1635 2826 alium
1651 2792 1799 2826 Simonia
1822 2793 1966 2826 noceat?
1992 2792 2111 2827 Ratio-

283 2848 414 2883 damnat
427 2857 536 2881 tamen
552 2845 926 2880 idololatriae&veuditi
939 2847 1079 2880 Domini
1093 2869 1104 2887 ,
1127 2848 1159 2881 id
1226 2855 1300 2878 nem
1313 2842 1483 2878 dubitandi
1496 2843 1574 2876 facit
1597 2843 1730 2876 Sanetus
1752 2842 1954 2877 Dominicus
1976 2841 2108 2875 Lorica-

284 2898 350 2938 est‚
379 2897 479 2941 plenae
502 2896 655 2931 Simoniae
670 2921 677 2928 .
703 2896 819 2930 Galliae
835 2896 1035 2939 Episcopos,
1061 2898 1120 2940 qui
1143 2909 1162 2930 a
1223 2905 1296 2936 tus,
1322 2894 1363 2928 de
1376 2905 1442 2936 quo
1452 2893 1492 2927 ad
1520 2891 1746 2926 Alexandrum
1770 2892 1946 2926 secundum
1967 2890 2110 2924 Pontifi-

286 2947 359 2981 solis
369 2947 527 2981 divitibus
550 2945 750 2989 accipiebant
770 2946 848 2988 quid
871 2947 1018 2987 modici,
1044 2945 1160 2981 eodem
1223 2955 1292 2978 cem
1303 2944 1410 2977 scribit
1423 2944 1555 2978 Sanfhls
1566 2942 1681 2976 Petrus
1706 2942 1883 2977 Damiani:
1908 2943 2105 2980 Domffmss
2124 2928 2208 2995 {ff‘
2225 2929 2280 2967 'Ep‘

287 2996 393 3038 rigore
405 2997 634 3040 perstringitin
649 2996 870 3029 variislitteris
881 2996 1025 3041 Magnus
1038 2997 1162 3041 Grego-
1221 3007 1285 3028 cum
1307 2995 1372 3037 esset
1395 3000 1427 3026 in
1446 2992 1553 3036 saeculo
1571 2993 1702 3030 Clericus
1727 3017 1738 3032 ,
1763 2998 1835 3035 quia
1868 3000 1936 3024 tunc
1956 2991 2108 3022 simonia-
2146 2977 2163 3002 ²

287 3045 354 3077 rius
380 3069 387 3074 .
413 3047 455 3078 Et
475 3048 515 3080 ad
536 3044 767 3079 Theodulfum
789 3045 957 3080 Comitem
975 3071 986 3087 ,
1023 3048 1078 3090 qui
1103 3048 1159 3081 Pa·
1221 3057 1256 3077 ca
1267 3043 1387 3088 vigebat
1400 3043 1515 3084 haerefis
1528 3066 1539 3082 ,
1565 3043 1770 3084 aparentibus
1789 3037 1987 3083 ejuedaeaest
2011 3038 2108 3081 Epist·

289 3090 465 3127 rochialem
486 3097 529 3127 sui
552 3105 737 3138 patronatus
768 3094 942 3130 Ecclesiam
966 3097 1159 3140 disponebat
1221 3103 1286 3137 copo
1311 3093 1436 3126 bircinae
1454 3093 1542 3136 pellis
1565 3094 1649 3127 aluta
1668 3118 1676 3125 .
1704 3097 1765 3128 Hoc
1782 3099 1898 3132 pawn
1916 3094 2102 3130 perterritus

289 3143 392 3186 pretio
404 3141 501 3182 dare,
525 3144 631 3179 scribit
643 3147 725 3189 apud
740 3144 960 3180 Flodoardum
974 3149 1006 3179 in
1020 3148 1161 3181 Remen—
1220 3143 1386 3184 contempfit
1404 3142 1543 3186 saeaelum
1568 3167 1579 3183 ,
1605 3144 1706 3175 induit
1729 3137 1901 3173 Monachum
1922 3162 1932 3177 ‚
1958 3138 2104 3171 arduum-

289 3194 329 3226 fis
354 3192 499 3224 Ecclefiae
519 3190 650 3226 historia
688 3195 887 3229 Hincrnarus
906 3196 1157 3240 Metropolim:
1218 3205 1272 3236 que
1295 3205 1361 3225 mox
1385 3197 1556 3226 Eremiticae
1578 3198 1653 3226 vitae
1671 3189 1799 3230 arripuit
1821 3187 1985 3226 institutum
2008 3212 2015 3219 .
2042 3190 2104 3222 Sed

290 3244 372 3275 Scias
387 3265 398 3281 ‚
424 3240 583 3282 quiafivel
591 3252 680 3273 unum
690 3246 844 3278 denarium
854 3246 910 3278 tibi
934 3248 1044 3289 aliquit
1066 3248 1174 3279 Cleri--
1218 3249 1288 3286 quia
1299 3244 1377 3276 male
1388 3251 1541 3285 promotus
1561 3242 1599 3282 est
1622 3263 1634 3279 ‚
1660 3241 1747 3271 dmm
1767 3239 1915 3276 advixit,
1941 3237 2101 3281 sacrvsim·

118 3316 169 3349 Π,
248 3324 265 3348 c
288 3302 340 3328 πω
349 3299 404 3332 pro
415 3289 480 3332 ipsa
494 3288 632 3329 Ecclefia‚
661 3291 711 3323 vel
716 3300 772 3332 pro
781 3296 883 3335 aliqua
895 3296 1001 3329 aliam
1020 3307 1085 3329 mea
1102 3304 1158 3337 pa-
1220 3294 1259 3326 c‘li
1274 3293 1386 3326 altaris
1397 3288 1738 3336 usurpareministert'um
1752 3299 1807 3320 non
1815 3285 2018 3330 praesumpfit.
2049 3287 2095 3320 Et

121 3328 179 3388 υἱέ..
199 3325 225 3355 3.
267 3338 274 3346 ’
289 3341 388 3375 '⁰⁶5³‘
403 3364 412 3379 2
435 3338 528 3381 perse
538 3347 589 3371 ‘¹1⁴¹
598 3346 651 3378 ΡΗ·
672 3341 822 3382 ³''mm'ffam
841 3344 997 3385 personam
1020 3346 1134 3379 dederit
1146 3369 1157 3385 ‚
1217 3344 1257 3377 de
1269 3343 1446 3388 Malguino
1460 3338 1650 3376 Nivernenfi
1675 3338 1840 3381 Episcopo
1861 3336 1971 3372 scribit
1990 3337 2099 3371 Sancti

287 3400 342 3434 per
354 3390 564 3423 meordmettus
574 3394 606 3420 in
616 3399 651 3421 ea
663 3399 719 3420 non
739 3395 809 3423 erit.
838 3391 948 3425 Etiam
971 3395 1004 3426 in
1028 3395 1156 3429 Medio.

289 3439 410 3477 lanenfi
442 3438 607 3479 Ecclesia,
632 3436 781 3483 adquam
802 3441 888 3481 quasi
907 3452 949 3476 ex
967 3442 1035 3479 ima
1052 3446 1158 3481 Simo-

1220 3394 1343 3427 Leonis
1356 3393 1436 3426 noni
1457 3387 1626 3424 Pontificis
1647 3386 1799 3429 Synodus
1819 3387 1989 3421 Remenfis
2007 3398 2015 3417 ε
2039 3389 2101 3418 Ni-

1219 3455 1310 3478 veme
1342 3455 1368 3476 ts
1378 3437 1539 3483 Epfiopus
1560 3435 1684 3482 surgens
1698 3461 1710 3478 ‚
1731 3445 1790 3480 pro
1800 3435 1954 3480 Episcopio
1962 3435 2099 3526 canssffur

2011 3495 2026 3517 e
