2352 3736
154 1122 310 1162 Epissao3.

152 1433 213 1467 Libg
227 1444 254 1463 2·

151 1476 224 1512 Cap.
239 1483 282 1507 11.-

164 3040 225 3078 Lib.
239 3042 282 3070 16.

412 134 506 197 408

347 228 423 253 nem
439 220 523 260 spem
539 211 743 256 praeciderent
757 236 766 251 ‚
795 223 832 246 ac
850 212 937 245 inter
946 213 979 245 se
999 212 1032 245 <Sc
1046 212 1220 247 Ecciefiam

344 268 509 304 firmarent
531 273 720 306 perpetuum
744 262 778 295 ὃς
800 262 997 296 immensum
1025 261 1126 297 chaos
1140 288 1151 304 ,
1175 274 1222 298 re-

345 316 539 358 baptismum
566 313 709 357 generali
747 312 886 345 Canone
912 310 1114 348 stabilierunt
1138 336 1145 345 .
1175 314 1220 348 Et

344 374 422 398 tunc
434 362 555 396 Gratus
566 385 577 401 ,
605 362 800 396 Catholicus
813 360 1125 408 Carthaginensium
1139 363 1216 407 Epi-

340 414 476 454 scopus,
502 424 615 447 contra
629 413 724 446 istum
739 411 915 446 Canonem
931 414 998 457 egit
1010 413 1063 446 illa
1078 415 1193 447 omnia
1207 437 1218 454 ,

339 462 592 505 quaeiaudantur
614 463 648 495 in
660 462 762 505 prima
787 460 1038 507 Carthaginensi
1063 462 1216 507 Synodo.

341 511 396 546 Ab
418 513 554 559 exordio
577 512 687 554 itaque
708 511 885 547 schismatis
909 514 997 548 solus
1017 525 1092 548 cum
1108 515 1218 558 paucis

339 562 536 597 turbulentis
558 563 652 596 sociis
676 562 829 598 Donatus
851 563 997 598 Casenfis
1019 563 1217 607 rebaptizare

338 613 436 655 coepit
457 613 541 647 solos
569 612 750 647 Caeciliano
784 614 1070 648 communicantes
1093 613 1216 654 Afros,

336 664 464 698 facinus
486 669 662 707 propagare
686 662 807 697 studuit
820 664 975 698 Donatus
988 664 1155 709 Magnus,
1180 664 1216 699 δι

337 712 471 747 tandem
497 714 566 757 post
582 713 774 748 Constantis
796 714 939 758 Augusti
961 714 1219 749 &MacariiLe-

336 764 404 808 gati
428 764 462 797 in
475 764 647 808 reparanda
674 765 801 798 unitate
824 764 968 798 studium
982 765 1088 799 sanxit
1100 774 1216 799 omnes

336 815 438 848 totius
448 813 571 848 Mundi
583 814 694 848 fideles
704 815 767 848 esse
781 813 1025 858 rebaptizandos
1040 841 1046 848 .

347 891 351 897 .
371 864 489 912 .Q0d
512 875 622 898 tamen
634 863 814 898 Fortunius
826 864 1007 909 Episcopus
1019 865 1060 899 de
1069 865 1214 900 facinore

333 913 524 954 erubuerit,
550 914 616 957 jam
640 913 735 947 nobis
759 913 845 948 dixit
894 914 1028 949 Sandius
1059 914 1214 961 Augusti·

336 975 416 998 nus.
446 964 489 998 Et
514 964 741 998 Maximinum
765 965 873 998 nescio
896 964 987 1008 cujus
997 964 1128 999 alterius
1138 965 1213 999 civi-

333 1016 408 1049 tatis
418 1015 632 1049 Donatistam
645 1014 845 1058 Episcopum
866 1015 978 1049 iaudat
996 1015 1031 1048 in
1045 1015 1117 1049 aliis
1130 1015 1212 1050 littev

330 1066 374 1099 ris
394 1090 404 1106 ,
431 1064 523 1108 quod
552 1064 663 1108 paffim
685 1065 869 1100 crederetur
895 1077 965 1100 non
986 1064 1182 1109 rebaptizare
1205 1090 1211 1098 .

331 1116 376 1150 Et
399 1115 486 1149 haud
511 1113 611 1149 dubie
634 1115 756 1151 fuerint
776 1116 884 1160 piures
907 1116 1025 1150 similes
1037 1115 1207 1160 Episcopi.

331 1165 421 1200 Nam
441 1166 600 1201 &omnes
620 1164 836 1200 Primianistae
855 1165 970 1200 datum
1001 1177 1093 1201 extra
1118 1164 1208 1203 fixam

330 1216 603 1251 communionem
624 1217 642 1250 a
667 1216 945 1257 Maximianistis‚
972 1227 1056 1258 quos
1078 1216 1119 1251 ad
1143 1216 1210 1251 Da*

329 1266 408 1309 than
433 1268 465 1301 &
478 1266 618 1310 Abyron
631 1267 876 1311 proscripserant
887 1267 1061 1302 teterrimis
1072 1267 1207 1312 elogiis,
1231 1282 1233 1284 >

328 1317 495 1361 Baptisma
520 1317 699 1361 probarunt
723 1317 970 1352 &admiserunt
991 1342 1002 1358 ,
1029 1318 1062 1352 &
1082 1315 1124 1352 de
1144 1316 1208 1352 hoc

329 1367 472 1412 ipsorum
488 1367 522 1402 in
537 1368 592 1402 sua
602 1377 735 1412 paterna
748 1369 891 1403 Decreta
903 1368 1009 1403 obvio
1031 1379 1128 1412 opere
1139 1379 1206 1412 per-

329 1417 378 1463 git
389 1418 596 1463 Augustinus
618 1419 651 1452 in
675 1418 784 1453 Libris
802 1417 844 1453 de
855 1418 1041 1463 Baptismo:
1068 1421 1208 1452 Sentium

329 1480 420 1512 quam
436 1467 576 1512 scelerate*
581 1471 651 1510 jam
665 1468 810 1511 faciant,
837 1478 951 1512 recepto
974 1468 1131 1513 Baptismo
1141 1472 1208 1502 Ma-

330 1519 554 1561 ximianenfium
566 1545 576 1561 ,
602 1519 713 1553 violare
735 1519 928 1563 Baptismum
947 1519 1025 1553 orbis
1037 1529 1204 1553 terrarum.

333 1572 396 1603 sed
407 1578 517 1603 timent
537 1570 739 1612 rebaptizatos
759 1568 829 1612 suos
840 1593 851 1609 ‚
878 1581 915 1602 ne
917 1569 1001 1610 forte
1011 1580 1068 1601 non
1078 1573 1200 1609 eispar-

329 1628 398 1653 cant
411 1645 421 1660 ,
427 1619 457 1661 fi
463 1622 497 1654 (st
508 1618 749 1662 ipfipepercerint
761 1623 878 1652 caeteris
888 1643 898 1660 ,
910 1628 947 1652 ne
958 1619 996 1652 de
1007 1619 1069 1651 illis
1081 1622 1207 1661 exigant

329 1677 450 1703 animas
466 1669 541 1712 suas
554 1691 566 1708 ,
586 1667 614 1709 fi
629 1674 750 1700 animas
770 1667 896 1699 aliorum
917 1667 1066 1698 trucidare
1085 1666 1205 1707 ceffaeve-

327 1726 406 1752 rint.
433 1718 649 1752 Demonstrat
667 1716 853 1750 Donatistis
873 1725 952 1749 tunc
965 1714 1057 1748 fuisse
1079 1720 1208 1757 apertos

329 1769 465 1809 oculos,
493 1768 577 1803 &de
599 1769 652 1801 sua
674 1765 830 1811 sacrilega
848 1764 984 1800 audacia
1005 1763 1126 1798 exinde
1154 1775 1207 1806 pa-

325 1820 392 1854 lam
401 1818 577 1853 erubuisse.
605 1817 648 1850 Et
661 1814 741 1850 hinc
755 1816 918 1858 poenales,
950 1825 1030 1859 quas
1042 1814 1111 1858 post
1128 1814 1206 1847 Car-

325 1868 553 1914 thaginensem
580 1865 808 1901 Collationem
826 1890 829 1893 -
844 1866 1021 1900 emiserunt
1044 1865 1079 1898 in
1104 1863 1205 1908 ipsam

326 1919 475 1954 Romani
501 1916 645 1962 Augusti
666 1939 677 1955 ‚
703 1914 810 1961 Leges
831 1916 978 1950 fecerunt
998 1916 1119 1949 fruatis
1138 1925 1205 1949 am-

325 1969 484 2014 plissimos
495 1992 502 1999 .
531 1966 644 2000 Habes
657 1965 733 2000 illos
745 1967 777 1999 in
790 1966 883 2000 sexto
893 1965 1024 2011 decimo
1043 1964 1129 1999 libro
1141 1965 1206 2000 Co·

326 2020 409 2055 dicis
428 2015 660 2053 Theodosiani
686 2041 693 2048 .
718 2017 792 2050 Nec
815 2014 921 2050 solum
943 2015 962 2049 a
985 2014 1081 2050 nobis
1092 2013 1205 2049 datum

327 2069 487 2113 baptisma
499 2093 509 2110 ‚
538 2067 590 2102 sed
605 2066 705 2102 etiam
728 2066 1050 2105 Confirmationem,
1078 2063 1207 2100 Eucha-

328 2120 448 2155 mistiam
468 2145 478 2161 ,
506 2117 865 2159 Ordinem‚&quaevis
875 2117 1090 2151 exsufflatum
1100 2116 1215 2150 Sacra-¹

328 2182 458 2206 menta.
490 2167 730 2203 Eucharistiam
756 2167 992 2202 conculcarunt
1009 2164 1202 2211 pedibusuti

328 2223 518 2267 profanam,
545 2221 577 2254 &
594 2219 658 2254 suis
678 2217 815 2254 canibus
840 2217 1061 2262 projecerunt.
1090 2217 1134 2251 Et
1155 2216 1208 2251 ad-

328 2272 436 2306 versus
450 2271 629 2306 Leontium
651 2271 796 2314 ipsorum
823 2269 1105 2304 Rusticianensem
1128 2267 1205 2311 Epi-

329 2324 462 2367 scopum
484 2322 570 2356 dixit
590 2321 630 2354 ad
658 2320 952 2366 Carthaginensem
976 2319 1205 2355 Collationem

330 2374 440 2409 noster
452 2372 560 2408 nescio
571 2372 660 2415 cujus
671 2371 812 2406 civitatis
825 2371 1003 2415 Episcopus
1014 2369 1208 2404 Terentius:

331 2425 385 2467 Iste
405 2423 616 2466 rebaptizabat
625 2421 687 2465 pol}
703 2430 826 2464 partem
842 2424 975 2463 Donati,
1002 2420 1208 2463 rebaptizatus

331 2475 369 2516 est
377 2474 475 2515 postea
487 2500 497 2515 ,
509 2475 542 2507 (vs
546 2471 585 2515 fic
596 2473 633 2514 est
647 2474 804 2507 ordinatus
814 2498 821 2505 .
849 2472 1014 2506 Existimo
1028 2471 1207 2506 Leontium

326 2524 438 2569 *primo
451 2525 541 2557 fuiffe
553 2523 770 2558 Urbanistam
782 2549 791 2563 ,
821 2522 1030 2568 Rogatistam
1042 2545 1052 2561 ‚
1069 2531 1125 2555 aut
1138 2520 1210 2554 Ma-

332 2574 553 2608 ximianistam
567 2598 576 2613 ‚
603 2585 641 2607 ac
662 2573 795 2607 tandem
815 2573 856 2606 ad
879 2572 1125 2611 Primianistas,
1150 2570 1208 2603 uti·

332 2635 397 2670 que
419 2622 598 2658 cardinales
611 2621 802 2656 Donatistas
820 2646 831 2662 ,
856 2633 996 2665 quorum
1018 2620 1210 2656 exsufflabat

333 2672 492 2718 baptisma
504 2698 513 2713 ‚
542 2684 597 2716 per
609 2683 733 2706 novum
745 2670 943 2715 baptismum
963 2671 1129 2716 transiisse.
1158 2670 1210 2704 Ex

333 2725 529 2768 rebaptismo
542 2723 717 2756 nascuntur
726 2721 806 2756 tales
815 2721 980 2767 tragoediae
992 2746 999 2753 .
1026 2721 1137 2769 Qare
1150 2720 1210 2754 lm-

334 2785 462 2822 perator
484 2770 645 2807 Arcadius
656 2772 691 2806 in
714 2773 830 2815 scripta
841 2772 883 2809 ad
895 2770 1082 2806 Adrianum
1095 2771 1209 2805 Praeto·

334 2826 385 2864 rio
407 2824 596 2861 Praefebium
618 2824 689 2867 lege
710 2822 794 2857 reste
813 2822 919 2857 edixit
938 2821 1130 2856 Donatistas
1151 2821 1212 2855 effe

335 2888 406 2913 non
417 2873 547 2910 tantum
558 2872 790 2908 Schismaticos
802 2897 812 2913 ‚
833 2871 888 2907 sed
910 2883 1001 2906 veros
1013 2871 1208 2905 Haereticos-

386 2925 538 2961 Eandem
549 2924 739 2968 sacrilegam
750 2921 971 2966 rebaptizandi
982 2922 1152 2956 audaciam
1162 2919 1214 2955 ad-

339 2974 541 3021 sumpserunt
566 2973 704 3008 Ariani.
731 2973 887 3007 Testatur
908 2971 974 3007 hoc
994 2972 1030 3005 in
1050 2971 1154 3006 Libro
1175 2969 1214 3004 de

340 3026 521 3062 Haerelibus
543 3025 676 3059 &mistus
688 3024 895 3068 Augustinus
906 3037 918 3058 .-
945 3022 988 3056 Ab
1001 3026 1122 3055 Arianis
1134 3021 1214 3055 reba-

168 3084 249 3112 tit.6.
266 3079 322 3116 leg.
340 3076 633 3118 ptizariCatbolicos
656 3080 816 3113 novimus,
840 3075 939 3108 utrum
967 3074 1069 3107 &non
1086 3070 1216 3105 Catholi-

944 129 1579 177 sts‘an·'a·A··rto

1289 212 1418 245 occidit?
1447 212 1491 246 Et
1515 211 1532 247 a
1551 211 1661 247 nescio
1681 223 1748 255 quo
1770 213 1895 249 vetusto
1918 218 1953 252 δε
1973 214 2166 253 authentico

1287 261 1434 296 Doctore
1454 262 1608 305 scriptum
1632 261 1708 296 fidei
1731 262 1934 298 Breviarium
1957 277 1976 299 t
1993 271 2122 309 Ariani,
2143 263 2171 308 fi
2182 246 2340 333 giiii&

1285 324 1358 354 quos
1370 314 1407 345 de
1417 313 1501 345 nobis
1510 310 1648 355 seducere
1664 313 1769 354 pofflnt
1778 337 1789 353 ,
1815 312 2060 353 inconfideramer
2079 317 2168 352 reba.

1264 353 1267 396 Ι
1279 368 1404 403 prium
1415 387 1422 395 .
1450 362 1493 396 Et
1505 361 1540 396 in
1552 363 1701 397 sermone
1711 362 1862 397 adversus
1875 362 2105 401 Valentiniani
2117 369 2166 402 se·

1283 412 1383 445 cundi
1419 411 1460 446 de
1480 413 1648 448 tradendis
1679 412 1825 447 Bafilicis
1857 412 2010 448 Edistum
2031 415 2164 452 Sanane

1283 460 1490 496 Ambrofiusx
1518 466 1580 497 Cur
1589 463 1822 505 rebaptizandos
1837 467 2021 505 Auxentius,
2041 464 2076 498 in
2090 465 2162 500 Me-

1281 512 1504 548 diolanensem
1517 513 1696 549 Ecclesiam
1709 515 1850 548 intrusus
1861 511 2066 549 Arianorum
2087 514 2164 558 Epi·

1281 563 1395 606 scopus
1407 587 1417 603 ,
1439 562 1543 605 fideles
1561 566 1685 606 populos
1697 572 1810 606 putat,
1836 562 2007 606 baptizatos
2026 571 2061 598 in
2073 570 2163 598 nomi-

1280 624 1316 647 ne
1336 615 1497 646 Trinitatis
1509 614 1525 645 ,2
1553 614 1596 648 Et
1606 615 1642 648 in
1652 614 1775 650 Liberii
1789 614 1965 648 Pontificis
1978 614 2046 649 vita
2060 611 2167 650 habet

1279 662 1377 701 Liber
1404 663 1631 698 pontificalis:
1657 662 1796 707 Urfhcius
1824 666 1859 699 (9⁸
1882 665 2016 705 Valens,
2045 665 2166 700 Ariani

1279 713 1455 757 Episcopi,
1484 725 1668 758 rogaverunt
1690 714 1892 754 Constantium
1918 714 2078 759 Augustum
2095 740 2107 757 ,
2131 722 2167 748 ut

1277 773 1428 798 revocaret
1455 764 1603 798 Liberium
1621 766 1659 799 de
1679 766 1789 806 exilio,
1817 766 1923 800 &una
1948 766 2068 799 tantum
2091 776 2167 799 com-

1276 820 1411 849 munione
1432 821 1634 857 participaret
1655 825 1744 849 extra
1766 813 1927 858 secundum
1949 814 2164 860 Baptismum.

1276 864 1449 899 Liberium
1475 890 1485 906 ‚
1510 865 1695 900 dummodo
1718 866 1864 909 ipsorum
1886 867 2165 901 communionem

1275 914 1485 955 admitteret,
1511 915 1760 958 spoponderunt
1782 913 2017 957 dispensatorie
2032 926 2101 953 non
2115 927 2164 950 re-

1276 963 1458 1007 baptizare.
1486 963 1751 1010 Qodfiverum
1776 965 1835 1005 fit,
1859 964 1949 999 lucet
1974 966 2073 1000 etiarn
2086 965 2169 1010 Epi·

1277 1014 1391 1058 scopos
1401 1013 1442 1047 ab
1453 1012 1526 1056 ipfis
1536 1012 1629 1047 fuisse
1637 1012 1851 1056 rebaptizatos
1862 1038 1870 1046 .
1899 1015 1942 1048 Et
1956 1016 2062 1059 pergit
2074 1015 2166 1051 idem‘

1277 1064 1374 1098 Liber
1384 1063 1426 1098 de
1438 1063 1549 1097 Felice
1572 1062 1734 1097 seeundo:
1762 1067 1818 1096 Hic
1840 1064 2010 1097 declaravit
2019 1065 2166 1105 constan-

1276 1120 1349 1147 tium
1361 1113 1593 1158 Imperatorem
1618 1112 1812 1154 baereticum,
1838 1111 2006 1155 &secundo
2030 1114 2160 1158 rebapti-

1274 1174 1375 1198 zatum
1395 1163 1434 1197 ab
1445 1163 1573 1207 Eusebio
1590 1162 1817 1205 Nicomedienfi
1826 1189 1833 1197 .
1866 1161 1969 1210 Qod
1981 1163 2166 1201 Wandaioe

1274 1226 1347 1249 rum
1370 1215 1404 1249 in
1419 1214 1533 1249 Africa
1556 1215 1666 1260 Reges
1691 1214 1808 1249 Ariani
1827 1215 1963 1248 cunstos
1977 1213 2022 1248 ibi
2036 1211 2164 1250 Ortho-
2192 1240 2194 1243 ·

1273 1266 1380 1300 doxos
1394 1289 1406 1306 ‚
1431 1266 1529 1300 etiarn
1542 1266 1721 1310 Episcopos
1733 1290 1744 1306 ,
1770 1264 1809 1298 ad
1826 1263 2076 1308 Rebaptismum
2088 1275 2163 1301 coo-
2229 1264 2234 1270 '

1273 1317 1403 1362 gerint,
1429 1316 1517 1351 &ex
1542 1315 1604 1350 hac
1615 1315 1890 1359 causaplurimos
1909 1314 2050 1349 crearint
2072 1314 2162 1358 Maj-
2181 1313 2184 1315 ’

1272 1377 1359 1410 tyres
1371 1390 1381 1406 ,
1408 1366 1610 1401 demonstrat
1629 1366 1661 1400 in
1676 1367 1822 1409 ipsorum
1835 1364 1942 1400 Gestis
1953 1364 2074 1399 vietor
2083 1364 2162 1412 Epi·-
2222 1371 2227 1375 ⁴

1272 1417 1388 1461 scopus
1401 1416 1590 1452 Uticenfis.
1619 1415 1805 1451 Audiamus
1817 1426 1924 1450 unum
1934 1413 2004 1459 ejus
2022 1413 2136 1450 locum
2146 1427 2157 1449 t

1281 1468 1503 1501 Wandalorum
1517 1465 1658 1511 Episcopi
1669 1465 1939 1510 atque-Presbyteri
1949 1475 2015 1499 cum
2024 1474 2157 1500 amato·
2166 1476 2237 1512 Lib.
2246 1476 2287 1515 3,·‘

1270 1529 1337 1551 rum
1350 1529 1440 1551 manu
1452 1517 1604 1551 not‘lurnis
1631 1516 1810 1560 temporibus
1822 1522 1904 1550 vicos
1923 1516 1960 1551 ό·
1970 1515 2085 1558 oppida
2099 1521 2166 1554 cnm

1273 1567 1395 1600 cuibant
1405 1591 1416 1607 ,
1443 1569 1476 1600 Θ
1481 1567 1520 1606 fic
1531 1566 1731 1610 despicatibus
1734 1572 1768 1613 J
1769 1578 1936 1608 unaarum,
1963 1578 2075 1610 aquam
2088 1566 2165 1611 glo·-

1271 1617 1410 1658 diumque
1417 1623 1575 1657 portantes
1588 1640 1599 1656 ‚
1625 1622 1795 1648 animarum
1803 1619 1964 1658 praedones
1978 1615 2152 1659 intrabant.

1272 1668 1318 1695 Et
1327 1676 1401 1704 quos
1411 1666 1489 1695 dorni
1498 1673 1681 1704 repererunt,
1687 1664 1854 1706 :aliosforte‘
1871 1672 1905 1698 in
1913 1666 2029 1699 lectulis
2038 1664 2159 1707 βροτᾶ-

1271 1721 1314 1745 tos
1324 1711 1419 1745 imbre
1430 1717 1515 1755 igneo
1527 1721 1616 1754 atque
1629 1713 1779 1753 fulmineo
1799 1715 1996 1758 respergentes
2009 1739 2020 1755 ,
2046 1718 2095 1756 De
2116 1709 2130 1756 Ἰ

1272 1767 1360 1795 niaca
1380 1761 1594 1804 vociferatione
1604 1761 1789 1802 Christianos
1805 1761 1876 1805 suos
1901 1762 1957 1804 ipfi
1971 1723 2161 1856 ρανιιῖἔ,

1270 1812 1408 1846 citabant
1423 1836 1434 1852 ,
1459 1821 1494 1846 ut
1517 1813 1622 1846 ludum
1637 1812 1762 1856 prorsics
1780 1811 1846 1856 suae
1868 1810 2002 1854 baerefios
2019 1836 2031 1853 ,
2076 1815 2077 1818 ’
2098 1816 2101 1820 ’
2124 1819 2166 1846 is,

1270 1864 1363 1905 qucim
1373 1863 1505 1904 aliquam
1519 1865 1685 1907 religionem
1703 1863 1902 1904 ostenderent.
1930 1867 1968 1895 In
1981 1874 2037 1905 quo
2059 1856 2160 1909 minus

1270 1921 1393 1955 capaces
1414 1913 1563 1957 &ignavi
1584 1915 1737 1955 impletum
1758 1911 1830 1956 inse
1851 1914 2024 1955 pollutimis
2039 1911 2091 1956 sac
2108 1907 2162 1947 ile-

1265 1967 1351 2008 gium
1371 1963 1523 2004 putabant
1536 1987 1548 2003 ‚
1569 1964 1776 2005 prudentiores
1799 1965 1872 1996 vero
1898 1961 2056 2003 nibilfibi‘,
2080 1966 2083 1969 ’
2102 1962 2162 1998 uod
2181 1976 2188 1984 ··

1262 2013 1437 2047 *nolentibus
1462 2022 1551 2055 atque
1579 2014 1793 2047 dormientibus
1815 2011 1954 2056 ingestum
1977 2011 2018 2053 est
2038 2034 2049 2051 ‚
2108 2013 2160 2054 ff

1265 2063 1457 2109 gaudebant·
1488 2068 1574 2096 Nam
1599 2063 1728 2096 &multi
1749 2064 1853 2096 eadem
1874 2061 1948 2094 bora
1958 2066 2086 2095 cinerem
2099 2072 2157 2094 ¹ea·

1265 2113 1384 2157 pitibus
1401 2112 1469 2156 suis
1495 2110 1828 2157 injecerunt‚-aliijese
1840 2136 1851 2153 ,
1878 2112 1932 2146 vel
1955 2117 2027 2154 quia
2035 2110 2161 2158 faHuna

1261 2163 1330 2205 est,
1355 2163 1447 2198 cilicio
1468 2163 1586 2207 lugubri
1606 2171 1742 2198 texerunt
1763 2187 1774 2203 ‚
1797 2162 1933 2198 nonnulli
1951 2173 2030 2195 coeno
2045 2161 2159 2203 foetido

1269 2217 1445 2255 linearum,
1470 2214 1506 2247 U
1523 2215 1699 2247 linteamina
1722 2215 1776 2247 illa
1797 2214 1942 2246 violenter
1963 2210 2159 2254 impofitaper

1266 2266 1323 2309 fila
1340 2263 1541 2307 consciderunt
1566 2287 1577 2303 ‚
1602 2269 1742 2312 atquelin
1751 2265 1872 2297 latrinis
1895 2263 1930 2296 Θ·
1941 2261 2066 2304 foetidis
2089 2263 2159 2295 locis

1271 2327 1362 2350 manu
1366 2315 1439 2358 fidei
1449 2316 1654 2357 proiecerunt.
1682 2316 1751 2349 Tali
1761 2315 1908 2348 violentia
1922 2338 1933 2353 ‚
1958 2312 2041 2346 nobis
2051 2312 2163 2346 viden·>

1271 2367 1351 2401 tibus
1372 2392 1384 2408 ,
1409 2365 1594 2410 Cartbagine
1615 2365 1698 2409 filius
1723 2363 1877 2409 cujtisdam
1899 2362 2008 2396 nobilis
2029 2386 2042 2403 ,
2065 2372 2159 2395 anno-

1271 2429 1339 2451 rum
1357 2422 1470 2451 circiter
1492 2414 1608 2459 septem
1634 2441 1644 2457 ‚
1661 2415 1743 2460 J’uffu
1763 2416 1883 2456 cyrillae
1905 2439 1917 2455 ,
1943 2412 2062 2448 Ariani
2080 2410 2158 2455 Epi·

1273 2468 1384 2511 scopi,
1411 2469 1430 2499 ἃ
1445 2467 1623 2510 parentibus
1639 2465 1802 2510 separatus
1821 2464 1860 2506 est
1873 2489 1883 2505 ,
1909 2471 2006 2499 matre
2018 2460 2083 2505 fine
2099 2471 2156 2495 vc·

1273 2519 1415 2552 recundia
1432 2518 1596 2551 matronali
1616 2514 1721 2560 solutis
1744 2515 1874 2560 crinibus
1897 2538 1908 2555 ,
1927 2513 1991 2557 post
2017 2519 2156 2553 raptores·

1274 2576 1336 2602 tota
1345 2568 1417 2602 urbe
1428 2577 1578 2608 currente,
1604 2567 1754 2609 infantulo
1764 2568 1933 2605 clamante,
1958 2571 1992 2596 ut
2010 2569 2153 2603 poteras:

1278 2618 1484 2654 Christianus
1498 2619 1588 2656 sum,
1616 2616 1822 2653 Christianus
1832 2615 1902 2648 sum
1915 2636 1926 2652 ,
1946 2610 2155 2645 Christianus

1275 2671 1343 2703 sum
1357 2693 1365 2703 .
1393 2674 1455 2703 Cui
1475 2670 1551 2703 &os
1564 2667 1734 2702 obturantes
1747 2690 1760 2706 ,
1787 2663 1938 2705 infantem
1947 2667 1981 2694 in
1989 2659 2168 2704 suumgurae-

1269 2727 1364 2765 gitem
1395 2717 1615 2770 jemerferunt.
1643 2716 1756 2749 Plures
1789 2711 1949 2755 ejusmodi
1983 2710 2167 2755 tragaediam

1275 2770 1344 2804 istic
1361 2767 1478 2803 habes.
1503 2766 1567 2799 Ista
1591 2765 1780 2800 linteamina
1801 2771 1893 2796 erant
1914 2760 2155 2805 baptizatorum

1273 2820 1412 2854 Sabana.
1438 2815 1541 2862 Qod
1561 2816 1649 2848 enim
1670 2814 1755 2848 solos
1776 2812 1882 2847 nudos
1895 2835 1905 2852 ‚
1931 2812 2024 2854 iuxta
2047 2809 2155 2844 solen-

1273 2878 1349 2903 nem
1374 2877 1453 2902 tunc
1476 2865 1622 2900 Ecclefiae
1644 2874 1771 2899 morem
1784 2887 1795 2904 ,
1821 2862 1983 2906 baptizare
1995 2859 2120 2895 vellent
2137 2882 2153 2900 ,

1273 2919 1308 2952 &
1329 2917 1523 2962 vigilantem
1545 2914 1716 2950 hominem
1748 2913 1912 2947 denudare
1936 2911 2055 2945 Ariani
2080 2920 2153 2943 non

1274 2967 1369 3002 facile
1379 2966 1507 3011 pofl‘ent
1520 2990 1531 3006 ‚
1551 2966 1708 3000 nociturna
1728 2964 1763 2998 in
1776 2964 1885 3007 quiete
1897 2961 2016 2996 domos
2037 2959 2168 2993 irrum·'

1274 3018 1396 3062 pebant
1410 3041 1420 3058 ‚
1446 3017 1480 3051 δε
1499 3015 1698 3050 dormientes
1716 3014 1818 3049 Afros
1844 3009 2088 3056 rebaptizabant
2111 3009 2152 3043 in

1274 3069 1374 3103 lecto.
1401 3066 1495 3101 Hinc
1507 3065 1542 3100 δε
1561 3067 1659 3100 istum
1670 3066 1742 3099 vere
1771 3062 1992 3099 Christianum
2014 3069 2157 3104 puerum<

1274 3118 1492 3154 demerserunt
1514 3117 1546 3150 in
1561 3117 1653 3151 suum
1673 3114 1854 3161 gurgitem.
1880 3111 1974 3144 Hinc
1997 3110 2079 3145 item
2102 3109 2155 3143 in-

170 3132 199 3157 st.
344 3136 410 3167 Μ’
435 3127 544 3172 πρῶ.
573 3125 679 3176 Qd
691 3127 791 3160 sacras
802 3136 902 3159 etlam
913 3123 1069 3168 Vlrgmes
1080 3122 1216 3165 rebam·
1253 3121 1256 3189 i
1275 3169 1403 3215 telliges
1418 3166 1561 3211 lepidam
1574 3167 1649 3202 facti
1675 3165 1835 3210 speciem,
1860 3172 1961 3206 quam
1979 3160 2021 3196 de
2042 3156 2152 3194 nobili

169 3157 253 3199 Epist.
275 3168 322 3193 70·
345 3176 446 3209 zarint
470 3179 503 3211 in
518 3176 653 3217 Africa,
679 3176 876 3210 lamentatur
890 3175 924 3208 in
940 3173 1087 3217 Epistola
1098 3173 1139 3206 ad
1151 3172 1230 3242 (Σο-ἱ
1254 3192 1257 3223 3
1316 3221 1322 3227 ·

346 3225 459 3259 mitem
478 3226 687 3284 Bonifacium
712 3252 718 3259 .
749 3226 793 3260 Et
817 3226 851 3258 in
882 3223 972 3259 libris
993 3223 1035 3257 de
1056 3219 1230 3284 Sym-boloh
1256 3220 1422 3263 gHispana
1443 3216 1559 3275 puella·
1584 3217 1619 3252 ὅ(
1641 3214 1883 3270 Wandalorum
1905 3211 2000 3268 Rege
2020 3210 2151 3294 '81‘thss

347 3273 506 3367 iiiii
763 3278 900 3359 aaz:
1070 3271 1231 3357 {aiu
1257 3262 2225 3365 fflmmflffli
2239 3309 2268 3339 t

350 3373 392 3411 de
402 3347 548 3416 tempgre
562 3338 762 3407 barbaries
776 3334 874 3419 ,qum
885 3350 1016 3416 cbristus
1034 3380 1088 3414 per
1098 3345 1236 3440 Raptis-³l
1259 3416 1260 3419 Ἴ
1273 3377 1335 3416 giis
1339 3369 1446 3413 fuiffet
1465 3367 1565 3402 oblata
1586 3364 1777 3411 conJ‘pee‘Iibus
1790 3389 1802 3405 ,
1827 3369 1915 3406 coepit
1923 3359 2095 3401 cumprime
2107 3357 2153 3390 ad

350 3434 430 3462 mus„
440 3421 612 3470 vivificavit
624 3445 635 3464 ,
662 3424 754 3469 quare
774 3434 840 3460 eum
857 3429 990 3460 Asianus
1011 3422 1223 3467 rebaptizando
1230 3441 1243 3520 ἱ
1260 3438 1262 3451 ι
1279 3419 1526 3464 rebaptizandum
1537 3418 1659 3453 blandis
1675 3414 1856 3462 sermonibus
1865 3413 1982 3448 inlicere
1993 3408 2152 3506 :frffgciam
2165 3428 2239 3467 Cap,
2255 3437 2284 3457 2,

171 3313 231 3348 Lib.
244 3325 259 3344 ι
267 3334 274 3342 ·

173 3396 245 3433 Cap·
266 3400 308 3431 13·
