2352 3736
145 324 300 361 L6.Ep.17

130 2489 190 2523 1²01.
195 2500 229 2523 a]
236 2499 262 2529 3..

135 2758 188 2786 An·
204 2768 287 2793 1070.

393 174 411 217 5
424 177 450 204 0

318 257 390 280 rum
406 246 504 279 trium
527 252 701 277 munerum
723 241 825 286 specie
845 238 996 275 &scabie
1015 236 1167 271 laborant
1181 263 1188 270 .

317 297 382 330 Pro
390 305 525 333 munere
540 292 668 328 donant
683 292 887 333 semetipsos.
916 287 997 334 Qae
1006 289 1120 322 omnia
1134 287 1188 320 do-

314 357 369 380 cet
389 345 488 379 etiam
511 344 547 378 in
572 343 686 378 litteris
706 340 746 376 ad
768 337 997 373 Alexandrum
1010 338 1185 372 secundum

314 394 533 435 Pontificem,
558 394 639 427 &in
652 391 765 426 litteris
786 386 825 420 ad
838 388 1045 431 Aripandum
1069 388 1188 421 Mona-

314 444 412 479 chum
426 469 437 486 ,
463 445 497 479 &
522 445 555 477 in
568 441 705 476 laudatis
728 437 767 471 ad
780 449 893 472 omnes
905 437 1098 475 Cardinales
1111 439 1186 482 Epi-

313 496 426 538 scopos
437 494 551 528 litteris
561 491 669 525 addit:
697 491 800 532 ,Quam
814 486 864 531 sui
885 488 1008 530 afferent
1030 487 1186 532 excusatio·

313 557 402 585 nem,
427 551 478 587 qui
493 546 559 576 licet
578 540 682 578 ,verbis
693 550 751 572 non
773 545 978 574 contraxerint
999 540 1116 573 venalis
1126 547 1185 582 pa-

312 595 361 628 Aa
380 597 537 627 commercii
556 614 567 630 ,
594 595 760 632 operatione
782 598 883 623 tamen
900 614 911 630 ,
938 601 996 622 non
1017 601 1074 623 uno
1094 614 1104 630 ,
1126 588 1187 633 sed

312 644 442 678 omnibus
461 641 509 674 his
530 641 701 683 probantur
720 640 837 682 laqueis
860 646 970 673 irretiti
985 641 999 673 ἒ
1029 644 1180 673 Verumta-

311 705 376 727 men
395 692 518 734 jaciant
530 690 588 735 se,
615 692 649 725 e·
668 702 698 724 eo
714 690 883 734 gloriantur
911 695 1051 727 ,innoxios
1073 715 1084 730 ‚
1110 696 1182 733 quia

311 744 419 776 nullam
426 736 538 779 talenti
544 740 694 784 summam
699 748 758 782 pro
763 739 960 783 suscipiendis
986 739 1139 774 bonoribus
1148 739 1182 784 se

305 799 442 836 pepigere
462 794 602 825 daturos.
630 792 690 824 5ed
707 792 754 823 dic
773 790 867 830 mihi,
894 793 909 823 ὀ
934 792 1049 829 Clerice
1070 816 1080 831 ,
1107 789 1180 833 quis:

303 838 378 886 quis
389 854 420 875 es
439 866 450 882 ,
468 835 652 884 firedempto
665 841 788 883 quolibet
798 853 884 874 aureo
911 839 985 884 vase
996 841 1049 874 vel
1063 843 1180 882 praedz'o

305 892 457 931 distrae‘lor
469 898 599 936 exigeret
610 915 621 931 ‚
650 901 683 924 ut
695 897 802 924 retenti
811 891 898 933 apud
907 901 935 924 te
947 897 1010 925 vice
1016 897 1111 933 pretii
1123 890 1179 933 fibi

302 941 476 986 sedulitatis
501 940 641 985 ejusmodi
665 943 847 983 impendium
869 940 1028 978 exhiberes
1046 966 1057 982 ‚
1096 954 1180 974 num-

306 994 381 1036 quid
390 1005 446 1025 non
454 991 635 1035 postmodum
641 991 805 1032 ‚constanter
815 991 952 1034 assereres
965 1001 995 1025 te
1008 1016 1019 1032 ,
1044 993 1122 1034 quod
1131 1003 1178 1024 ac·

304 1051 418 1084 ceptum
429 1042 488 1083 est,
507 1042 587 1084 Justo
605 1047 701 1084 pretio
722 1043 894 1086 comparasse
911 1044 923 1075 ?
948 1046 1022 1074 Non
1042 1043 1177 1075 videlicet

303 1098 375 1134 quia
383 1098 539 1134 pecuniam
555 1091 741 1135 perfhlvistl,
765 1091 823 1136 sed
830 1099 902 1134 quia
918 1090 1080 1135 servitium
1097 1101 1177 1134 prae-

302 1142 386 1182 buisti
409 1166 417 1174 .
443 1146 564 1177 Diceret
580 1150 682 1183 enim,
709 1144 742 1177 (9⁹
757 1142 889 1184 fbrtaffis
912 1155 969 1176 non
991 1143 1177 1185 impudenter

302 1192 464 1234 adstrueres
476 1218 486 1233 ,
510 1197 620 1227 Curius
642 1200 702 1233 emi
722 1196 795 1227 dum
806 1203 892 1232 tanto
907 1205 957 1232 me
965 1194 1067 1232 labore
1086 1204 1176 1225 vexa-

302 1255 364 1277 rem
376 1269 386 1284 ,
413 1246 483 1278 dum
489 1250 578 1282 ,toties
582 1244 766 1285 facultatum
777 1256 910 1277 mearum
917 1242 1057 1286 sumptus
1066 1251 1173 1285 expen-

302 1296 402 1327 derem
411 1318 421 1333 ,
446 1306 534 1337 quam
538 1294 569 1336 fi
570 1293 666 1337 semel
669 1294 807 1336 praefixae
828 1300 1007 1336 quantitatis
1014 1299 1175 1335 pecuniam

301 1355 488 1377 numerarem
500 1370 506 1376 .
536 1348 737 1385 Nequaquam
746 1343 872 1386 ergofibi
883 1341 1175 1386 innocentiamspon-

296 1394 390 1426 deant
400 1418 410 1432 ‚
438 1395 471 1426 cb·
481 1395 501 1424 ιΞ
512 1395 686 1426 simoniacae
711 1391 852 1436 baereseos
864 1395 989 1427 maculls
1005 1391 1038 1437 se
1049 1394 1173 1427 mundos

299 1445 350 1486 esse
371 1442 539 1482 confidant,
565 1449 616 1484 qui
636 1445 703 1475 licet
724 1444 846 1475 metalla
866 1444 1023 1479 vibrantia
1044 1455 1102 1476 non
1122 1452 1174 1485 ap·

293 1494 459 1535 pendant,
482 1498 615 1533 pretium
635 1500 738 1524 tamen
742 1499 799 1532 pro
804 1490 1000 1535 sufiipiendis
1020 1492 1174 1526 bonoribus

293 1552 351 1585 per
366 1540 556 1584 subjeAEionIs
593 1543 628 1575 (Ὺ
646 1540 773 1584 obsequii
792 1540 878 1583 quast
891 1544 1032 1584 quadam
1060 1544 1175 1576 talenta

293 1591 485 1635 persolvunt.
516 1591 606 1632 Idem
628 1592 695 1634 ipse
714 1587 806 1625 error
815 1593 915 1626 etiam
937 1590 1039 1626 hodie
1058 1593 1175 1637 graffa-

298 1653 369 1677 tur.
396 1643 544 1688 Quidam
559 1666 569 1682 ,
594 1643 673 1685 quia
686 1653 790 1684 neque
801 1644 972 1686 pecuniam
993 1642 1173 1682 dederunt,

296 1704 404 1737 neque
424 1691 571 1736 obsequii
592 1694 683 1735 pasta
705 1691 826 1732 iniere,
852 1693 887 1726 &
912 1693 978 1726 sese
998 1693 1031 1726 ὃς
1055 1693 1174 1726 benefi-

295 1744 340 1777 cii
359 1743 543 1776 Patronum
568 1752 624 1776 aut
645 1742 852 1776 Collatorem
872 1742 1060 1777 existimant
1080 1743 1173 1776 inno-

297 1794 373 1827 xios
392 1818 399 1825 .
428 1793 491 1827 Sed
514 1789 779 1836 respondendum
797 1791 862 1827 illis
883 1817 893 1832 ,
927 1793 1019 1836 quod
1042 1793 1112 1836 ipso
1133 1792 1173 1826 ad

294 1842 502 1883 Patronum,
529 1843 757 1883 Collatorem‚
783 1842 834 1876 vel
844 1843 943 1877 etiam
960 1843 1175 1881 mediatorem

295 1893 521 1938 obligandum
532 1903 588 1927 aut
601 1892 826 1932 inducendum
837 1889 923 1927 facto
934 1904 1032 1936 opere
1051 1894 1112 1927 sint
1123 1904 1175 1937 pa-

297 1945 340 1978 sti
360 1945 393 1978 &
417 1943 585 1987 stipulati.
611 1944 685 1977 Nec
707 1942 826 1987 poffint
847 1942 1003 1977 diffiteri.
1031 1944 1121 1977 Nam
1139 1944 1173 1976 in

297 1995 364 2028 suis
383 1994 424 2028 ad
435 1994 523 2037 ipsos
544 1993 693 2037 precibus
715 1993 828 2027 omnia
851 1993 984 2027 suorum
1005 1992 1175 2037 obsequio-

296 2056 370 2079 rum
397 2045 514 2079 merita
535 2043 757 2087 loquacissime
777 2053 978 2087 exaggerant
999 2067 1011 2082 ,
1048 2044 1083 2077 &
1109 2043 1174 2076 illis

294 2095 330 2128 in
343 2094 527 2129 mercedem
537 2093 745 2139 expostulant
757 2092 1012 2129 Ecclefiasticam
1034 2092 1174 2138 dignita·

292 2154 382 2183 tem.
577 2142 583 2145 ⁴

346 2197 391 2229 Et
401 2192 487 2234 hanc
506 2196 715 2236 Simoniam,
741 2207 811 2232 non
832 2195 941 2230 minus
961 2206 1059 2240 quam
1080 2206 1175 2238 pecu-

295 2245 433 2280 niariam
445 2270 456 2286 ‚
482 2246 594 2283 Patres
612 2246 695 2280 olim
707 2246 925 2289 puniverunt.
953 2246 1088 2280 Etenim
1112 2247 1175 2279 Re-

298 2296 437 2340 migium
460 2296 727 2330 Lincolniensem
752 2296 950 2339 Episcopum
974 2321 985 2336 ,
1013 2296 1106 2339 ,Quod
1119 2304 1176 2337 pro

297 2347 418 2380 auxiliis
441 2347 595 2380 Guilielmo
612 2352 711 2389 primo
737 2346 892 2389 Anglorum
905 2349 977 2389 Regi
997 2352 1174 2382 venientiin

297 2398 434 2441 Anglsam
450 2397 594 2438 praebitis
609 2395 717 2437 fac‘lus
738 2396 805 2438 essee
824 2394 1010 2438 Episcopus,
1037 2396 1174 2429 divinum

297 2458 405 2480 munus
418 2446 549 2489 bellicosis
564 2445 717 2483 laboribus
737 2447 944 2486 nundinatus,
972 2446 1065 2479 fuisse
1078 2445 1172 2479 bacu-

298 2496 333 2530 lo
357 2496 527 2531 &annulo
538 2495 712 2539 spoliatum
730 2496 876 2530 &Sansto
888 2496 1076 2529 Lanfranco
1090 2496 1174 2530 Can·

298 2545 508 2581 tuarienfium
532 2544 787 2589 Archiepiscopo
807 2571 817 2586 ‚
853 2546 887 2579 &
910 2545 1002 2589 plene
1023 2546 1174 2590 degrada-

298 2607 370 2631 tum
391 2597 526 2630 testatur
542 2596 742 2630 Guilielmus
754 2592 1067 2632 Malmesberienfi,s.‘
1093 2597 1173 2630 Gui-

300 2646 429 2680 lielmus
449 2646 677 2683 Nortmandiae
699 2646 780 2679 Dux
806 2646 936 2691 Angliae
955 2658 1095 2690 regnum
1120 2659 1174 2690 per

301 2694 447 2730 Eduardi
470 2697 570 2740 Regis
593 2706 734 2731 mortem
757 2708 873 2731 vacans
903 2721 913 2736 ‚
935 2697 969 2731 ὃς
990 2697 1008 2730 ὲ
1029 2696 1174 2739 quodam

301 2745 453 2780 Haroldo
464 2757 660 2790 occupatum
676 2771 686 2787 ,
702 2758 742 2780 ex
754 2745 933 2781 Alexandri
947 2747 1077 2781 secundi
1090 2747 1175 2781 Pon-

301 2797 401 2831 tificis
421 2798 611 2830 austeritate
634 2796 692 2831 fibi
714 2808 769 2840 per
790 2808 878 2830 arma
902 2797 1082 2832 vindicarat
1106 2820 1116 2837 ‚
1143 2797 1172 2831 ei

303 2846 478 2891 Remigius
488 2846 677 2883 Monachus
689 2872 699 2887 ‚
726 2848 772 2880 uti
783 2846 899 2890 justam
910 2849 1022 2891 agenti
1044 2849 1174 2882 causam

304 2898 425 2931 faverat
438 2920 450 2937 ,
472 2897 560 2931 &ex
575 2897 795 2931 Nortmandia
816 2897 919 2931 fuerat
941 2909 1016 2931 cum
1030 2897 1111 2940 spea
1130 2898 1173 2930 vi-

305 2947 389 2980 &ore
407 2947 619 2991 Episcopatus
641 2947 862 2992 consequendi
882 2948 1058 2985 comitatus
1075 2946 1173 2981 &ob-

307 2994 449 3035 secutus,
475 2999 524 3031 uti
545 2999 643 3034 refert
664 2997 761 3032 etiam
784 2999 927 3041 Joannes
950 2998 1175 3040 Bromptonus

308 3041 419 3076 Abbas
430 3044 621 3085 Jornalensis
631 3072 638 3080 .
658 3048 751 3082 Hinc
763 3048 975 3092 degradatum
986 3058 1047 3084 nec
1059 3047 1099 3080 ad
1114 3047 1174 3081 Re-

310 3141 486 3182 Pontifex‚
512 3144 565 3176 sed
584 3146 714 3182 tradidit
734 3148 869 3182 arbitrio
892 3147 1069 3182 Lanfranci
1086 3172 1093 3179 .
1121 3147 1176 3181 Et-

310 3190 378 3225 iam
389 3191 496 3224 nescio
505 3202 604 3234 quem
615 3195 796 3237 Hispanum
807 3197 974 3232 Clericum
988 3222 999 3238 ,
1021 3195 1110 3243 quod
1120 3203 1175 3230 cui-

310 3241 403 3278 dam,
428 3245 608 3282 quimanum
619 3243 866 3287 eifecit,1·mpon1‚
889 3246 1063 3291 promiserat
1084 3249 1172 3281 &ex-

308 3290 445 3326 hibuerat
455 3302 583 3323 annuum
605 3303 640 3324 ex
651 3293 737 3333 pac‘lo
752 3293 929 3338 servitium,
956 3297 1039 3340 quafi
1056 3309 1112 3331 non
1131 3303 1174 3330 in-

301 3348 415 3387 gratus
421 3346 533 3384 gratiae
544 3364 554 3379 ,
565 3340 604 3373 ad
615 3339 879 3385 degradationem
890 3348 1062 3387 postulavit
1074 3347 1175 3381 Tole-

311 3401 409 3424 tanus
431 3387 704 3433 Archiepiscopus
725 3415 736 3431 ,
762 3394 840 3433 quod
860 3406 965 3426 munus
984 3397 1022 3428 ab
1043 3396 1174 3440 obsequio

300 3440 448 3485 perteque
469 3451 502 3474 ac
513 3451 621 3474 munus
642 3441 662 3473 ti
675 3453 765 3475 manu
779 3447 810 3475 in
821 3441 870 3476 boc
876 3442 957 3485 sacro
966 3448 1116 3481 contraditi
1131 3459 1172 3481 re-

620 158 888 202 SECUNDA
925 156 1325 200 PROOEMIALIS
1362 154 1791 217 DISSERTATIQ

1250 237 1411 280 probetur.
1439 236 1490 270 Ex
1502 237 1704 280 simplicitate
1728 242 2127 287 &ignorantiadelique-
2146 245 2194 285 Ep.
2217 255 2261 283 5¹·

1253 298 1323 328 rat,
1354 286 1494 330 ideoque
1505 287 1738 326 interceffionis
1754 293 1914 327 auxilium
1934 293 1991 336 ipsi
2005 294 2126 328 detulit

1251 336 1431 380 Stephanus
1454 337 1631 384 Episcopus
1652 339 1868 378 Tornacenfis
1889 369 1896 375 .
1926 343 2067 377 Divinas
2088 344 2126 378 iu

1251 388 1356 421 taliter
1379 397 1565 430 promotum
1578 388 1822 424 Bononiensem
1840 394 2037 438 Episcopum
2058 394 2127 437 pla-

1248 448 1305 482 gas
1319 437 1413 472 refert
1435 437 1471 471 in
1491 438 1607 478 litteris
1626 439 1668 473 ad
1682 439 1892 475 Bonifacium
1909 444 2124 478 cardinalem

1248 489 1447 531 Episcopum
1467 487 1690 524 Albanensem
1709 490 1843 524 Sanctus
1864 489 1976 529 Petrus
1987 494 2124 531 Damia-

1247 539 1281 571 ni
1304 563 1310 569 .
1339 537 1561 581 Euphemiam
1584 540 1663 575 item
1694 541 1728 574 δε
1749 539 1921 578 Thomam
1944 566 1954 582 ,
1978 545 2037 586 qui
2062 556 2122 587 pro

1242 587 1417 628 deserenda
1452 589 1614 623 Anastasii
1637 590 1791 634 Episcopi
1826 592 1874 625 sui
1895 592 2122 635 accusatione,

1245 650 1378 673 munere
1392 639 1483 683 pravi
1500 639 1668 683 obsequii,
1695 652 1885 685 acceperant
1909 643 2012 676 sacros
2024 643 2121 680 Ordi-

1242 700 1301 725 nes
1316 714 1326 729 ‚
1352 690 1544 735 degradavit
1565 690 1614 723 uti
1626 692 1835 726 Simoniacos
1847 717 1857 731 ‚
1883 693 1918 726 δε
1931 704 2126 737 perpetuum

1241 740 1309 776 fine
1323 741 1525 782 reparatione
1542 740 1586 779 sic
1606 752 1735 776 manere
1749 742 1836 790 juffit
1849 744 1981 777 Sanetus
1999 744 2123 788 Grego·
2145 748 2174 777 L.
2186 758 2214 783 4·
2225 748 2279 786 Epi

1241 791 1308 824 rius
1319 790 1480 834 Magnus.
2143 796 2155 818 ς
2166 798 2190 817 ¹·

1295 840 1376 874 Huc
1387 842 1486 874 etiam
1498 842 1616 885 spediat
1635 841 1690 876 illa
1700 842 1850 879 simonia
1863 867 1874 882 ‚
1897 855 1997 889 ,quam
2021 845 2053 877 in
2069 844 2120 878 lit·
2140 827 2257 865 EP''⁶⁰‘

1239 890 1317 924 teris
1339 889 1379 924 ad
1389 891 1573 936 Hugonem
1586 890 1815 937 Lugdunensis
1832 894 1983 928 Ecclesia:
1998 894 2121 928 Prima-

1239 947 1304 973 tem
1328 939 1427 975 habet
1449 943 1582 981 Sanetus
1607 942 1668 977 lvo
1687 943 1865 987 Episcopus
1883 943 2118 978 Carnutenfis.

1240 989 1466 1035 Lugdunensis
1476 992 1644 1035 provincia
1656 994 1689 1026 in
1701 994 1858 1028 Romano
1873 994 1959 1031 olim
1973 995 2119 1038 Imperio

1240 1039 1302 1074 fuit
1323 1040 1492 1076 vastissima
1511 1054 1518 1074 ι
1568 1041 1816 1086 comprehendit
1837 1044 2093 1090 Lugdunensem
2106 1069 2118 1085 ,

1241 1088 1565 1136 Rothomagensem,
1591 1092 1845 1135 Turonensem,
1871 1096 2115 1136 Senonensem,

1241 1152 1278 1174 ac
1290 1140 1516 1178 parisiensem.
1543 1141 1784 1180 Constantinus
1795 1145 1940 1190 Magnus
1963 1145 2118 1180 divisit-in

1240 1190 1341 1231 duas,
1369 1190 1622 1235 Rorhomagum
1643 1191 1794 1226 exaltans
1816 1193 1852 1230 in
1878 1194 2119 1237 Metropolim:

1243 1239 1369 1275 Ambas
1394 1241 1601 1278 Theodosius
1633 1242 1808 1286 Magnus,
1847 1254 1902 1277 aut
1929 1243 1999 1286 ejus
2031 1244 2121 1278 filius

1240 1290 1417 1325 Gratianus
1439 1289 1508 1332 (a)
1527 1292 1652 1325 rursum
1673 1291 1782 1340 divisit
1801 1316 1812 1332 ,
1835 1293 1987 1327 exaltans
2004 1294 2121 1328 civita·
2140 1300 2297 1339 (afflone—v

1239 1352 1287 1375 tes
1309 1341 1540 1375 Turonensem
1563 1352 1601 1374 ac
1627 1342 1850 1376 senonensem
1877 1369 1885 1376 .
1911 1343 1960 1377 Ita
1984 1342 2119 1378 fuerunt
2138 1343 2195 1373 rius
2205 1363 2216 1374 .·
2236 1346 2297 1374 Ν·-

1238 1402 1380 1439 quatuor
1390 1391 1647 1434 Lugdunenses.
1674 1390 1824 1437 Qinta‚
1846 1393 1937 1435 cujus
1948 1393 2120 1438 Metropo·
2139 1385 2194 1414 ''¹“

1242 1442 1280 1474 lis
1303 1442 1346 1475 est
1360 1440 1537 1481 Patisium,
1566 1440 1677 1475 nostro
1690 1451 1838 1484 tempore
1862 1454 1917 1485 per
1928 1443 2121 1480 Romanam

1240 1491 1416 1527 Ecclesiam
1430 1490 1470 1524 ad
1482 1502 1591 1537 preces
1601 1491 1722 1534 Regias
1737 1491 1869 1525 acceffit.
1879 1492 1985 1529 Porro
1996 1492 2121 1528 Gebuk

1243 1541 1274 1574 ni
1299 1540 1529 1584 Lugdunensis
1539 1539 1789 1587 Archiepiscopi
1811 1540 1926 1579 merita
1946 1542 2120 1578 &labores

1239 1589 1402 1625 honorare
1413 1591 1525 1625 volens
1537 1591 1716 1635 Gregorius
1727 1591 1881 1634 septimus
1897 1617 1908 1633 ‚
1932 1592 2033 1627 distas
2042 1604 2120 1636 qua·

1237 1652 1314 1675 tuor
1327 1642 1510 1685 provincias
1520 1641 1550 1675 ei
1563 1641 1611 1674 uti
1622 1640 1760 1675 Primati
1771 1642 1906 1685 subjecit
1918 1665 1930 1682 ‚
1956 1643 2029 1677 usus
2041 1643 2119 1677 titu-

1239 1691 1272 1724 lo
1293 1692 1435 1735 antiquae
1455 1691 1606 1725 unionis.
1635 1692 1712 1739 Qa
1734 1692 1898 1736 dignitate
1918 1704 1957 1727 ac
1978 1693 2120 1736 potesta·

1238 1751 1271 1774 te
1297 1740 1443 1775 Gebuini
1474 1740 1629 1776 successor
1645 1741 1754 1786 Hugo
1778 1752 1929 1785 potenter
1949 1742 1996 1777 est
2019 1744 2114 1778 usus.

1218 1804 1219 1807 ¹
1240 1791 1375 1825 Etenim
1388 1792 1621 1826 Daimbertum
1634 1817 1645 1833 ,
1669 1792 1863 1830 Senonensis
1886 1792 2035 1831 Ecclesiae
2045 1793 2120 1829 Me«

1238 1842 1442 1884 tropolitanae
1468 1841 1618 1876 Electum
1644 1866 1655 1883 ,
1693 1854 1761 1876 non
1793 1841 1967 1882 dumtaxat
2001 1844 2120 1878 confir«

1240 1891 1398 1926 mandum
1420 1891 1438 1925 ὸ.
1461 1893 1492 1926 se
1504 1892 1627 1933 voluit,
1657 1893 1709 1926 sed
1731 1893 1811 1926 &in
1833 1893 1961 1938 propria
1982 1894 2120 1936 persona

1241 1943 1348 1976 venire
1360 1941 1561 1987 Lugdunum
1575 1967 1585 1983 ‚
1609 1942 1644 1976 ὅ(
1655 1941 1713 1975 fibi
1735 1953 1903 1984 tamquam
1920 1941 2057 1978 Primati
2069 1944 2120 1976 soe

1240 1991 1389 2025 lemniter
1413 1992 1575 2035 profiteri,-
1604 1992 1836 2035 opposuerunt
1856 1993 1887 2028 se
1909 1991 2120 2035 Conprovin-

1240 2043 1336 2075 ciales
1356 2042 1536 2085 Episcopi,
1563 2042 1739 2085 praesertim
1751 2044 1886 2078 Sanetus
1907 2042 1968 2078 lvo
1987 2041 2120 2085 provin-

1239 2092 1296 2125 ciae
1317 2089 1578 2130 protothronus,
1603 2092 1781 2131 asseverans
1806 2091 1987 2129 Primatiali
2008 2091 2122 2136 digni·

1241 2145 1299 2176 tati
1321 2152 1391 2177 non
1413 2142 1478 2174 esse
1491 2142 1575 2176 istud
1596 2141 1757 2175 evocandi
1776 2141 1849 2184 im,
1873 2141 2118 2189 &adjungenst

1240 2194 1270 2224 51
1291 2191 1341 2224 his
1357 2191 1559 2226 exafflonsbus
1584 2192 1778 2226 Daimbertus
1798 2193 1914 2230 cederet
1934 2216 1947 2235 ,a
1973 2193 2119 2225 diceretur

1240 2253 1361 2276 munere
1371 2243 1479 2285 linguae
1491 2242 1542 2276 vel
1559 2242 1643 2283 officii
1650 2240 1677 2284 s
1671 2254 1741 2274 uam
1751 2243 1926 2285 comparasse
1931 2240 2122 2285 consecratio·

1241 2303 1307 2325 nem
1332 2317 1339 2323 .
1370 2291 1608 2329 Evocationem
1632 2292 1726 2328 istam
1751 2292 1832 2326 dicit
1852 2294 1917 2328 esse
1937 2291 2120 2326 indebitam

1242 2343 1427 2376 servitutem
1437 2367 1447 2382 ,
1475 2340 1614 2384 ideoque
1626 2341 1694 2375 fine
1709 2342 1858 2375 Simonia
1869 2353 1930 2376 nec
1949 2341 1967 2374 a
1977 2341 2119 2375 Primate

1240 2394 1327 2435 posse
1337 2393 1423 2436 exigi
1439 2417 1448 2432 ‚
1473 2404 1530 2426 nec
1539 2392 1580 2426 ab
1594 2391 1705 2426 Elesto
1718 2391 1873 2435 praestari.
1899 2393 2014 2426 Omne
2027 2389 2118 2424 enim

1241 2443 1428 2476 indebitum
1440 2442 1586 2475 officium
1598 2443 1642 2476 est
1658 2452 1794 2478 munus..

1291 2493 1343 2526 Ex
1352 2492 1468 2526 eodem
1481 2491 1641 2535 principio
1652 2491 1692 2523 ad
1707 2490 1874 2526 laudatum
1888 2491 2026 2524 Ivonem
2048 2487 2118 2521 scri-

1240 2543 1288 2578 bit
1310 2543 1487 2577 Goffredus
1508 2540 1620 2575 Abbas
1640 2539 1896 2577 vindocinensis
1914 2552 1925 2572 f:
1952 2539 2117 2582 Profeffum
2132 2555 2289 2592 thpa,

1239 2594 1367 2635 vestrum
1392 2603 1439 2625 me
1449 2591 1582 2630 vocastis.
1608 2592 1689 2625 Satis
1700 2591 1804 2623 mellus
1816 2590 1922 2633 fuiffet
1938 2614 1950 2629 ,
1973 2599 2007 2623 ut
2029 2591 2051 2622 ἃ
2065 2601 2118 2624 vo-

1239 2642 1442 2686 bissacratum
1462 2641 1621 2684 dixiffitis.
1649 2641 1743 2683 ,Quod
1760 2639 1815 2682 etsi
1829 2647 1888 2681 pro
1904 2638 2118 2684 consecratione

1236 2693 1449 2736 profeffionem,
1476 2693 1571 2732 &pro
1585 2691 1755 2732 profeffione
1779 2690 1818 2722 ab
1828 2691 1987 2723 Allodiario
2012 2689 2118 2724 San&

1241 2748 1325 2778 Petri
1339 2742 1550 2786 subjec‘l'ionem
1571 2741 1657 2774 vobis
1683 2739 1857 2780 vindicastis
1883 2765 1894 2780 ‚
1929 2739 2118 2783 consecratio-

1237 2807 1305 2829 nem
1324 2800 1425 2836 utique
1444 2793 1528 2825 illam
1544 2795 1646 2834 gratis
1669 2792 1792 2823 minim?
1809 2790 1992 2831 impendistis
2007 2814 2014 2821 .
2041 2794 2115 2822 Non

1237 2851 1318 2879 enim
1325 2850 1425 2888 gratis
1434 2843 1618 2883 ,impenditur
1629 2865 1639 2879 ,
1663 2849 1718 2881 per
1736 2842 1819 2881 quod
1837 2840 1918 2873 bomo
1929 2836 2113 2880 bominificb·

1232 2895 1332 2937 jelius
1342 2895 1461 2936 efficitur
1469 2916 1478 2927 ,.
1504 2897 1542 2927 In
1547 2891 1709 2933 profeffione
1724 2889 1866 2933 fiquidem
1879 2891 1932 2923 illa
1942 2888 2052 2928 confilio
2063 2899 2113 2920 ve·

1215 2965 1217 2967 -
1231 2944 1291 2985 stro
1313 2950 1407 2977 nimia
1418 2941 1604 2984 simplicitate
1620 2946 1755 2982 acquievi
1775 2966 1782 2973 .
1811 2941 1866 2973 Ubi
1877 2939 1909 2982 fi
1928 2939 2003 2981 quid
2024 2938 2113 2971 aliter

1238 2996 1337 3028 allum
1347 2993 1384 3035 est
1395 3019 1406 3034 ‚
1431 3005 1484 3026 vos
1491 2990 1617 3035 scienter
1640 2990 1747 3031 fecissit
1756 3015 1768 3033 Ι,
1792 3002 1845 3034 ego
1857 2995 2028 3035 sgnoranter
2043 2995 2114 3028 pec-

1215 3057 1218 3060 ·
1239 3051 1307 3078 cavi
1320 3069 1327 3076 .
1354 3045 1414 3077 Sed
1426 3047 1567 3077 DomInus
1581 3040 1668 3081 noster
1676 3041 1855 3075 honorabilis
1861 3042 2010 3070 memoriae
2025 3039 2115 3079 Papa.

310 3092 380 3136 85³⁵
398 3102 502 3134 Pseces
518 3106 658 3138 reparare
683 3099 789 3132 voluit
810 3095 960 3132 laudatus
986 3096 1175 3131 Alexander
1215 3093 1218 3133 J
1240 3095 1377 3128 Urbanus
1387 3091 1550 3135 secundus,
1576 3103 1639 3125 cum
1658 3099 1713 3132 per
1726 3103 1778 3123 nos
1798 3086 1962 3130 transtretss,
1988 3089 2118 3121 audivit·

1239 3147 1258 3176 ἃ
1264 3144 1418 3187 fratribus
1432 3168 1442 3183 ,
1469 3155 1514 3176 me
1526 3142 1611 3177 vobis
1620 3136 1921 3186 profffonemftciffe
1933 3162 1940 3168 .
1967 3139 2052 3170 Unde
2067 3149 2112 3170 co-

1239 3195 1370 3228 lumbam
1380 3192 1532 3237 seduc‘lam
1551 3204 1598 3226 cor
1610 3203 1666 3225 non
1685 3188 1836 3221 habentem
1855 3199 1902 3221 me
1925 3189 2029 3222 ,dicens
2042 3212 2052 3226 ‚
2075 3189 2114 3225 <9¹

1240 3245 1425 3279 vehementer
1446 3250 1603 3289 increpans
1614 3265 1624 3280 ,
1649 3238 1727 3271 illud
1735 3244 1883 3271 veraciter
1893 3237 1967 3270 mihi
1986 3247 2043 3280 pro
2054 3242 2114 3272 tri-

1241 3302 1318 3328 mine
1326 3294 1492 3338 imputasset
1499 3318 1511 3336 ‚
1527 3333 1530 3337 ¹
1530 3292 1561 3334 fi
1565 3293 1742 3334 ignorantiae
1752 3299 1826 3324 meae
1839 3299 1873 3320 ac
1888 3290 2048 3328 juventuti
2055 3293 2115 3321 mi-

1237 3344 1424 3389 sericorditer
1447 3354 1505 3377 non
1524 3337 1696 3382 pepercisset
1718 3362 1725 3369 .
1749 3340 1829 3380 ,ραι
1852 3340 1924 3371 vero
1952 3334 2042 3379 super
2063 3334 2114 3368 boc

1242 3405 1342 3429 contra
1354 3407 1409 3428 vos
1427 3391 1604 3435 protulerit,
1628 3397 1685 3430 pro
1697 3392 1868 3421 reverentia
1890 3386 1979 3428 vestri
1994 3387 2114 3419 ordinis

1242 3448 1343 3481 melius
1353 3444 1390 3486 est
1400 3443 1469 3476 inde
1473 3440 1574 3483 silere,
1599 3450 1689 3482 quam
1712 3439 1810 3482 loqui.
1837 3442 1930 3482 Igitur
1951 3436 2031 3479 quod
2049 3435 2112 3495 ifli-

2010 3491 2067 3519 rite
