2352 3736
63 698 145 726 Tom.
156 698 184 724 6.

62 736 121 766 1²01.
139 745 170 769 17
177 745 199 764 1.

606 126 937 157 SECUNDUM
970 108 1277 154 ROMANUM
1312 104 1679 149 CONCILIUM.

269 201 487 267 Exponam·
509 216 608 244 error
635 194 984 263 Capharnai'tarum
1009 197 1066 238 (φ

393 275 633 333 Paganorum
669 273 768 314 circa
781 262 964 331 stiiziiam

529 336 812 385 Eucharistiam
823 370 836 381 .

336 449 507 484 Enuinum
518 449 664 483 adversus
675 445 803 479 boniac
829 442 907 477 mali
920 438 1041 476 sciendi
1059 451 1113 483 po·

361 511 475 541 mum,
501 498 768 537 commiffamque
790 493 823 525 in
845 493 915 536 ipso
937 493 1079 526 nostram
1095 489 1113 522 ὲ

238 549 316 583 Deo
326 548 525 594 Apostafiam
538 546 726 582 Antidoton
737 546 797 577 esse
808 543 1041 576 sacrosanctum
1052 539 1114 572 Eu·

238 598 393 634 charistiae
421 601 664 634 Sacramentum
676 619 685 634 ,
711 594 835 627 rediein
847 594 951 635 primo
963 591 1114 625 adversus

238 649 475 695 Berengarium
485 647 569 680 libro
594 644 714 687 scripsit
728 643 876 678 laudatus
888 639 1115 675 Guitmondus

238 711 280 734 ex
291 700 397 734 Sansti
410 696 546 740 Joannis
555 694 787 738 Chrysostomi
800 693 952 726 Homilia
965 691 1005 724 de
1016 687 1113 722 libro-

239 760 312 784 rum
325 747 462 792 Sigillis.
488 746 579 780 Sicut
590 745 624 778 iri
638 745 697 778 illo
710 745 826 778 miram
838 743 961 785 plenae2
982 751 1046 783 qua
1057 738 1115 772 ho-

240 809 296 833 mo
319 799 395 831 Deo
415 797 532 841 aequari
554 798 656 839 posset
672 820 682 834 ,
710 793 869 827 libertatis
904 789 1116 833 adipiscendae

241 849 307 882 virn
315 846 442 880 latitare
462 848 619 884 mentitus
631 845 677 878 est
693 842 856 877 Diabolus
867 845 882 882 ,'
901 841 936 874 ἃ
948 840 1008 874 sibi
1018 848 1117 873 teme·

239 899 273 932 re
283 897 429 930 credulos
440 895 665 938 Protoplastos
687 894 721 926 in
734 892 912 937 originales
926 890 1116 933 iniquitates

238 946 422 981 &miserias
443 945 592 986 seduxit;
620 945 666 978 ita
689 944 723 977 in
748 941 813 976 hoc
830 941 1055 976 admirandam
1073 950 1118 973 re-

237 995 558 1041 cuperandaejustitiae
579 1006 617 1028 ac
627 993 793 1029 felicitatis
815 992 978 1031 radicem,
1003 991 1118 1032 utique

238 1047 445 1090 semetipsum
465 1070 476 1086 ,
515 1045 623 1089 posuit
646 1043 814 1078 Dominus
842 1041 950 1077 noster
983 1040 1118 1083 JESUS

236 1094 409 1137 Christus,
436 1094 559 1138 sibique
573 1105 645 1129 vera
659 1093 862 1137 promittenti
876 1091 1002 1134 praeberi
1014 1090 1117 1124 voluit

237 1146 296 1182 illa
306 1146 423 1186 fidem,
449 1155 547 1189 quam
565 1143 642 1179 ante
660 1143 849 1177 dederamus
870 1141 1008 1175 Diaboli
1029 1152 1117 1174 men-

238 1195 341 1230 daciis
365 1222 372 1228 .
399 1195 473 1229 Esse
498 1206 589 1228 novo
612 1193 832 1228 Testamento
862 1191 968 1226 sanxit
993 1202 1115 1224 novum

237 1247 314 1280 vitae
324 1247 453 1290 lignum
465 1269 475 1284 ,
503 1255 557 1287 per
567 1244 655 1286 quod
675 1242 709 1276 in
725 1254 825 1286 pomo
844 1242 906 1276 isto
919 1241 1042 1284 perdita
1059 1241 1118 1273 im-

237 1297 422 1330 mortalitas
432 1305 508 1328 cum
519 1294 644 1328 foenore
663 1293 850 1328 redderetur
860 1318 867 1324 .
895 1293 995 1325 Hanc
1006 1291 1096 1324 enim
1107 1315 1116 1330 ‚

238 1346 417 1380 &cunctas
437 1345 516 1378 alias
529 1344 628 1377 nostri
650 1342 794 1386 corporis
814 1343 849 1376 in
861 1343 972 1376 futuro
996 1342 1116 1384 Regno

239 1395 334 1430 dotes
354 1395 416 1429 effe
437 1394 605 1439 proprium
627 1390 724 1436 hujus
749 1392 947 1426 Sacramenti
968 1392 1118 1425 effestum

239 1444 411 1479 Dominus
421 1443 456 1477 in
474 1443 659 1488 Evangelio
680 1441 786 1476 lucide
797 1442 913 1476 docuit
927 1466 938 1481 ,
963 1441 996 1475 ὃ(
1009 1441 1119 1474 omnis

235 1494 296 1529 sub
316 1495 400 1529 coelo
414 1494 556 1528 Ecclesia
582 1495 704 1535 semper
713 1492 826 1526 sensit.
850 1492 937 1525 Rem
957 1491 1119 1524 admiran-

236 1544 336 1586 dam,
362 1544 493 1587 &quasi
518 1541 764 1581 incredibilem,
791 1541 886 1574 variis
906 1540 1117 1573 etiaminan-

234 1595 332 1639 miquo
351 1593 567 1628 Testamento
589 1592 718 1635 figuris,
745 1589 815 1624 imo
833 1591 867 1624 ἀ
888 1589 994 1633 planis
1016 1599 1112 1632 atque

234 1643 355 1687 apertis
397 1641 679 1686 praedicatioriibus
710 1666 720 1681 ,
755 1640 868 1674 divina
906 1640 1110 1683 providentia

237 1692 381 1728 munivit
402 1717 410 1726 .
437 1691 541 1726 Primi
564 1690 630 1734 ejus
665 1691 836 1726 adversarii
859 1691 991 1724 fuerunt
1018 1689 1115 1732 Judaei

235 1741 487 1786 Capharnaitae,
513 1743 548 1776 &
568 1742 695 1785 aliquot
717 1740 873 1775 animales
895 1737 1002 1772 adhuc
1025 1739 1116 1772 disci-

236 1793 308 1836 puli
321 1817 331 1831 ‚
357 1792 577 1826 existimantes
593 1791 624 1825 se
645 1791 662 1824 a
676 1790 825 1825 Domino
848 1789 980 1823 invitari
1001 1788 1042 1822 ad
1054 1790 1116 1822 fru-

236 1842 347 1878 ssatim
369 1843 455 1885 quasi
482 1842 515 1874 in
541 1840 678 1875 macello
698 1841 843 1874 concisas
859 1839 925 1881 ejus
941 1850 1050 1872 carnes
1064 1850 1135 1872 vom

238 1892 354 1926 randas
377 1915 388 1931 ,
413 1892 544 1935 ejusque
569 1893 603 1924 in
638 1891 765 1934 propria
787 1891 893 1923 forma
927 1890 1116 1933 sanguinem

228 1937 402 1977 barbarice
412 1940 627 1975 hauriendum
641 1966 647 1972 .
678 1940 720 1973 Et
732 1938 817 1973 certe
828 1940 867 1973 ad
881 1940 1017 1982 primam
1033 1938 1116 1972 tanti

236 1992 363 2026 Arcani
386 1990 647 2034 praedicationem
681 1989 816 2023 carnalis
839 1990 969 2023 animus
992 1992 1117 2031 poterat

235 2041 296 2076 sibi
319 2041 434 2075 similia
458 2041 630 2085 imaginari
645 2067 653 2074 .
677 2038 795 2084 Longe
807 2039 935 2084 gravior
959 2038 1118 2082 fuitJudae

1129 1874 1134 1892 Ι

236 2091 413 2136 proditoris
438 2091 611 2132 iniquitas,
639 2090 680 2124 de
699 2101 763 2133 qua
789 2090 822 2122 in
836 2088 1010 2123 Dominici
1033 1896 1136 2131 apudi

238 2140 434 2175 Matthaeum
446 2140 558 2181 verbi,
587 2140 689 2173 Bibite
702 2151 801 2172 omnes
813 2139 1017 2183 expositione
1041 2139 1067 2171 Β

241 2201 395 2235 gas-orum
420 2189 688 2233 Archiepiscopus
709 2188 984 2233 Theophylaetus
1008 2202 1015 2220 ι
1041 2190 1117 2221 Sunt

240 2245 290 2281 qui
302 2241 404 2272 dicant
421 2249 541 2282 propter
545 2244 575 2284 J
579 2241 669 2272 udam
691 2239 741 2272 hoc
760 2240 884 2271 dicrum.
906 2242 937 2282 J
941 2239 1017 2270 udas
1039 2243 1118 2271 em'm

234 2298 350 2333 panem
367 2295 474 2331 accepit
486 2314 497 2329 ,
523 2291 760 2323 &nonicomedic
775 2313 785 2328 ‚
807 2287 865 2331 sed
879 2288 1057 2328 occultavit,
1085 2295 1118 2321 ut

238 2339 414 2379 monstraret
419 2343 451 2384 J
453 2340 550 2372 udaeis
562 2364 573 2380 ,
598 2340 677 2381 quod
680 2347 792 2380 panem
811 2342 924 2380 Corpus
936 2337 1024 2380 suum
1034 2348 1117 2371 voca-

238 2398 287 2423 ret
310 2389 447 2431 JESUS
467 2413 474 2421 .
503 2390 639 2422 Poculum
661 2398 760 2422 autem
779 2393 895 2421 invitus
916 2388 991 2421 bibit
1011 2413 1022 2428 ,
1052 2399 1117 2421 cum

238 2450 299 2472 non
320 2439 410 2481 poffeit
435 2439 579 2472 oct-altare
600 2464 607 2471 .
646 2441 808 2480 Propterea
830 2437 880 2472 hoc
901 2439 957 2470 loco
979 2438 1117 2478 dicebat,

239 2488 400 2522 BlBlTE
428 2488 594 2522 OMNES
615 2512 623 2520 .
651 2488 848 2531 Mysterium
883 2488 998 2531 Judaeis
1023 2486 1118 2531 Judas

236 2538 424 2572 enuntiavit
446 2563 456 2580 ‚
482 2538 642 2574 blaterans
665 2538 855 2572 Dominum
875 2563 885 2578 ,
912 2539 968 2581 qui
999 2549 1117 2581 panem

240 2587 362 2623 diceret
371 2588 434 2623 effe
453 2591 546 2623 suum
564 2589 692 2632 Corpus
702 2588 742 2622 ab
753 2588 907 2622 omnibus
919 2588 1117 2622 manducan·

239 2636 343 2677 dum,
368 2638 559 2683 neutiquam
582 2640 645 2674 effe
670 2639 858 2681 promissum
878 2639 897 2672 a
921 2639 1011 2683 Lege
1031 2638 1118 2672 Mes-

240 2686 340 2725 fiam,
363 2687 420 2721 sed
446 2689 545 2732 ipsius
565 2689 770 2723 manifestum
790 2699 828 2722 ac
848 2700 954 2722 morte
975 2689 1116 2733 dignum

241 2735 462 2778 proditorem.
489 2738 607 2772 Hausit
624 2739 682 2772 ista
691 2738 963 2782 Theophyladius
987 2751 1027 2773 ex
1039 2740 1116 2773 San·

241 2788 293 2819 eto
314 2785 439 2827 Joanne
461 2786 697 2830 chrysostomo
725 2813 736 2829 ,
765 2790 909 2834 itemque
935 2801 976 2823 ex
998 2790 1116 2823 Sanno

242 2834 363 2869 Basilio
376 2859 387 2875 ,
413 2834 503 2877 cujus
538 2837 573 2869 in
594 2838 741 2882 Liturgia
762 2839 853 2874 canit
888 2839 929 2873 ad
949 2838 1114 2873 Christ-um

242 2885 433 2919 Dominum
445 2885 598 2919 Sacerdos
609 2900 619 2919 .·
645 2891 717 2921 Non
729 2894 788 2921 tuis
799 2893 926 2921 inimicis
948 2890 1045 2922 dicam
1058 2893 1114 2928 My-

237 2934 382 2975 sterium,
408 2947 465 2968 non
486 2934 561 2968 dabo
578 2935 633 2968 tibi
647 2935 791 2979 oftulum,
805 2938 1012 2983 ficutJudaes.

294 2983 590 3028 Capharnaitarum
602 2986 727 3019 caecitas
739 2989 882 3022 transivit
891 2988 926 3021 in
938 2988 1091 3033 Paganos
1105 3015 1115 3031 ,

243 3035 301 3076 qui
322 3035 478 3077 quoniam
500 3035 519 3068 a
542 3033 802 3071 Christianorum
822 3038 1023 3073 antelucanis
1039 3050 1115 3074 oon-

245 3083 396 3118 ventibus
412 3084 586 3119 audiebant
608 3086 795 3120 manducari
815 3087 958 3123 Carnem
968 3088 1044 3122 Filii
1057 3088 1114 3123 ho-

244 3133 347 3169 minis
366 3133 478 3168 &bibi
500 3135 569 3178 ejus
590 3136 814 3180 Sanguinem,
839 3137 1045 3172 crediderunt
1055 3150 1114 3172 no-

243 3184 296 3216 bis
307 3183 370 3217 esse
379 3182 569 3225 Thyestaeas
581 3186 736 3219 trucidati
756 3186 891 3220 infantis
900 3187 1030 3230 epulas,
1055 3199 1115 3223 nos

246 3234 311 3267 esse
330 3234 450 3277 pestem
472 3232 607 3269 humani
629 3237 754 3280 generis
773 3261 783 3276 ,
811 3235 908 3279 ipsius
930 3245 1046 3271 naturae
1058 3236 1114 3272 ho-

244 3283 331 3321 sses,
357 3282 512 3317 Barbaras
534 3285 570 3317 in
586 3282 734 3319 humana
757 3287 861 3320 forma
882 3285 1024 3325 belluas,
1049 3287 1112 3321 exi-

246 3333 331 3367 tium
354 3332 484 3375 Imperii
505 3333 670 3368 Romani.
697 3336 776 3369 Hoc
798 3336 861 3370 fuit
874 3335 1115 3372 unumetribus

245 3383 372 3418 saniosis
395 3382 588 3423 sceleribus,
613 3385 654 3417 de
664 3385 782 3428 quibus
800 3387 839 3422 >in
858 3387 910 3422 sua
926 3386 972 3422 ad
994 3387 1114 3423 Roma-

347 3432 514 3476 cbristLpi
525 3436 740 3476 Opcr.Tom.1V.

1174 2797 1250 2835 gam·
1267 2801 1335 2823 cum
1356 2792 1534 2832 invenissent
1557 2794 1697 2832 Corporis
1735 2790 1842 2830 Christi
1861 2793 2055 2823 Sacramenta

1175 3047 1207 3086 gi
1218 3039 1382 3083 discussores
1394 3039 1472 3072 nihil
1480 3043 1739 3074 sacramentorum
1750 3039 1859 3080 christi·
1870 3045 1903 3072 in
1916 3039 2054 3073 manibus

1899 117 1995 158 235

1175 199 1234 222 nos
1256 187 1468 232 Imperatores
1491 185 1659 231 Apologia
1683 183 1811 230 questus
1827 185 1889 219 fuit
1905 183 2054 220 Philoso-

1176 237 1258 282 phus
1271 238 1379 272 noster
1403 237 1654 282 Athenagoras.-
1674 237 1809 281 Judices
1831 243 1961 268 nontam
1978 237 2055 278 quid

1175 287 1351 330 commiserit
1361 300 1427 322 reus
1441 290 1549 331 aliquis
1560 286 1686 327 nostrum
1697 292 1854 328 inquirunt
1866 311 1877 326 ‚
1902 296 1991 328 quam
2002 284 2059 327 ipfi

1176 342 1306 377 nomini,
1322 346 1466 381 tanquam
1489 349 1565 372 cerro
1573 336 1693 380 sceleri,
1719 337 1867 369 illudunt.
1894 336 2056 383 Qisquis

1175 386 1396 428 deferebatur,
1421 399 1475 423 aut
1497 390 1528 422 se
1546 387 1707 422 fatebatur
1727 388 1789 421 esse
1812 385 2057 424 Christianum,

1176 436 1357 480 Thyestaeae
1376 437 1511 474 feritatis
1525 437 1712 472 censebatur
1736 437 1893 480 inspectus
1911 445 1967 469 aut
1981 447 2059 470 con-

1178 488 1299 528 virius,
1326 490 1360 522 δε
1380 498 1538 531 tanquam
1562 497 1656 531 capta
1679 486 1787 521 bellua
1808 485 1993 521 trahebatur
2016 484 2058 519 ad

1178 538 1343 573 lanienam
1356 563 1363 570 .
1390 537 1534 571 Plurima
1555 537 1718 572 Fidelium
1741 537 1846 570 millia
1866 535 1931 571 hoc
1956 535 2060 570 modo

1177 589 1308 623 fuerunt
1328 587 1507 622 trucidata.
1535 587 1694 634 Qisquis
1719 585 1925 626 trucidabat,
1950 585 2061 621 existi-

1180 638 1326 672 mabatur
1337 638 1415 672 Deo
1427 639 1531 672 facere
1541 636 1762 678 Sacrificium;
1789 637 1869 672 dum
1882 636 1992 680 pluvia
2003 635 2061 670 de·

1178 689 1284 723 ficeret
1294 713 1305 729 ,
1333 686 1511 722 exundaret
1523 698 1624 726 mare,
1639 695 1695 719 aut
1707 685 1830 720 flumen
1843 711 1854 728 ,
1881 686 1931 720 vel
1941 685 2062 730 quaevis

1178 739 1347 773 calamitas
1379 737 1542 781 affligeret
1554 737 1745 771 Romanum
1771 735 1946 778 imperium
1966 761 1976 777 ,
2002 746 2062 771 nos

1178 787 1359 822 ferebamur
1381 788 1474 820 causa
1487 810 1497 826 ,
1516 786 1734 828 unanimique
1754 796 1835 819 voce
1849 783 2062 828 Amphithea-

1179 848 1264 872 trum
1289 838 1307 871 a
1335 836 1487 880 Principe
1514 848 1570 870 aut
1606 834 1806 870 Proconsule
1838 834 2064 877 expostulabat

1183 886 1363 928 Christianos
1386 889 1431 920 ad
1452 891 1598 921 Leonem.
1626 889 1681 919 Tot
1701 884 1794 920 Fidei
1815 885 1848 918 ὃς
1875 884 2064 929 Religionis

1181 938 1293 973 nostrae
1313 937 1402 977 hostes
1417 962 1427 977 ,
1454 937 1563 980 inquit
1585 938 1619 970 in
1635 936 1719 970 libro
1741 935 1965 979 Apologetico
1980 934 2064 967 Ter-

1180 989 1338 1024 tullianus
1360 1012 1371 1028 ,
1395 996 1465 1029 quot
1482 993 1646 1021 extranei.
1680 989 1727 1019 Et
1743 987 1861 1028 quidem
1883 986 2004 1027 proprii?
2028 996 2067 1017 ex

1183 1040 1367 1073 aemulatione
1369 1039 1401 1080 J
1402 1040 1484 1071 udaer·
1495 1063 1506 1078 ,
1533 1050 1571 1071 ex
1584 1038 1749 1077 concuffione
1768 1039 1878 1069 milites
1891 1060 1902 1075 ,
1927 1047 1964 1069 ex
1976 1043 2068 1069 natu-

1182 1103 1217 1122 ra
1241 1088 1455 1131 ipstDomestt'ci
1467 1087 1569 1127 nostri.
1598 1088 1742 1130 ,Quotidie
1761 1085 1918 1128 obfidemur
1931 1111 1941 1125 ,
1969 1091 2067 1127 quott-

1182 1141 1231 1175 di?
1237 1140 1417 1181 prodimur,
1444 1144 1477 1171 in
1488 1137 1554 1180 ipfis
1575 1139 1738 1179 plurimum
1758 1135 1880 1170 caetibus
1907 1136 2068 1179 &congre-

1178 1189 1351 1233 gationibus
1370 1188 1472 1229 nostris
1497 1193 1711 1231 opprimimur.
1739 1186 1835 1221 Pater
1857 1186 1893 1219 in
1918 1185 2066 1226 Filium,

1181 1241 1284 1273 Filius
1302 1241 1338 1274 in
1360 1238 1513 1280 Patrem,
1539 1239 1659 1282 conjux
1681 1239 1717 1272 in
1730 1237 1931 1284 conjugem,
1960 1237 2067 1269 servus

1183 1291 1218 1323 in
1240 1290 1428 1324 Dominum
1447 1288 1563 1334 agebat
1574 1288 1856 1323 Frumentarium:
1888 1288 1930 1320 ex'
1959 1286 2067 1320 curio·
2086 1295 2158 1334 Cap,
2181 1307 2211 1334 9·

1182 1340 1272 1374 fitate
1292 1338 1417 1374 &odio
1422 1338 1578 1383 sanguinei
1587 1341 1682 1381 poculi
1703 1341 1922 1382 &tragicorum
1933 1335 2064 1377 ferculo-

1182 1401 1265 1423 rum.
1293 1389 1420 1423 Verum
1433 1388 1554 1424 laudati
1565 1389 1810 1433 Athenagorae,
1836 1386 2060 1426 Tertulliani,

1184 1440 1298 1482 Justini
1312 1438 1487 1481 Martyris,
1517 1439 1720 1481 aliorumque
1741 1438 1927 1471 nostrorum
1939 1437 2063 1470 Dolio-

1183 1501 1252 1523 rum
1263 1489 1430 1522 adversum
1456 1488 1673 1531 praejudicatas
1696 1488 1771 1520 istas
1782 1487 1965 1520 calumnias
1979 1485 2072 1528 Apo-

1183 1538 1423 1582 logiaetandem
1438 1537 1654 1571 obtinuerunt
1664 1537 1754 1581 quod
1768 1535 1876 1570 scribit
1888 1536 1974 1569 idem
1987 1535 2072 1569 Ter-

1183 1588 1358 1622 tullianus:
1388 1589 1509 1620 Plinius
1530 1586 1701 1631 secundm,
1726 1599 1791 1620 cum
1818 1584 1984 1627 Bithyniae
1998 1588 2072 1618 Pro-

1185 1644 1316 1671 vinciam
1327 1647 1457 1682 regeret,
1484 1639 1641 1671 damnatis
1663 1636 1840 1680 quibusdam
1864 1636 2067 1676 Christianis,

1184 1687 1362 1731 quibusdam
1385 1689 1487 1731 gradu
1506 1687 1593 1729 pulfis
1607 1712 1617 1727 ,
1643 1686 1711 1729 ipsa
1733 1688 1857 1720 tandem
1879 1687 2066 1719 multitudine

1179 1738 1374 1780 perturbatus
1399 1763 1409 1778 ‚
1436 1739 1511 1780 quid
1537 1739 1572 1770 de
1595 1747 1697 1771 caetcro
1725 1746 1823 1781 ageret
1855 1735 1977 1779 consulit
2000 1745 2070 1768 tunc

1183 1790 1350 1829 Trajanum
1361 1793 1593 1829 Imperatorem,
1621 1788 1753 1831 allegans
1772 1795 1885 1828 praeter
1907 1786 2071 1827 obstinatio-

1184 1850 1248 1871 nem
1270 1851 1327 1871 non
1350 1836 1540 1881 sacrificandi
1563 1837 1641 1870 nibil
1650 1839 1737 1870 aliud
1751 1836 1786 1880 se
1804 1838 1842 1870 de
1866 1840 2070 1869 sacramentis

1183 1901 1279 1922 eorum
1291 1890 1449 1931 comperisse
1463 1913 1472 1927 ‚
1499 1900 1588 1930 quam
1599 1897 1690 1921 caetus
1709 1890 1898 1920 antelucanos
1911 1888 1955 1920 ad
1962 1898 2072 1919 canen·

1183 1940 1251 1971 dum
1262 1938 1378 1977 Christo
1388 1948 1420 1970 ut
1444 1941 1504 1970 Deo
1517 1962 1526 1977 ,
1539 1939 1572 1971 (st
1583 1940 1627 1970 ad
1635 1937 1846 1979 conferendam
1857 1936 2045 1979 disciplinam
2054 1949 2070 1979 ‚-

1183 1988 1389 2029 homicidium‚
1417 1988 1616 2028 adulterium,
1641 1988 1806 2030 fraudem,
1828 1988 1989 2029 perfidiam
2004 2011 2014 2027 ,
2035 1988 2070 2020 (θ’

1183 2048 1291 2072 caeterae
1305 2037 1415 2081 scelera
1434 2038 1623 2079 prohibentes
1682 2038 1800 2073 Scribit
1824 2039 1854 2071 se
1877 2047 1918 2069 ex
1941 2034 2068 2070 duabus

1184 2088 1380 2123 Christianis
1402 2088 1530 2122 ancillis
1557 2100 1612 2131 Per
1628 2096 1791 2122 tormenta
1811 2088 1852 2121 de
1863 2087 2069 2120 antelucanis

1185 2141 1269 2172 secta:
1293 2138 1532 2172 conventiculis
1554 2138 1738 2181 inquifiise,
1767 2139 1800 2172 ὅ(
1814 2135 1899 2171 nihil
1921 2136 2068 2179 reperisse

1183 2189 1332 2223 criminis
1350 2212 1360 2228 ,
1386 2187 1443 2221 nifi
1468 2187 1557 2231 quod
1584 2188 1652 2221 illic
1674 2187 1842 2222 Christum
1865 2185 2065 2222 carminibus

1183 2237 1401 2279 honorarent,
1429 2239 1462 2271 &
1484 2238 1594 2272 Deum
1619 2240 1845 2282 profiterentur
1865 2263 1870 2269 .
1900 2237 1931 2270 A
1954 2238 2066 2270 nefari-

1183 2289 1233 2324 dis
1256 2288 1359 2332 epulis
1380 2312 1391 2328 ,
1419 2288 1552 2331 perfidia
1573 2289 1608 2321 in
1642 2289 1838 2323 Romanum
1862 2286 2063 2331 Imperium,

1184 2340 1318 2382 aliisque
1338 2336 1540 2373 facinoribus
1559 2350 1596 2371 ac
1609 2338 1742 2383 flagitiis
1762 2341 1825 2373 esse
1850 2337 1979 2382 penitus
1989 2338 2065 2371 alie-

1185 2401 1257 2423 nos.
1285 2389 1379 2423 Hinc
1399 2388 1510 2422 mitius
1533 2389 1567 2422 in
1579 2399 1640 2422 nos
1661 2388 1858 2432 pedetentim
1881 2388 1943 2422 esse
1966 2387 2063 2430 coepit

1184 2440 1351 2474 laudatum
1363 2439 1560 2483 Imperium,
1586 2441 1702 2472 mansit
1713 2449 1823 2474 tamen
1835 2463 1846 2479 ,
1871 2437 2064 2472 imo&cre-

1184 2491 1231 2524 vit
1243 2490 1311 2533 ejus
1330 2490 1516 2529 curiositas,
1539 2500 1640 2534 quem
1662 2491 1696 2523 ὅ(
1708 2490 1838 2533 qualem
1860 2487 2008 2522 hominis
2026 2489 2063 2522 fi-

1183 2540 1264 2575 lium
1285 2540 1361 2574 Deo
1384 2540 1497 2574 nostro
1517 2539 1763 2574 immolaremus
1787 2564 1798 2580 ‚
1833 2538 2061 2582 immolarique

1182 2601 1277 2625 carne
1307 2590 1342 2623 &
1361 2590 1519 2634 sanguine
1544 2591 1741 2625 vesceremur
1759 2616 1766 2622 .
1797 2590 1962 2637 Qisnam
1985 2591 2061 2627 esset

1184 2643 1318 2675 secretus
1333 2640 1512 2684 illepanis,
1539 2641 1633 2684 quale
1660 2642 1791 2675 vinum.
1819 2642 1914 2675 Hinc
1934 2640 2062 2675 desan-

1182 2693 1234 2725 eto
1255 2688 1425 2724 Tharfitio
1447 2690 1610 2724 Romanae
1629 2691 1779 2726 Ecclesia:
1794 2690 1962 2734 Acolytho
1984 2691 2061 2733 legi-

1183 2751 1254 2775 mus
1276 2740 1310 2773 in
1323 2740 1487 2774 Romanis
1505 2740 1694 2783 Martyrum
1715 2742 1854 2774 tabulis.-
1881 2743 1980 2783 ,Quem
2000 2743 2059 2773 Pa-

1175 2849 1347 2884 portamem
1361 2866 1371 2881 ‚
1382 2838 1543 2882 disquirere
1553 2848 1701 2882 coeperunt
1715 2843 1790 2884 quid
1794 2850 1908 2884 gereret
1919 2866 1926 2872 .
1955 2847 1993 2873 At
2008 2834 2056 2872 ille

1180 2891 1483 2935 ind1gnum7'udicans
1504 2896 1601 2932 porcis
1610 2893 1737 2932 prodere
1751 2895 1934 2934 margaritas
1945 2915 1956 2931 ,
1983 2900 2059 2923 tam-

1180 2944 1233 2975 diu
1252 2941 1359 2974 abillis
1372 2941 1521 2973 mactatus
1541 2939 1578 2979 est
1583 2940 1711 2982 fustibus
1725 2953 1758 2974 ac
1770 2942 1918 2983 lapidibus
1933 2964 1944 2980 ,
1968 2942 2057 2974 donec

1180 2991 1336 3026 exhalaret
1341 2989 1503 3032 spiritum.
1529 2993 1715 3024 Etrevoluto
1724 2993 1785 3031 ejus
1804 2989 2055 3033 corporesacrile-
2082 3016 2158 3052 Aug·
2184 3024 2230 3051 ,ἶς’

1180 3100 1233 3124 aut
1249 3096 1285 3122 in
1293 3089 1417 3129 vestibus
1428 3096 1610 3123 invenerunt
1624 3114 1631 3121 .
1659 3090 1783 3124 Eadem
1801 3090 1984 3124 curiositate
2003 3101 2055 3125 ca-

1181 3151 1254 3184 ptus
1278 3139 1454 3181 Imperator
1474 3138 1721 3181 Numerianus,
1744 3139 1763 3174 ἢ
1786 3141 1903 3175 Sancto
1926 3139 2052 3183 Babyla

1181 3188 1365 3226 Patriarcha
1374 3187 1589 3223 Antiocheno
1600 3188 1640 3223 ad
1649 3190 1854 3232 spestandum
1868 3191 1900 3225 in
1911 3190 2053 3226 Ecclesia

1182 3239 1406 3274 Christianum
1425 3239 1619 3273 sacrificium
1637 3240 1785 3280 admitti,
1811 3238 2007 3284 tandemque
2020 3241 2053 3274 vi

1181 3291 1301 3324 intrare
1311 3288 1416 3321 voluit
1427 3313 1435 3321 .
1463 3288 1520 3323 Ob
1531 3289 1690 3333 repulsam
1706 3300 1747 3323 ex
1757 3290 1865 3324 amico
1885 3291 1986 3325 fastus
2004 3291 2050 3324 est

1183 3339 1284 3374 hostis
1318 3338 1425 3372 noster
1453 3339 1486 3372 ὅ(
1511 3339 1693 3383 persecutor
1714 3364 1729 3380 ‚
1754 3340 1979 3385 Babylamque
2013 3339 2050 3370 ia

1183 3390 1362 3432 Martyrem
1372 3390 1537 3433 promovit
1545 3415 1553 3422 .
1581 3389 1664 3437 Qlae
1672 3391 1786 3427 omnia
1797 3391 1904 3427 lucide
1914 3385 2050 3430 convim

1565 3438 1647 3486 Gg
1695 3452 1719 3479 2
1919 3444 1999 3472 cunt
