2352 3736
170 2800 224 2829 lm.
240 2806 321 2833 1049.

426 191 525 221 200

356 259 556 303 eapeffendam
582 259 686 292 sedem
711 256 895 300 Apostolieam
920 255 1056 289 tenderet
1076 258 1201 287 Romam
1217 279 1227 295 ,

355 311 477 344 audivit
488 319 573 341 voces
586 308 757 354 Angelorum
771 310 986 338 concinentium
998 329 1009 345 ‚
1035 308 1117 338 Dicit
1131 309 1227 338 Domi-

357 371 414 394 nus
426 382 438 399 ,
462 361 528 402 Ego
543 363 631 405 cogito
640 361 824 403 cogitationes
830 360 919 396 pacis
928 379 939 396 ,
967 356 1002 392 (α’
1026 366 1083 388 non
1093 354 1228 397 afflic‘lio·

354 414 423 443 nis.
450 407 666 453 Utiqueinter
677 406 785 439 Deum
811 404 844 439 ἃς
858 402 1040 438 humanum
1064 416 1166 450 genus
1177 416 1230 449 pa-

353 458 423 498 cis,
449 469 517 501 quae
529 457 590 490 effe
617 466 682 488 non
698 453 793 497 poffit
808 455 872 488 fine
899 453 1024 498 integra
1051 466 1107 490 aut
1134 456 1229 490 refor-

351 517 442 543 mata
451 504 708 541 Christianitatis
721 503 902 547 disciplina.
929 504 1041 550 Qm
1052 504 1229 540 Coelestem

350 555 560 599 Prophetiam
573 555 644 588 Leo
655 553 762 588 statim
774 552 983 598 adimplevit.

403 605 488 639 Eum
500 605 590 642 enim
602 604 637 638 in
648 603 905 652 Qadragefima
916 603 1008 639 fuisse
1032 602 1230 640 inthroniza-

349 661 422 691 tum
435 653 542 691 scribit
552 652 762 689 Hermannus
776 655 972 690 Contractus
983 680 993 696 ,
1021 656 1056 690 &
1068 656 1227 700 adjungit:

351 709 409 739 Leo
432 708 521 748 Papa
542 709 574 738 fn
586 705 772 739 hebdomada
795 705 857 747 post
872 705 963 739 Albas
973 708 1115 744 synodum
1126 710 1230 741 Romae

347 768 415 791 ,cum
429 754 583 799 Episcopis
596 757 697 793 Jealiae
710 756 890 789 celebravit.
919 761 994 790 Item
1019 763 1051 790 in
1074 756 1230 790 bebdoma-

349 808 392 839 da
402 806 579 847 Pentecostes
604 807 696 839 aliam
723 807 863 848 synodum
886 809 994 849 Papiae
1014 812 1204 851 congregavit
1217 830 1228 847 ‚

347 858 474 899 indeque
479 863 535 899 per
547 865 674 890 montem
678 860 709 901 J
712 861 777 889 ovis
787 867 853 890 cum
875 858 1017 899 plurimis
1031 860 1227 890 Romanorum

345 911 382 941 in
394 906 568 949 cisalpinas
583 915 691 949 partes
703 907 825 940 devenit
838 931 845 938 .
873 909 956 942 Asia
968 906 1035 943 haec
1046 908 1112 941 dici
1139 918 1226 941 anno

348 956 421 1001 post
433 956 640 990 millesimum
659 957 903 1002 quadragefimo
917 969 1008 992 nono
1020 981 1031 998 ‚
1056 959 1091 992 &
1104 957 1220 1001 pergit.-

350 1007 522 1040 Autumnali
532 1014 659 1047 tempore
674 1008 817 1039 Dominus
830 1009 920 1049 Papa
930 1019 1072 1050 magnam
1082 1009 1226 1046 synodum

345 1060 451 1089 Remis
476 1054 581 1089 babuit
606 1067 671 1089 cum
698 1057 865 1089 Galliarum
889 1057 1047 1101 Episcopts
1062 1082 1073 1098 ‚
1100 1059 1226 1098 indeque

349 1109 535 1151 Moguntiam
545 1112 667 1139 veniens
678 1106 773 1139 aliam
785 1108 925 1145 synodum
937 1109 1140 1151 quadraginta
1156 1115 1223 1148 pro-

340 1158 387 1199 p?
404 1154 614 1198 Epifioporum
640 1148 932 1199 “oram‘'lmperatore
957 1160 991 1192 6·
1017 1162 1112 1202 Regni
1139 1155 1224 1197 nostri

348 1206 538 1248 Principibus
564 1205 742 1240 celebravit.
771 1206 826 1240 Ad
838 1208 978 1242 eundem
998 1218 1123 1241 annum
1152 1206 1223 1240 scri-

346 1255 397 1293 bit
423 1257 556 1290 Simeon
575 1255 822 1290 Dunelmenfis:
853 1259 968 1293 Eodem
993 1269 1073 1290 anno
1098 1257 1222 1290 sancius

344 1308 406 1343 ,Leo
418 1309 505 1347 Papa
516 1316 619 1350 rogatu
629 1311 749 1342 eximiae
760 1308 920 1350 Religionis
934 1307 1059 1340 Abbatis
1081 1313 1222 1347 Hermari

341 1361 377 1390 in
389 1356 554 1389 Franciam
565 1361 651 1389 venit
662 1379 672 1395 ,
698 1355 810 1389 habens
830 1363 863 1389 in
875 1361 1027 1391 Comitatu
1044 1357 1099 1401 suo
1112 1357 1221 1399 Praefe-

341 1405 422 1439 &um
449 1406 640 1450 &digniores
649 1405 775 1449 quosque
786 1410 935 1441 Romuleae
946 1408 1032 1444 urbis
1048 1433 1058 1448 ,
1087 1409 1120 1445 (θ’
1147 1410 1221 1440 San-

339 1456 383 1488 t‘li
403 1459 529 1499 Remigii
549 1459 730 1489 Francorum
743 1456 866 1496 Apostoli
886 1458 1091 1498 Monasterium
1118 1460 1220 1490 Remis

338 1504 526 1546 constitutum
551 1511 683 1537 maximo
699 1515 764 1536 cum
777 1504 881 1538 honore
894 1507 1046 1540 dedicavit
1059 1532 1068 1547 ,
1096 1509 1130 1541 (τ
1148 1506 1218 1549 post·

341 1555 459 1588 »rodum
473 1561 505 1587 in
530 1552 595 1596 ipsa
608 1553 677 1587 urbe
689 1565 828 1598 magnam
840 1557 981 1593 synodum
993 1556 1221 1600 Arcbiepiscopo-

334 1616 408 1639 rum
421 1629 432 1646 ‚
459 1603 670 1648 Episcoporum
681 1627 692 1646 ,
715 1606 752 1638 1&
773 1604 919 1639 abbatum
931 1631 940 1647 ‚
962 1605 1018 1650 sex
1041 1606 1142 1640 diebus
1154 1607 1219 1641 cele-

335 1655 445 1690 bravit
459 1680 467 1689 .

393 1703 600 1740 Venerabilis
611 1707 667 1740 ille
678 1707 858 1741 Hermai-us
869 1707 931 1741 fuit
951 1707 1058 1742 Sanffi
1073 1703 1219 1751 Remigii

340 1752 514 1790 Remenfis
529 1756 660 1795 Abbas,
687 1756 728 1790 de
744 1768 810 1800 quo
837 1758 871 1791 δε
890 1758 1051 1791 Francicae
1064 1756 1221 1791 Historiae

336 1805 360 1839 ὸ.
374 1806 520 1840 Roberto
534 1807 623 1850 Rege
635 1809 733 1847 usque
747 1806 786 1839 ad
799 1806 944 1850 Philippi
960 1807 1054 1851 primi
1078 1816 1219 1841 mortem

341 1858 562 1901 fragmentum
576 1870 585 1888 :
613 1860 736 1889 Henrico
757 1860 835 1900 Rege
857 1866 1019 1900 regnante,
1048 1859 1107 1889 Leo
1133 1859 1221 1899 Papa

336 1912 374 1939 ·t'n
386 1911 414 1938 F
416 1912 550 1939 ranciam
563 1913 666 1946 venit,
692 1916 795 1950 rogatu
806 1910 942 1939 Hermari
969 1907 1098 1940 Coenobii
1117 1907 1221 1940 Sanllt‘

338 1960 469 1999 Remigii
496 1956 638 1988 Abbatis.
667 1958 732 1998 ,Qui
756 1959 861 1989 Remis
883 1963 1082 2000 pertingens,
1109 1960 1216 1989 Mona-

331 2006 453 2047 sterium
474 2003 602 2048 ejusdem
623 2005 723 2037 sanlli
747 2008 896 2050 Remlgii‚
923 2007 962 2038 ab
983 2008 1083 2040 eodem
1105 2006 1218 2039 Abbate

336 2061 457 2100 magnis
479 2053 646 2098 sumptibus
658 2054 834 2095 exstrchum
850 2080 860 2096 ,
886 2067 949 2089 cum
974 2062 1109 2089 niaxima
1130 2054 1219 2099 ninfe-

334 2111 440 2139 ,cravit
445 2107 543 2149 gloria
554 2131 561 2137 .
587 2106 646 2138 Ubi
658 2111 752 2138 etiam
767 2106 923 2139 multorum
942 2108 1095 2139 adunavit
1118 2109 1219 2138 Conci-

333 2159 412 2191 lium
432 2154 641 2199 Epist-oporam
666 2157 700 2188 (9
713 2155 880 2196 abbatum,
905 2161 937 2189 in
949 2167 1004 2198 quo
1023 2159 1218 2189 simoniacam

335 2205 479 2247 flaerefim
500 2230 511 2246 ‚
538 2217 606 2248 quae
625 2205 697 2247 fere
722 2214 815 2238 totam
851 2204 1025 2249 resperserat
1063 2206 1195 2239 Galliam
1208 2230 1217 2246 ‚

339 2255 540 2290 anathematis
560 2253 720 2299 sugillavit
741 2257 843 2300 gladio
866 2280 876 2296 ,
903 2257 1010 2289 multos
1035 2255 1219 2295 humilians„

335 2318 411 2349 quos
425 2318 461 2340 ea
476 2305 567 2348 pestis
578 2307 728 2339 extulerat
742 2330 753 2345 ‚
780 2308 814 2339 (9⁸
831 2304 999 2349 sandorum
1013 2309 1141 2339 Patrum
1158 2305 1218 2345 sta-

334 2365 407 2390 ruta
417 2381 428 2397 ,
454 2368 523 2399 quae
531 2357 739 2398 propemodum
750 2358 835 2398 apud
847 2357 947 2389 Gallos
959 2356 1070 2389 abolita
1072 2355 1199 2398 fuerant
1207 2379 1218 2396 ,

335 2407 506 2449 reformans
521 2431 528 2437 .
552 2406 667 2440 Exstat
678 2406 897 2450 fragmentum
909 2406 995 2450 apud
1009 2406 1217 2441 Franciscum

338 2457 384 2491 du
400 2455 548 2491 Chesne.
578 2455 633 2489 Ad
659 2454 856 2489 dedicandas
882 2456 1038 2491 Ecclefias
1058 2455 1216 2501 grandem

336 2505 537 2540 Antistitum
553 2517 725 2540 numerum
737 2507 917 2541 convenire
929 2530 940 2547 ,
966 2507 1000 2541 &
1013 2518 1052 2540 ex
1079 2507 1135 2540 ista
1165 2518 1218 2540 oc—

336 2556 466 2590 cassone
487 2556 657 2597 Synodum
671 2567 765 2598 agere
787 2580 797 2595 ‚
815 2556 862 2590 est
875 2567 945 2590 mos
956 2556 1194 2600 antiquiffimus
1205 2579 1217 2596 ‚

338 2605 448 2649 ipsum
476 2606 510 2639 ὅ(
538 2605 607 2638 Leo
619 2605 664 2638 est
677 2606 820 2638 secutus,

392 2654 519 2689 Verum
532 2653 611 2698 quid
622 2654 680 2688 fibi
694 2655 807 2689 volunt
821 2654 888 2690 haec
909 2655 1077 2690 Lamberti
1105 2654 1216 2690 schaf-

338 2705 548 2749 naburgenfis
561 2704 601 2738 de
614 2702 674 2738 hac
686 2704 822 2748 Synodo
834 2707 928 2741 verba
942 2730 952 2746 ‚
979 2706 1028 2739 Ad
1034 2714 1140 2748 pacem
1149 2707 1217 2738 Gal-

339 2757 391 2789 liis
404 2755 616 2789 reddendam?
644 2753 841 2798 Respondeo
855 2767 891 2790 ea
909 2756 1064 2790 elucidari
1090 2755 1108 2788 ὲ
1129 2755 1221 2800 Sige-

338 2806 433 2841 berto
445 2805 688 2839 Gemblacenfi:
719 2809 779 2838 Leo
790 2807 876 2847 Papa
886 2812 918 2839 in
931 2806 1047 2839 Gallias
1068 2810 1193 2839 veniens
1205 2826 1217 2844 ,

340 2866 375 2892 ut
385 2865 479 2889 motus
494 2860 617 2896 Imperii
632 2856 651 2886 ἃ
663 2855 813 2888 Balduino
838 2858 873 2889 <ff
886 2854 1212 2895 Godefridoconcitatos

339 2906 477 2950 sedaret,
507 2904 702 2945 Godefridum
720 2906 841 2946 quidem
865 2909 1038 2946 Imperatori
1054 2905 1220 2936 reconcilia-

343 2962 392 2990 vit
418 2970 432 2999 ,-
458 2955 607 2988 Balduino
628 2959 814 2996 pertinacius
848 2963 953 2997 agente
978 2975 989 2991 ‚
1026 2962 1128 2986 contra
1149 2964 1217 2986 eum

345 3010 507 3048 Imperator
534 3006 623 3038 duxit
648 3009 807 3038 exercitum
830 3027 840 3043 ‚
860 3003 920 3047 fi’d
944 3004 1066 3036 tandem
1093 3003 1218 3035 Baldui-

347 3066 401 3087 nus
424 3056 520 3095 flexus
540 3053 670 3089 condicio
682 3055 728 3086 die
743 3058 835 3096 Aquis
854 3057 1032 3095 Imperatori
1047 3052 1213 3096 satlsfecit.

348 3102 392 3135 Et
409 3104 538 3139 Simeon
551 3104 782 3139 Dunelmenfis
796 3117 803 3136 :
829 3108 974 3138 Henricus
987 3108 1154 3145 Imperator
1173 3108 1219 3135 in-

349 3154 554 3186 numerabilem
565 3159 751 3198 congregavit
763 3160 922 3188 exercitum
931 3162 1033 3187 contra
1047 3153 1215 3187 Flandren·

345 3200 410 3244 {cm
435 3206 576 3233 Comitem
598 3206 806 3244 Balduinum,
832 3206 963 3238 maxime
989 3215 1020 3237 eo
1044 3204 1124 3245 quod
1139 3206 1217 3235 Neo·

343 3261 470 3292 -magum
490 3250 577 3292 suum
603 3254 753 3285 Palatium
783 3253 957 3296 combuffisJet
981 3262 1071 3296 atque
1086 3252 1218 3296 fregisset

341 3299 576 3343 pulcherrimum
588 3325 595 3331 .
622 3305 658 3332 In
671 3313 729 3342 qua
745 3306 931 3344 expeditione
951 3303 1015 3346 fuit
1037 3307 1096 3336 Leo
1107 3305 1195 3344 Papa
1207 3326 1218 3342 ,

344 3351 386 3384 ιώ·
405 3350 441 3383 de
453 3349 554 3381 multis
576 3354 663 3380 terris
675 3351 782 3383 nobiles
808 3354 841 3385 (5·
864 3353 1012 3397 magnifici
1029 3358 1091 3387 viri
1116 3364 1219 3396 quam-

349 3400 471 3442 plurimi
492 3423 499 3429 .
534 3396 644 3430 Gallia
661 3421 670 3436 ‚
697 3398 745 3431 uti
771 3402 951 3436 etiamnum
978 3403 1081 3437 hodie
1103 3427 1114 3443 ,
1140 3413 1218 3436 tunc

348 3449 467 3495 partim
494 3446 692 3483 Germanico
718 3447 858 3492 Imperio
876 3474 888 3491 ‚
913 3452 1031 3496 partim
1057 3452 1219 3488 Francicae

942 170 1578 218 DISSERTATIO

1292 255 1433 289 Coronae
1444 254 1573 298 parebat
1584 279 1596 295 ,
1623 256 1658 290 ὅ(
1669 255 1703 291 in
1718 257 1776 292 issa
1788 259 1854 302 ejus
1869 269 1957 303 parte
1968 259 2168 297 Godefridu‘s

1292 303 1459 338 Gibbosus
1472 303 1696 350 Lotharingiae
1705 305 1785 340 Dux
1799 331 1810 348 ,
1835 310 1869 343 δε
1881 310 2060 347 Balduinus
2082 313 2169 347 Insu-

1291 354 1384 391 lenfie
1398 353 1651 390 flandrensium
1675 354 1796 390 Comes
1817 359 2008 396 exercebant
2028 361 2138 397 turbas
2156 388 2169 404 ,

1292 403 1376 439 bella
1396 429 1406 445 ‚
1439 405 1568 448 rapinas
1590 429 1601 446 ‚
1632 406 1785 440 incendia
1806 429 1818 445 ,
1852 418 1921 443 non
1948 408 2169 454 Imperialium

1290 455 1461 489 dumtaxat
1474 455 1676 489 Palation-um
1688 481 1698 496 ,
1710 455 1762 490 sed
1776 458 1875 491 etiarn
1890 458 2167 501 Monasseriorum

1291 515 1388 546 atque
1400 504 1613 540 Ecclefiarum
1624 531 1631 539 .
1660 506 1734 540 Hac
1745 507 1915 541 occasione
1925 508 1996 543 Leo
2007 509 2165 548 Pontifex

1291 554 1427 588 venitin
1442 554 1564 589 Gallias
1577 580 1588 596 ,
1615 557 1649 590 &
1671 557 1788 600 partim
1802 558 1836 590 in
1849 557 2071 602 Mogumim,
2097 575 2167 608 par-

1290 605 1351 639 tim
1364 604 1398 638 in
1412 604 1563 639 Remenfi
1576 606 1715 648 synodo
1729 608 1842 642 omnia
1862 609 2047 651 pacificavit
2057 634 2066 643 .

1350 655 1546 692 Remensem
1573 657 1744 699 Synodum
1772 658 1865 692 fuine
1891 658 2131 697 celeberrimam
2153 688 2166 705 ,

1290 704 1377 739 lucet
1398 717 1442 739 ex
1457 705 1561 739 verbis
1573 706 1758 741 Hei-manni
1781 708 1972 742 Contraeti:
2001 712 2060 743 Leo
2078 714 2164 754 Papa

1290 767 1432 798 magnam
1455 758 1599 794 synodum
1618 760 1721 790 Remis
1744 757 1867 792 habuit.
1897 758 1938 791 Et
1951 760 2082 794 Simeon
2096 761 2165 796 Du·

1286 805 1460 855 unelmenfis
1473 819 1484 839 .·
1513 810 1570 843 Leo
1593 809 1680 849 Papa
1691 819 1831 851 magnam
1854 810 1994 849 synodum
2016 811 2168 854 Archiepi-

1283 853 1434 899 scoparum
1450 882 1460 898 ,
1489 855 1700 900 Episcoporum
1711 883 1721 899 ,
1749 860 1783 892 (at
1796 859 1942 892 Abbatum
1955 884 1966 900 ‚
1986 859 2043 904 sex
2061 861 2165 896 diebus

1287 906 1453 942 celebravit
1464 932 1471 938 .
1499 911 1535 940 In
1547 919 1607 949 qua
1610 906 1679 949 fuit
1691 910 1834 942 Alduinus
1847 909 2029 951 Ramefienfis
2043 912 2144 945 Abbas
2152 937 2166 954 ‚

1289 957 1323 989 ό*
1344 957 1443 989 Abbas
1454 957 1621 1006 monasterii
1633 959 1735 991 sancit·
1757 958 1907 1003 Augustini
1925 962 1947 992 ἆ
1969 965 2047 1005 Rege
2061 963 2166 1006 Angla-

1287 1016 1354 1038 rum
1366 1008 1514 1038 Eduardo
1524 1008 1589 1040 illuc
1608 1008 1728 1041 direc‘li.
1758 1009 1907 1044 Adsuiffe
1929 1011 2028 1044 etiam
2051 1010 2166 1046 Gervi-

1289 1065 1368 1089 num
1388 1055 1495 1088 Sancti
1519 1055 1664 1090 Richarii
1688 1058 1893 1094 Centulenfis
1907 1059 2071 1095 Abbatem
2094 1061 2171 1103 scri·v

1287 1104 1381 1138 bitin
1395 1104 1540 1147 ejusdem
1559 1105 1753 1140 Monasterii
1776 1107 1947 1143 Chronico
1960 1110 2164 1155 Hariulphus

1289 1153 1480 1192 Monachus
1499 1180 1509 1196 ‚
1536 1154 1570 1188 &
1590 1154 1759 1199 adjungit:
1789 1160 1847 1189 Leo
1867 1161 1955 1199 Papa
1973 1183 1983 1198 ‚
2007 1171 2070 1192 cum
2085 1164 2165 1195 Bea-

1287 1205 1381 1245 ttffimi
1413 1208 1542 1249 Remigii
1561 1207 1715 1239 Remorum
1730 1206 1882 1249 Pontificis
1903 1207 2060 1249 Ecclesiam
2084 1211 2165 1244 dedi-

1287 1266 1354 1288 care
1383 1256 1502 1298 vem'ffet
1517 1279 1527 1295 ,
1553 1255 1752 1290 venerabilem
1764 1260 1930 1290 Gervinum
1941 1282 1951 1298 ‚
1979 1267 2013 1291 ut
2033 1258 2165 1303 ejusdem

1287 1304 1457 1348 ConfeJJoris
1480 1313 1583 1348 corpus
1606 1305 1720 1351 efferret
1738 1331 1748 1346 ‚
1773 1319 1839 1342 cum
1861 1309 1928 1342 aliis
1952 1308 2048 1343 tribus
2080 1311 2165 1353 sequ?

1282 1353 1395 1397 fiine‘i‘is
1417 1361 1493 1388 viris
1514 1355 1640 1399 delegit.
1668 1355 1820 1391 Affirmat
1842 1358 1976 1393 adfuisse
2003 1358 2166 1394 &Falco-

1286 1416 1362 1439 nem
1389 1405 1588 1449 Episcopum
1617 1404 1870 1441 Ambianensem
1889 1431 1896 1439 .
1931 1407 2041 1442 Etiam
2067 1408 2166 1444 Hali-

1291 1455 1426 1489 nardum
1453 1455 1709 1499 Lugdunensem
1739 1480 1749 1496 ,
1775 1457 1959 1501 Hugonem
1988 1458 2169 1494 Vesontio-

1287 1507 1418 1539 nensem
1435 1529 1446 1545 ,
1459 1505 1640 1540 Widonem
1659 1506 1854 1540 Remensem
1867 1531 1878 1547 ,
1892 1508 2073 1543 Evrardum
2083 1508 2167 1544 Tre·

1287 1556 1445 1588 virensem
1480 1554 1755 1599 Archiepiscopos
1775 1556 1912 1591 adfuisse
1937 1559 2045 1592 afferit
2072 1567 2163 1594 vetus

1283 1605 1389 1640 Sancti
1414 1605 1782 1649 BenigniDivionenfis
1796 1605 2009 1647 Chronicon,
2037 1609 2072 1643 &
2093 1619 2167 1652 pro-

1288 1656 1448 1699 sequitur:
1476 1655 1731 1697 Adfuerumpene'
1743 1661 1834 1689 totius
1855 1658 1965 1690 Galliae
1985 1667 2049 1691 tam
2061 1657 2164 1692 Archi·
2185 1670 2219 1699 Α,
2236 1677 2318 1706 1031,

1291 1703 1414 1747 episcopi
1425 1716 1515 1746 quam
1528 1704 1688 1748 Episcopi,
1714 1717 1776 1738 cum
1797 1707 2011 1740 innumerabili
2032 1709 2165 1742 multitu-

1285 1755 1354 1787 dine
1369 1755 1448 1787 cleri
1464 1755 1498 1787 (ν
1512 1755 1629 1796 populi.
1657 1754 1763 1790 Addit
1777 1755 1910 1790 adfuisse
1933 1757 2163 1803 &Hugonem

1290 1803 1487 1848 Episcopum
1501 1805 1765 1849 Lingonensem.
1793 1805 1971 1849 Synodalia
1982 1817 2035 1850 per
2046 1808 2166 1842 Domi-

1287 1866 1368 1888 num
1396 1853 1603 1888 Cardinalem
1632 1855 1790 1889 Caesarem
1828 1854 2007 1891 Batonium
2033 1856 2166 1902 publica

1287 1903 1370 1939 Asta
1380 1904 1471 1947 ajunt
1480 1904 1616 1938 adfuisse
1629 1904 1808 1948 Episcopos
1820 1905 1964 1950 viginti,
1991 1906 2025 1940 ὃ(
2037 1906 2102 1942 huc
2114 1908 2167 1942 us-

1282 1965 1348 1998 que
1362 1955 1540 1988 nominatis
1552 1953 1676 1993 addunt
1690 1953 1864 1988 Beroldum
1885 1956 2141 1992 Sueffionenstm
2151 1981 2165 1999 ,

1286 2005 1482 2048 Drogonem
1495 2004 1740 2044 Morinenscm,
1769 2004 1986 2039 Frotlandum
2009 2007 2166 2050 Sylvane-

1284 2056 1421 2088 &ensem
1448 2077 1459 2093 ,
1485 2053 1728 2089 Adelberonem
1755 2054 1960 2095 Metensem,
1987 2056 2165 2099 Josfridum

1283 2104 1569 2138 constantiensem
1585 2127 1594 2143 ‚
1621 2105 1758 2139 Ivonem
1788 2105 1997 2148 sagiensem,
2023 2105 2164 2140 Herber-

1283 2163 1354 2187 tum
1377 2155 1614 2188 Lexoviensem
1630 2179 1640 2195 ,
1666 2152 1884 2189 Theodorum
1899 2155 2137 2189 virdunensem
2152 2181 2164 2195 ,

1285 2203 1468 2249 Hugonem
1497 2203 1733 2239 Nivernenscm
1757 2230 1766 2246 ‚
1803 2204 1982 2239 Eusebium
2009 2204 2163 2249 Andega-

1284 2256 1413 2288 vensem
1428 2278 1440 2295 ,
1466 2253 1627 2289 Pudicum
1640 2253 1897 2288 Namnetensem
1911 2279 1921 2294 ,
1947 2256 1980 2288 ὃς
2000 2255 2161 2298 Ioannem

1286 2304 1483 2348 Episcopum
1503 2302 1715 2339 portuensem
1736 2329 1743 2337 .
1773 2304 1933 2338 Pudicum
1954 2305 2045 2348 ajunt
2069 2305 2162 2340 fuiffe

1283 2355 1481 2399 Episcopum
1523 2353 1747 2399 Anglicanum
1771 2379 1777 2386 .
1818 2351 1928 2388 Omne
1951 2353 2016 2389 hoc
2038 2355 2162 2390 Leonis

1280 2404 1454 2439 pontificis
1479 2405 1537 2439 iter
1573 2430 1584 2446 ,
1609 2405 1643 2439 ἀ
1669 2403 1795 2449 Synodi
1823 2404 1917 2448 hujus
1944 2404 2023 2438 Aea
2047 2404 2161 2438 descri-

1282 2454 1340 2499 pfit
1366 2465 1464 2499 atque
1477 2454 1603 2499 digeffit
1614 2455 1790 2488 Anselmus
1801 2455 1839 2487 Sa
1846 2455 1909 2488 nc'li
1924 2454 2069 2498 Remigii
2084 2455 2160 2488 Mo·

1285 2504 1429 2546 nachus,
1456 2504 1566 2538 verum
1577 2505 1694 2549 grandi
1718 2503 1944 2537 Ecclefiasticae
1964 2503 2158 2537 eruditionis

1282 2555 1399 2598 injuria
1412 2555 1505 2599 periit
1519 2554 1604 2588 istud
1615 2565 1709 2596 opus,
1721 2563 1776 2586 aut
1790 2553 1887 2591 latet,
1909 2552 2041 2596 ejusque
2053 2552 2158 2586 solum

1283 2606 1300 2638 a
1313 2605 1480 2649 Sigeberto
1493 2603 1718 2637 Gemblacenfi
1733 2603 1765 2636 in
1778 2602 1942 2646 Catalogo
1955 2603 2157 2646 Scriptorum

1287 2653 1584 2688 Ecclefiasticorum
1624 2652 1781 2685 habemus
1818 2650 1882 2685 hoc
1919 2652 2121 2686 Encomium
2144 2665 2156 2686 e

1280 2703 1432 2746 anselmus
1461 2701 1609 2743 Remenfis
1642 2699 1802 2734 Monachus
1823 2700 1939 2744 scripfit
1968 2708 2156 2736 ianuarium

1282 2759 1353 2786 noni
1377 2757 1483 2785 Leonis
1506 2754 1602 2793 Papae
1630 2753 1797 2784 aRomain
1808 2752 1950 2792 Gallias,
1975 2753 2009 2785 ob
2030 2752 2082 2786 hoc
2093 2763 2156 2784 ma-

1284 2804 1364 2835 xime
1388 2811 1421 2834 ut
1452 2802 1616 2842 notificaret
1637 2825 1647 2841 ,
1675 2811 1790 2843 quanta
1815 2800 1995 2835 authoritate
2029 2805 2153 2842 Remis,

1283 2853 1333 2885 vel
1342 2857 1373 2884 in
1385 2853 1456 2884 aliis
1466 2851 1585 2884 urbibus
1596 2853 1737 2889 synodum
1747 2850 1910 2892 celebrarit,
1923 2862 1981 2894 qua
1987 2849 2155 2894 subtilitate

1280 2904 1314 2936 (θ’
1330 2901 1451 2943 justitia
1470 2906 1692 2935 examinaverit
1712 2899 1818 2943 causas
1837 2900 2060 2942 Ecclefiasticas‚
2095 2911 2153 2943 qua

1281 2949 1451 2993 diftretione
1471 2959 1626 2992 peccantes
1638 2957 1800 2984 correxerit
1813 2975 1823 2992 ,
1850 2952 1986 2993 quomodo
2007 2955 2034 2983 ei
2051 2955 2154 2984 virtus

1282 3005 1339 3034 Dei
1360 3010 1516 3043 cooperata
1528 2999 1583 3042 fit.
1614 3003 1708 3044 Quod
1725 3000 1805 3044 satis
1822 3005 1926 3042 patuit
1946 3006 1978 3032 in
1991 3011 2052 3032 una
2066 2998 2154 3043 causa

1281 3051 1427 3093 Remenfis
1451 3053 1554 3089 synodi
1574 3076 1585 3092 ‚
1607 3052 1662 3084 ubi
1683 3053 1754 3084 dum
1776 3047 1938 3091 Episcopus
1965 3048 2153 3093 Frisingenfis

1281 3107 1487 3135 contumaciter
1500 3111 1600 3144 ageret
1609 3110 1712 3134 contra
1724 3099 1909 3141 Apostolicaem
1920 3099 2133 3133 authoritatem
2140 3123 2153 3139 ,

1282 3153 1402 3194 repente*
1424 3158 1455 3184 in
1470 3157 1603 3184 omnium
1625 3153 1710 3184 oculis
1733 3150 1891 3181 obmutuit⁴
1918 3149 2152 3195 Frifingensem

1279 3200 1368 3236 huuc
1407 3226 1419 3243 ‚
1454 3200 1700 3244 Salisburgensis
1735 3197 1958 3240 Metropolitae
1992 3200 2153 3243 Suffraga-

1278 3264 1398 3293 neum,
1426 3263 1494 3285 non
1506 3245 1783 3293 ucsynodihujus
1794 3246 1946 3289 Patrem,
1974 3248 2027 3282 sed
2051 3258 2086 3281 ut
2106 3247 2153 3281 ci-

1279 3312 1383 3337 tatum
1394 3313 1506 3340 reum,
1530 3311 1584 3333 aut
1605 3296 1691 3330 certe
1714 3307 1749 3330 ut
1761 3298 1901 3332 Henrici
1914 3299 1999 3332 tertii
2013 3299 2152 3340 impera-

1278 3352 1358 3386 toris
1372 3352 1534 3396 Legatum
1542 3354 1671 3390 oportet
1683 3344 1738 3380 hic
1751 3347 1900 3382 adfuisse.
1927 3348 2044 3391 Neque
2061 3347 2151 3380 enim

1277 3402 1319 3436 ad
1332 3402 1540 3435 Gallicanam
1552 3420 1562 3437 ‚
1587 3393 1641 3430 sed
1665 3396 1706 3430 ad
1724 3397 1955 3431 Germanicam
1977 3396 2152 3430 Ecclesiam

1279 3453 1397 3496 spectat
1409 3446 1566 3491 Frjfinga.
1597 3447 1673 3493 Ego
1690 3446 1871 3483 existimem
1894 3445 2091 3483 &Anselmi
2116 3445 2154 3480 ἃ

1944 3495 2104 3542 Slgeberti

2184 1135 2242 1167 Lib·
2271 1147 2302 1173 45

2181 1186 2207 1208 C·
2219 1185 2263 1212 27·
