2352 3736
377 165 717 200 PRIMUM
789 153 1229 198 Romanum

1299 147 1859 196 CONCI'LIUM.
1939 165 2038 212 227

242 237 298 283 pio
306 237 352 271 ob
364 237 497 280 plenum
508 262 519 277 ,
547 248 629 280 quos
641 247 755 272 omnes
778 236 796 269 a
819 236 920 271 Clero
941 236 981 269 ad
1005 234 1125 269 Laicos
1186 233 1250 268 Eas
1260 234 1393 275 quidem
1405 234 1629 268 ordinationes
1639 233 1793 268 dixerunt
1803 233 1900 268 cassas
1912 256 1924 273 ,
1943 233 2050 269 irritas
2060 258 2073 274 ‚

241 287 328 330 quasi
342 286 635 330 indispensabiliter
657 287 879 331 proscripserat
894 311 904 325 ,
930 283 1126 319 simoniacis

239 336 457 374 Occidentem
472 360 484 377 ,
509 349 551 371 ne
560 337 687 382 ubique
706 337 932 371 clauderentur
956 334 1102 369 Ecclesia:
1118 356 1128 373 ‚

239 388 401 430 triplicem
414 388 557 430 ipsorum
568 387 865 432 speciemdistinxit
887 386 921 418 in
937 385 992 418 sua
1021 385 1128 428 Syno-

238 436 284 476 do
297 437 640 472 Clemenssecundus:
667 436 872 472 Simoniacos
896 434 1084 468 Simoniace
1108 432 1127 466 a

240 487 438 522 Simoniacis
457 488 647 527 ordinatos,
674 485 880 520 simoniacos
901 483 1086 518 simoniace
1109 484 1127 516 a

240 548 310 571 non
338 538 535 572 Simoniacis
555 537 747 575 ordinum,
773 535 806 568 ὅ(
832 546 898 568 non
923 534 1128 568 Simoniacos

241 598 312 621 non
323 585 509 622 simoniace
520 586 688 621 ordinatos
710 585 728 618 a
750 584 965 618 simoniacis.
995 584 1039 616 Et
1060 581 1127 616 haec

242 638 337 672 tertia
349 637 468 681 species
476 637 575 670 etiam
587 634 632 669 est
643 633 765 679 duplex
776 660 783 667 .
813 635 1026 682 Quandoque
1038 632 1125 666 enim

243 687 316 730 quis
336 686 477 722 mundus
485 696 541 728 per
560 684 782 730 ignorantiam
795 708 806 724 ,
832 683 1033 728 quandoque
1055 682 1125 716 vitii

242 738 394 771 conscius
427 737 590 777 permittit
610 737 643 768 se
667 737 685 770 a
713 735 904 769 simoniaco
927 731 1125 767 consecrari.

242 786 406 828 Praecipua
428 784 603 819 difficultas
619 786 683 819 fuit
702 784 742 818 de
763 784 850 818 hisce
873 782 1104 828 posterioribus
1117 806 1124 814 .

243 836 411 871 Laudatus
438 834 594 869 Clemens
614 845 824 877 utrorumque
850 833 999 876 probavit
1021 831 1053 866 ὅ(
1079 843 1127 865 ra-

242 896 314 920 tum
347 884 462 926 habuit
484 907 495 924 ‚
520 897 559 919 ac
580 883 814 928 dispensatorie
834 884 874 917 ad
894 883 1126 917 executionem

241 935 369 969 admisit
401 934 551 969 ordinem
573 959 584 974 ‚
620 934 849 978 posterioribus
876 943 986 967 tamen
1019 956 1031 972 ,
1070 932 1124 975 qui

240 985 378 1021 scientes
401 986 432 1019 se
453 986 659 1028 permiserant
678 984 858 1019 consecrari
879 982 898 1016 a
919 982 1128 1022 Simoniaco,

241 1035 417 1079 imponens
454 1035 682 1078 poenitentiam
720 1034 935 1078 quadraginta
969 1032 1096 1068 dierum
1120 1056 1127 1064 .

243 1086 323 1120 Erat
335 1098 402 1120 non
416 1084 543 1120 modica
556 1087 660 1130 gratia
670 1109 680 1124 ,
707 1084 846 1127 ideoque
855 1092 1022 1126 tamquam
1046 1082 1130 1116 anti-

245 1147 316 1178 quat
331 1135 510 1178 disciplinae
519 1136 716 1177 dissipatoria
729 1136 832 1177 patuit
844 1135 1025 1168 multorum
1037 1131 1130 1165 oblo-

244 1185 453 1220 cutionibus·
480 1185 564 1219 Eam
586 1186 686 1228 aliqui
708 1185 862 1227 Episcopi
889 1184 1020 1217 fuerunt
1045 1180 1127 1215 adeo

245 1237 380 1269 aversati
396 1259 407 1274 ,
428 1246 465 1269 ut
502 1233 663 1277 quaslibet
681 1235 884 1268 Simoniacas
909 1234 1010 1267 etiam
1029 1232 1129 1266 tertiat

244 1285 348 1320 classis
369 1284 593 1319 ordinationes
620 1285 774 1318 ducerent
793 1283 1040 1318 substantialiter
1065 1281 1130 1314 irri-

245 1344 319 1376 tas,
344 1334 549 1369 exsufflarent
564 1359 574 1374 ‚
595 1345 692 1378 atque
717 1335 886 1367 iterarent.
915 1333 1045 1375 Exipfis
1057 1332 1129 1365 fuis-

246 1386 280 1419 se
291 1385 419 1418 videtur
431 1386 531 1420 etiam
544 1385 651 1418 noster
662 1384 748 1427 Papa
760 1384 828 1416 Leo
843 1408 853 1423 ‚
880 1393 996 1426 utpote
1007 1383 1045 1415 de
1057 1391 1123 1424 quo

244 1435 281 1469 in
293 1435 452 1479 opusculo
464 1435 504 1469 de
516 1436 570 1468 sua
590 1435 676 1477 apud
692 1433 923 1467 Mediolanum
948 1433 1129 1476 Legatione

245 1485 363 1520 scribat
383 1485 531 1519 laudatus
544 1484 658 1519 Petrus
678 1483 859 1518 Damiani:
884 1481 1004 1523 Nostrae
1027 1491 1129 1513 memo-

245 1541 302 1570 νέα
315 1546 405 1568 nonus
417 1538 477 1568 Leo
487 1537 575 1574 Papa
582 1531 735 1576 plerosque
745 1535 919 1565 simoniacos
933 1533 967 1564 <St
978 1530 1056 1563 male
1064 1537 1130 1571 pro-

244 1595 337 1618 motos
374 1594 528 1626 tamquam
551 1589 665 1615 noviter
682 1583 838 1614 ordinavit
854 1606 861 1613 .
901 1579 1065 1614 Notandae
1084 1590 1130 1613 ta-

242 1646 322 1670 men
333 1635 406 1668 sunt
419 1645 515 1668 voces
526 1658 535 1672 ‚
549 1630 703 1675 Plerosque
710 1635 904 1666 simoniacos:
932 1629 1013 1664 Vox
1025 1629 1130 1668 enim,

241 1682 817 1727 Plerosqueimportatdiscretionem.
846 1682 890 1714 Et
912 1680 1014 1714 tertiae
1039 1679 1130 1713 Clas-

242 1735 281 1769 fis
292 1734 433 1768 ordinati
446 1745 512 1767 non
533 1733 768 1770 suntveraciter
779 1730 980 1769 Simoniaci,
1008 1729 1061 1762 sed
1085 1728 1131 1763 Si-

242 1785 476 1819 moniacorum
511 1781 679 1817 dumtaxat
702 1780 936 1815 communione
956 1778 1128 1813 maculati.

244 1834 339 1869 Hinc
348 1834 433 1868 solas
445 1831 524 1867 duas
532 1833 652 1876 priores
663 1831 781 1865 Classes
795 1831 919 1864 videtur
929 1830 1000 1864 Leo
1010 1829 1130 1863 reordi-

245 1888 333 1920 nasse
345 1910 353 1916 .
369 1884 543 1930 Qudquid
554 1883 590 1917 sit
602 1907 612 1922 ,
622 1881 657 1916 in
668 1882 767 1916 tertiae
776 1882 873 1915 etiarn
883 1879 996 1913 Claffis
1005 1878 1129 1914 reordi-

244 1936 418 1969 nationem
431 1932 605 1976 propendit
626 1932 662 1964 in
684 1930 828 1975 praesenti
860 1928 1017 1971 synodo,
1044 1938 1129 1962 rece-

243 1984 390 2019 dendum
404 1981 616 2017 duxitafasta
637 1992 691 2025 per
714 1980 925 2015 Clementem
950 1976 1129 2013 secuudum

243 2035 347 2080 gratia
359 2060 369 2075 ,
395 2034 426 2067 δε
438 2033 566 2076 penitus
576 2041 691 2065 omnes
710 2030 975 2064 simoniacorum
998 2027 1128 2063 ordina-

244 2086 353 2120 tiones
370 2083 533 2117 cassandas
555 2107 563 2114 .
599 2080 724 2117 Verum
743 2080 888 2115 Domini
911 2078 1102 2113 Cardinales
1116 2102 1129 2118 ‚

243 2136 277 2169 ἃ
292 2135 394 2177 plures
416 2132 568 2177 Episcopi
586 2130 826 2168 intercesserunt
838 2154 848 2169 ‚
874 2130 1042 2164 asserentes
1064 2125 1126 2162 hac

243 2186 418 2218 viaomnes
428 2186 542 2217 cundo
563 2183 620 2216 suo
644 2182 731 2216 clero
753 2179 952 2219 viduandas,
978 2178 1127 2222 adeoque

245 2235 280 2269 ἃ
316 2234 512 2267 claudendas
546 2232 703 2266 Ecclesias
723 2255 734 2271 ,
768 2231 803 2263 &
842 2238 1057 2273 provocantes
1084 2227 1124 2262 ad

242 2284 412 2318 laudatum
436 2284 613 2317 Decretum
640 2281 823 2316 Clementis
850 2278 1004 2319 secundi,
1043 2277 1126 2311 Prae-

242 2332 412 2368 decessoris
447 2333 668 2366 auctoritatem
704 2329 910 2364 defendendo
945 2337 1124 2372 coegerunt

240 2384 358 2418 resilire
395 2383 544 2417 Leonem
564 2407 575 2422 ,
621 2381 663 2414 de
698 2379 960 2414 Simoniacorum
994 2377 1125 2411 ordina-

240 2435 313 2467 tion
321 2432 390 2466 ibus
401 2432 515 2466 liberas
525 2431 761 2474 disputationes
772 2429 942 2466 admittere
951 2453 962 2469 ‚
988 2428 1022 2462 &
1036 2426 1122 2462 idem

240 2494 316 2518 eum
326 2482 500 2517 Clemente
511 2481 643 2515 tandem
655 2480 789 2515 definire
798 2505 806 2512 .

263 2575 266 2577 ι
290 2532 363 2570 lmo
370 2544 437 2566 non
449 2531 598 2565 definivit
610 2556 621 2572 ,
649 2529 701 2564 sed
711 2530 755 2564 est
767 2529 937 2564 dumtaxat
949 2528 1124 2564 interlocu-

239 2593 309 2617 tus.
337 2581 592 2616 Reordinatores
604 2581 692 2615 enim
703 2580 787 2614 adeo
801 2580 885 2615 bene
904 2580 1057 2614 coloratis
1076 2591 1120 2613 ar-

242 2631 569 2677 gumentisfucabant
590 2642 733 2666 errorem
747 2655 757 2670 ‚
784 2641 819 2664 ut
832 2631 918 2673 quasi
942 2630 1025 2663 inter
1047 2629 1122 2663 mal—

242 2682 536 2716 leum&incudem
549 2679 679 2715 haereret
703 2681 878 2719 Pontifex,
907 2679 1046 2723 ideoque
1069 2691 1123 2723 pu·

242 2731 344 2766 blicas
365 2731 426 2763 toti
446 2731 593 2766 Ecclesiae
615 2742 723 2775 preces
744 2729 901 2765 indiceret
923 2752 933 2768 ,
959 2729 1065 2763 divini
1087 2729 1119 2763 in

241 2791 336 2817 tanto
356 2779 496 2815 obscuro
516 2793 554 2815 ac
573 2783 726 2825 perplexo
747 2781 883 2815 luminis
901 2779 1123 2823 expostulatri-

240 2844 311 2866 ces.
343 2831 420 2863 Erat
442 2830 575 2872 quaestio
593 2829 634 2864 de
654 2832 722 2865 sola
741 2831 836 2866 tertia
857 2830 1119 2865 Simoniacorum

239 2882 335 2917 classe
357 2892 365 2912 ι
403 2879 442 2912 de
462 2877 538 2912 solis
557 2890 627 2913 non
646 2881 842 2915 simoniacis
863 2904 874 2920 ‚
912 2880 990 2914 licet
1021 2881 1120 2915 scien-

1188 284 1291 317 nullas
1314 310 1321 316 .
1352 284 1477 318 Verum
1504 296 1601 319 voces
1623 285 1688 318 istae
1711 284 1784 318 sunt
1806 284 1978 327 aequivocae
1997 309 2008 324 ‚
2035 285 2071 318 dc

1184 343 1253 367 tam
1267 333 1366 367 solius
1378 334 1584 369 executionis
1604 334 1701 378 quam
1725 333 1907 368 substantiae
1929 334 2072 368 vacuita-

1186 393 1252 416 tem
1265 384 1464 426 important.
1493 385 1536 418 Et
1547 396 1614 428 quo
1637 386 1671 418 in
1697 385 1787 418 sensu
1810 384 2033 425 acciperentur
2051 383 2072 417 a

1185 433 1327 475 Synodis
1339 444 1418 468 tunc
1430 459 1440 473 ‚
1458 444 1516 469 aut
1531 434 1749 469 Pontificibus
1762 459 1772 474 ‚
1798 433 1917 468 nullibi
1938 435 2005 467 scio
2018 434 2072 468 de-

1186 484 1305 516 cisum.
1336 484 1379 517 Et
1391 485 1548 527 quoniam
1562 496 1630 518 non
1644 485 1702 519 soli
1725 494 1917 519 communes
1939 484 2074 527 Episco<

1187 534 1218 576 pi
1234 557 1244 572 ,
1271 534 1323 567 sed
1338 533 1438 576 &ipsi
1450 533 1597 566 Romani
1610 535 1788 569 Pontifices
1799 546 1836 568 ac
1847 535 1987 577 ipsorum
2013 534 2076 568 Le-

1187 583 1254 626 gati
1281 583 1377 616 distas
1400 583 1661 617 simoniacorum
1683 584 1908 618 ordinationes
1927 583 2074 618 exsuffla-

1188 643 1261 665 runt
1286 634 1319 666 δε
1344 634 1516 673 iterarunt,
1542 633 1666 667 dudum
1690 636 1867 678 unicuique
1887 634 2072 678 permissum

1187 682 1247 715 fuit
1261 683 1294 715 in
1307 683 1365 716 suo
1378 683 1468 716 sensu
1480 681 1644 716 abundare
1655 707 1662 714 .

1239 733 1280 765 Et
1292 730 1369 765 hinc
1390 731 1497 765 solum
1520 733 1653 774 praesens
1675 732 1859 767 Clementis
1883 735 2014 769 secundi
2036 746 2074 769 ac

1190 781 1312 815 Leonis
1341 782 1421 815 noni
1438 781 1615 816 Decretum
1634 780 1782 816 defendit
1804 782 1937 816 Sanctus
1959 784 2075 819 Petrus

1189 832 1346 865 Damiani
1361 845 1371 865 .·
1400 833 1514 866 acriter
1539 833 1572 866 ὃς
1593 830 1710 865 merito
1724 855 1731 863 .
1761 831 1892 865 Etenim
1911 832 2051 867 Arianos
2065 858 2076 874 ‚

1191 881 1473 922 Novadanenses,
1501 881 1752 924 Apollinaristas
1770 907 1781 923 ,
1809 881 2039 917 Eunomianos
2063 907 2074 923 ‚

1190 932 1383 967 Donatistas
1396 957 1407 973 ‚
1433 933 1651 967 Nestorianos
1663 956 1673 972 ‚
1686 932 1834 976 aliosque
1844 930 2077 967 Schismaticos

1191 993 1288 1026 atque
1312 983 1492 1016 Haereticos
1513 983 1548 1016 in
1568 983 1631 1016 suis
1652 983 1750 1016 etiam
1777 982 1923 1017 haeretice
1954 982 2078 1017 ibidem

1193 1033 1344 1076 susceptis
1357 1032 1510 1077 gradibus
1521 1034 1642 1076 semper
1652 1033 1787 1076 suscepit
1799 1032 1940 1067 Ecclesia
1953 1058 1964 1073 ‚
1990 1033 2079 1067 ideo·

1193 1093 1254 1126 que
1268 1095 1334 1116 non
1346 1083 1554 1117 Simoniacos
1566 1107 1575 1122 ‚
1603 1083 1679 1116 licet
1701 1083 1837 1116 scienter
1850 1107 1861 1123 ,
1886 1094 1995 1117 tamen
2010 1094 2078 1117 non

1194 1134 1377 1167 Simoniace
1397 1134 1414 1165 a
1434 1133 1632 1167 Simoniacis
1654 1131 1823 1167 ordinatos
1857 1133 1982 1167 censuit
2020 1133 2080 1167 ista

1194 1185 1296 1227 gratia
1317 1183 1380 1217 effe
1405 1182 1506 1228 longe
1531 1182 1700 1227 digniores
1722 1207 1729 1214 .
1779 1183 2000 1217 simoniacam
2039 1184 2083 1217 le·

1195 1244 1283 1276 pram
1302 1234 1403 1275 usque
1429 1235 1469 1267 ad
1492 1232 1616 1268 Leonis
1639 1234 1719 1267 noni
1746 1242 1895 1276 tempora
1916 1233 1962 1267 ait
1986 1232 2081 1266 fuisse

1197 1283 1375 1315 universale
1395 1283 1517 1317 crimen
1539 1305 1549 1321 ‚
1576 1282 1646 1316 imo
1668 1293 1727 1326 pro
1744 1283 1882 1316 crimine
1906 1294 1974 1317 non
1995 1294 2082 1326 repu-

1196 1343 1295 1366 tatam
1307 1332 1340 1365 in
1354 1331 1474 1367 Latina
1490 1331 1633 1366 Ecclesia
1646 1356 1657 1372 ,
1680 1333 1713 1366 &
1734 1332 1887 1376 adjungit
1906 1345 1914 1364 z
1941 1334 2083 1376 ,Quider-

1190 1395 1228 1426 go
1246 1389 1414 1415 commeruit
1426 1407 1437 1423 ,
1455 1384 1532 1426 quid
1538 1388 1676 1424 peccavit
1687 1406 1698 1422 ‚
1725 1388 1778 1425 qui
1789 1386 1920 1416 Matrem
1924 1381 2012 1425 suam
2022 1386 2082 1415 Ec·
2105 1381 2177 1419 Cap·
2193 1389 2240 1413 27·

1195 1431 1327 1473 clefiam,
1354 1437 1386 1463 in
1411 1445 1471 1474 qua
1493 1443 1531 1464 ex
1554 1434 1804 1474 nquaessspiritu
1826 1432 1933 1466 sancio
1958 1443 2083 1467 renatus

1196 1482 1234 1519 eff
1250 1506 1260 1521 ,
1280 1480 1450 1522 fimpliciter
1472 1482 1571 1521 adiit,
1602 1489 1690 1523 atque
1710 1481 1759 1514 ubi
1782 1480 2001 1526 Baptismum,
2026 1483 2085 1517 illic

1195 1538 1286 1565 etiam
1307 1535 1446 1572 gratiam
1466 1529 1691 1572 consecrationis
1712 1532 1851 1574 accepit?
1889 1534 1980 1565 suum
1999 1539 2086 1575 quip-

1193 1589 1231 1622 pe
1254 1592 1310 1612 non
1335 1590 1403 1613 erat
1416 1604 1426 1619 ,
1450 1589 1484 1613 ut
1510 1581 1546 1613 de
1567 1579 1762 1623 consecraturi
1769 1579 1801 1624 se
1808 1579 1936 1623 persona
1950 1581 2086 1625 disputa-

1196 1642 1227 1663 re
1254 1630 1387 1663 debuerit
1401 1655 1411 1671 ,
1432 1638 1594 1672 propterea
1615 1642 1700 1673 quem
1720 1632 1804 1673 apud
1824 1629 1980 1672 Ecclesiam
1996 1631 2088 1676 suam

1193 1679 1350 1722 praefidere
1375 1685 1408 1713 in
1429 1678 1603 1722 Episcopali
1624 1680 1782 1715 cathedra
1801 1687 1910 1723 reperit
1934 1707 1946 1722 ,
1983 1682 2022 1716 ab
2057 1694 2088 1716 eo

1196 1731 1241 1762 ad
1249 1730 1384 1763 ordinem
1400 1736 1574 1772 promoveri
1594 1736 1741 1774 integrum
1766 1732 1873 1771 duxit„
1899 1734 1988 1774 ,Quid
2006 1738 2088 1766 enim

1189 1779 1306 1822 faceret
1315 1803 1326 1819 ‚
1346 1786 1390 1813 cui
1402 1782 1435 1813 (ν
1447 1791 1550 1812 nomen
1564 1781 1638 1814 dare
1650 1787 1682 1812 in
1689 1779 1959 1824 profeffionesacrae
1969 1782 2087 1816 militia

1196 1829 1339 1869 neceffitas
1363 1829 1556 1870 imminebat,
1582 1831 1615 1864 ἐν
1644 1835 1773 1874 migrare
1795 1841 1896 1865 tamen
1916 1833 1960 1864 ad
1978 1833 2087 1866 alienae

1197 1878 1326 1920 Dioecefis
1339 1879 1519 1922 Episcopum
1529 1892 1586 1913 non
1596 1880 1701 1914 licebat
1717 1882 1734 1913 ἒ
1760 1882 1970 1916 simoniacas
1987 1882 2086 1916 tertias

1194 1929 1297 1963 claffis
1310 1929 1535 1964 ordinationes
1546 1930 1684 1964 affirmat
1697 1942 1766 1964 non
1780 1932 1813 1964 in
1827 1932 2006 1967 Schismate
2028 1942 2086 1967 aut

1193 1978 1312 2013 Haerefi
1327 2004 1337 2021 ,
1365 1980 1418 2013 sed
1443 1979 1479 2013 in
1503 1976 1679 2014 Catholica
1702 1980 1846 2015 Ecclesia
1858 1991 2023 2025 acceptas,
2050 1983 2086 2017 dr:

1192 2029 1325 2072 quidem
1348 2029 1390 2064 ab
1413 2029 1576 2073 Episcopo
1598 2054 1609 2071 ‚
1635 2029 1728 2074 cujus
1748 2030 1798 2064 uti
1823 2030 2008 2074 Baptisma,
2035 2032 2083 2067 ita

1190 2080 1409 2115 consecratrix
1431 2090 1548 2114 manus
1567 2080 1701 2122 judicari
1724 2093 1793 2114 non
1815 2091 1944 2124 poterat
1966 2091 2021 2115 aut
2034 2093 2083 2116 re·

1190 2130 1288 2163 furari
1314 2155 1320 2162 .
1347 2130 1503 2174 Gregorii
1526 2132 1616 2163 enim
1642 2131 1793 2174 septimi,
1820 2132 1874 2173 qui
1897 2132 2080 2167 Simoniaci

1191 2180 1342 2222 Episcopi
1354 2190 1410 2213 aut
1435 2178 1614 2221 Presbyteri
1636 2179 1749 2215 divina
1769 2181 1888 2215 officia
1911 2181 2009 2225 recipi
2028 2193 2081 2218 ve-

1190 2230 1253 2262 tuit
1264 2253 1275 2269 ‚
1303 2229 1422 2263 Canon
1437 2229 1577 2263 necdum
1588 2229 1739 2265 extabat:
1763 2231 1841 2267 Istas
1852 2231 2080 2268 ordinationes

1189 2278 1298 2314 asserit
1329 2290 1476 2321 acceptas
1511 2291 1565 2322 per
1587 2291 1703 2314 caecam
1724 2281 1757 2314 ὃ(
1783 2282 1963 2324 simplicem
2002 2282 2078 2317 obe-

1189 2328 1348 2363 dientiam
1360 2353 1370 2370 ,
1383 2329 1417 2363 in
1429 2330 1499 2372 ipsis
1513 2329 1636 2363 nullum
1649 2332 1716 2365 esse
1725 2332 1929 2374 suscipientis
1939 2332 2078 2375 crimen,

1189 2378 1332 2422 ideoque
1344 2379 1529 2416 nullatenus
1539 2380 1724 2414 cassandas.
1755 2380 1859 2428 Qod
1882 2383 1988 2424 ipsum
2003 2384 2078 2417 insi·

1188 2479 1381 2514 canonem:
1409 2482 1441 2513 51
1459 2486 1527 2523 quis
1540 2479 1723 2522 Episcopus.
1750 2491 1804 2513 aut
1817 2482 1990 2523 Presbyter,
2017 2492 2073 2517 aut
2096 2481 2166 2520 C2P·
2181 2486 2231 2519 35:

1185 2531 1335 2563 Dias-onus
1343 2538 1400 2573 per
1418 2536 1559 2573 pecunias
1580 2530 1656 2563 banc
1679 2531 1835 2564 obtinuerit
1857 2533 2037 2578 dignitatem
2060 2558 2072 2575 ,

1185 2582 1342 2621 dejiciatur
1356 2579 1463 2623 &ipse
1474 2605 1485 2621 ,
1512 2581 1546 2614 Θ
1566 2582 1728 2614 Ordinator
1747 2583 1833 2623 ejus.
1861 2583 2072 2617 Damnantur

1187 2630 1260 2666 solae
1283 2631 1386 2674 prima
1413 2631 1446 2666 &
1473 2631 1611 2665 secunda
1631 2632 1824 2666 Simoniacae
1851 2632 2071 2667 ordinationis

1183 2681 1320 2720 classes,
1349 2681 1488 2724 ideoque
1511 2682 1649 2715 affirmat
1672 2682 1846 2717 Canonem
1868 2693 1934 2716 non
1956 2682 2071 2716 debere

1185 2731 1225 2765 ad
1237 2732 1367 2764 tertiam
1379 2731 1512 2765 extendi
1527 2756 1534 2763 .

1236 2780 1347 2825 Urget
1361 2782 1394 2814 ὅ(
1412 2782 1509 2814 varias
1521 2780 1801 2816 reordinationum
1824 2793 1862 2816 ac
1882 2782 2068 2817 reordinan-

1183 2832 1267 2865 tium
1289 2831 1437 2866 excessus
1460 2841 1556 2875 atque
1573 2830 1804 2866 absurditates.-
1831 2836 1867 2865 Ut
1889 2838 1985 2864 omnia
2005 2834 2066 2866 illis
2086 2824 2158 2862 Gap·
2173 2832 2221 2861 33·

1181 2881 1284 2921 constet
1306 2887 1467 2924 provenire
1487 2879 1630 2923 confusa,
1655 2882 1706 2914 boc
1728 2888 1819 2915 etiam
1841 2880 1985 2924 adversus
2005 2887 2066 2916 Ca·-

1166 2429 1298 2750 lgniter
1324 2429 1496 2464 confirmat
1524 2441 1579 2475 per
1607 2431 1804 2475 trigesimum
1843 2432 2076 2475 Apostolicum

1163 2751 1169 2923 ἒ

239 2941 289 2966 ter
300 2956 310 2971 ,
330 2930 430 2975 gratis
442 2938 550 2962 tamen
561 2953 570 2968 ‚
598 2930 651 2962 seu
663 2941 729 2963 non
743 2930 930 2964 Simoniace
941 2941 995 2974 per
1015 2930 1120 2964 Simo·
1163 2930 1166 2975 ξ
1183 2944 1271 2964 κοπω
1285 2941 1400 2974 agunt,
1426 2943 1498 2973 qma
1508 2931 1624 2965 cwllos
1629 2931 1718 2972 fimul
1721 2934 1836 2975 gradus
1847 2939 1878 2963 in
1889 2931 2067 2975 reconsi’cra-

240 2983 353 3014 niacos
389 2979 567 3022 Episcopos
602 2978 775 3014 ordinatis.
801 2980 869 3014 Eos
892 2988 1030 3023 utraque
1049 2991 1119 3023 pars
1163 2979 1258 3015 itione
1270 2980 1451 3023 suscipiunt.
1481 2984 1564 3015 Unde
1586 2992 1651 3014 cum
1672 2983 1709 3014 de
1730 2981 1951 3024 quodam-mibi
1976 2993 2063 3024 noto,

239 3028 463 3066 consentiebat
482 3028 515 3061 in
548 3028 651 3073 gradu
684 3029 742 3062 suo
768 3029 1000 3072 dispensatorie
1031 3029 1120 3064 susti·
1162 3014 1660 3074 lquianuper-consi’cratusfuerit,
1685 3031 1875 3072 comperisfi’m
1897 3056 1908 3071 ‚
1937 3031 2063 3074 fateor,

240 3079 385 3114 nendos:
412 3077 522 3112 verum
536 3090 600 3112 una
611 3089 665 3122 per
677 3078 778 3111 solam
801 3079 1049 3121 poenitentiam,
1075 3080 1119 3114 al·
1162 3069 1317 3115 lea-horrui
1346 3081 1469 3121 facinus
1497 3105 1506 3119 ,
1534 3082 1624 3123 ,Quid
1638 3080 1754 3122 plura?
1780 3083 1914 3114 Tandem
1938 3089 2062 3116 conveni

240 3140 307 3165 tera
319 3140 374 3172 per
383 3127 677 3163 reordinationem.
704 3130 756 3162 De
765 3126 889 3162 duabus
900 3129 1060 3172 prioribus
1081 3141 1118 3163 ac

241 3177 704 3216 findioribussimoniacorum
717 3177 965 3212 claffibuserant
986 3191 1119 3213 concor-

240 3231 315 3265 des:
338 3238 472 3272 utraque
496 3239 565 3272 pars
575 3229 660 3271 ipsos
675 3228 798 3262 censuit
811 3227 965 3271 perpetuo
977 3227 1117 3270 rejicien-

240 3281 303 3315 dos
327 3278 366 3312 ad
387 3278 505 3313 sortem
527 3278 661 3312 Laicarn
674 3303 684 3318 ‚
711 3279 850 3320 ideoque
869 3278 911 3311 de
930 3276 1117 3314 substantia-

243 3331 268 3365 li
300 3328 450 3362 similium
499 3327 746 3363 ordinationum
794 3329 902 3361 valore
940 3339 1006 3361 non
1054 3330 1115 3362 fuit

240 3379 450 3423 scrupulosius
476 3377 737 3421 disquirendum.
764 3378 808 3411 Er
820 3377 907 3411 nulla
920 3387 999 3411 tunc
1012 3378 1114 3420 Syno-

239 3427 319 3472 dus‚
344 3429 453 3462 nullus
487 3426 642 3461 Pontifex
666 3426 730 3461 hoc
751 3429 802 3462 vel
838 3427 921 3462 istud
944 3428 1111 3463 definivit.

338 3478 443 3520 Christ.
461 3482 538 3520 Lupi
551 3483 634 3521 Oper-
648 3481 726 3512 Tom.
739 3481 789 3511 IV.

1180 3131 1342 3164 hominem.
1372 3132 1553 3170 NumquId,
1580 3141 1722 3170 mquam,
1742 3133 1856 3170 jamin
1878 3142 1982 3165 teerat
2007 3135 2065 3166 ali-

1179 3182 1255 3223 quid
1275 3192 1312 3213 cx
1325 3179 1372 3211 hir
1388 3178 1556 3221 gradibus,
1583 3191 1650 3222 quos
1674 3189 1768 3222 nuper
1792 3182 1830 3214 ab
1851 3180 1996 3225 Episcopo
2010 3182 2062 3226 [ἔι-

1181 3229 1316 3274 scepzsti?
1345 3229 1437 3262 Nihil
1450 3228 1576 3272 prorsus
1589 3253 1601 3270 ‚
1625 3235 1688 3263 ait:
1716 3235 1753 3263 Ut
1762 3233 1838 3273 quid
1855 3239 1933 3266 enim
1951 3238 2061 3275 accipe-

1180 3293 1261 3319 rem,
1282 3278 1311 3319 si
1328 3290 1373 3311 me
1400 3278 1507 3313 babere
1531 3279 1701 3319 constaret?
1726 3282 1771 3313 Et
1794 3283 1908 3323 aneci:
1938 3286 2020 3327 Ergo
2036 3286 2059 3315 ἱ

1181 3334 1270 3362 Laico
1281 3328 1360 3360 nihil
1368 3328 1520 3369 distabas,
1549 3332 1605 3362 im&
1627 3330 1874 3375 Laicusprorfitr
1899 3344 1965 3365 eras
1978 3357 1985 3363 .
2013 3335 2058 3363 Ε-

1180 3387 1253 3411 tiam
1266 3406 1274 3419 ‚
1285 3384 1379 3420 inquit
1391 3403 1400 3418 ,
1424 3388 1517 3422 purus
1528 3379 1660 3421 profecqb
1674 3383 1779 3414 Laicus
1788 3408 1798 3423 ,
1825 3392 1856 3415 ut
1867 3392 1944 3423 puta
1957 3385 2008 3422 qul
2020 3381 2058 3412 de

1181 3432 1290 3463 Clerico
1300 3428 1377 3464 nibil
1385 3429 1551 3463 habuerim,
1571 3432 1589 3461 5
1592 3432 1631 3464 ed
1632 3429 1663 3470 si
1671 3434 1777 3467 Laicus
1786 3455 1797 3470 ‚
1838 3439 1960 3474 inquam
1971 3453 1981 3468 ‚
1995 3428 2058 3472 ipso

1507 3480 1532 3517 Ε
1558 3479 1575 3511 f
1621 3492 1641 3517 2
1936 3481 1983 3512 elie
1995 3503 2007 3520 ‚
