2352 3736
432 168 487 197 De
521 151 714 196 SmoNJAE
749 162 954 206 cummis,
993 163 1042 191 ET
1075 160 1212 191 vastus
1249 160 1306 190 AD
1341 145 1462 189 nisum
1498 157 1819 191 spsscrAmmus.

215 238 415 283 executioni
437 239 678 285 invigilandum
698 237 845 272 hortatus
866 238 928 271 suit
950 234 1097 280 justinia-

228 306 308 331 nus.
336 291 474 335 Abipfis
493 291 616 324 exemit
629 290 713 323 solos
735 285 1024 329 Constantinopoli
1048 296 1099 319 or-

229 345 361 379 dinatos
376 366 387 383 ‚
414 353 455 376 ne
478 342 550 384 quis
559 351 672 373 eorum
693 349 782 372 metu
794 337 944 378 deinceps
969 334 1038 368 illic
1050 346 1101 368 or-

229 385 524 437 dinarirefugeret.
553 391 631 423 Hoc
642 388 729 422 enim
747 387 813 418 fine
823 385 889 428 ipsa
900 384 957 418 alii
969 384 1100 429 Episco-

231 445 264 487 pi
275 438 470 478 induxerant
480 466 489 481 ,
517 450 571 474 aut
583 439 785 483 permiserant
795 459 803 467 .

281 493 362 526 I-Iaec
386 491 567 535 pecuniaria
590 485 784 521 lofinuativa
804 485 977 528 reperimus
999 486 1100 519 etiam

218 544 319 588 apud
332 542 486 576 Ecclefias
505 537 656 574 Latinas.
682 535 841 582 Qaedam
863 535 991 578 insuper
1004 535 1101 578 Capi·

62 718 179 748 1.q.2.c.
191 721 216 746 7.

61 994 133 1031 Cap.
142 1002 166 1027 7.

233 594 301 628 tula
321 592 440 636 primi,
463 586 614 626 secundi,
639 585 837 629 quandoque
859 586 894 619 &
914 585 999 620 tertii
1021 584 1101 619 anni

233 645 355 678 fruitus
372 639 520 676 dividunt
541 637 625 671 inter
636 646 754 669 veteres
767 635 976 676 Canonicos,
1002 636 1036 669 <Sc
1047 647 1102 669 no-

234 698 439 734 vumcogunt
449 686 605 730 jejunare.
635 685 747 719 Aliam
764 685 872 719 adhuc
891 685 1028 728 speciem
1039 697 1101 719 me·

234 751 340 778 morat
355 737 439 781 apud
451 736 646 771 Gratianum
656 761 667 775 ,
695 737 730 769 δε
741 736 875 770 damnat
887 735 1049 770 Paschalis
1060 736 1105 770 se·

235 788 379 828 candus.-
404 787 517 820 Nullus
542 796 622 819 emat
645 785 801 827 Ecclefiam
819 787 870 819 vel
878 786 1098 826 Praebendam‚

235 836 442 881 nee-pastellum
454 848 503 870 nec
510 836 625 878 pastum
631 834 733 878 solvat
752 845 844 869 antea
865 837 917 869 vel
927 835 1025 878 postea
1046 844 1103 878 pro

231 887 414 931 hujusmodi.
444 887 489 920 Et
510 898 564 929 per
575 885 642 928 ejus
655 885 844 919 Cardinales
856 886 998 930 Legatos
1009 887 1104 929 Joan-

233 950 311 972 nem
334 950 370 971 ac
383 937 592 971 Bene-dietum
612 935 768 969 celebrata
790 934 928 970 secunda
950 935 1104 979 synodus

232 988 456 1023 Pistavienfis:
483 990 521 1018 Ut
530 986 700 1019 Praebenda
717 997 775 1018 non
785 996 900 1019 ematur
922 996 977 1019 aut
989 987 1105 1019 venda-

223 1048 285 1073 ’την
296 1063 307 1079 ,
332 1049 424 1081 neque
438 1037 539 1078 pallus
562 1037 631 1069 inde
650 1042 808 1078 exigatur,
829 1035 887 1078 sub
910 1042 1105 1070 excommuni-

58 1106 131 1144 Cap·
144 1116 170 1135 ι..

233 1095 348 1123 catione
367 1089 584 1121 interdicimus.
612 1086 656 1119 Et
676 1085 865 1120 Innocentii
895 1087 1027 1119 secundi
1049 1088 1106 1128 Sy·

235 1139 344 1174 nodus
353 1138 573 1173 Lateranenfis
585 1147 592 1167 t
621 1139 686 1169 Nec
691 1144 748 1176 pro
755 1135 842 1178 pastu
852 1159 863 1176 ,
888 1133 999 1179 necsub
1010 1136 1106 1169 obten-

235 1198 269 1223 tu
279 1190 402 1230 alicujus
413 1186 627 1229 consuetudinis
638 1195 727 1218 antea
738 1187 789 1219 vel
794 1185 857 1227 post
866 1187 887 1217 ἃ
898 1197 1044 1228 quoquam
1055 1186 1107 1218 ali·

234 1240 310 1282 quid
322 1245 479 1282 exigatur,
505 1243 558 1270 aut
579 1233 640 1277 ipse
652 1234 803 1270 Provisus
825 1237 900 1269 dare
915 1234 1083 1279 praesumat
1095 1260 1106 1275 ‚

234 1294 305 1332 qula
329 1291 522 1321 simoniacum
541 1284 579 1323 est
600 1308 608 1317 .
646 1283 690 1319 Et
717 1283 889 1319 adversum
915 1285 1108 1320 Canonicos

226 1338 470 1382 Api-utinenses
496 1360 506 1375 ,
529 1335 586 1379 qui
611 1346 735 1368 novum
762 1335 923 1379 collegam
946 1335 1107 1379 Jacobum

234 1386 392 1423 nolebant
417 1386 585 1422 admittere
607 1383 647 1418 ad
667 1385 795 1428 plenam
823 1387 982 1419 fructuum
1004 1394 1107 1428 perce-

230 1438 387 1482 ptionem
412 1461 424 1477 ‚
451 1437 613 1479 quamdam
634 1434 866 1477 consuetudinem
880 1437 1106 1475 praetendentes

229 1489 316 1532 ¹quod
318 1487 481 1529 prandium
493 1484 631 1517 baberent
641 1486 661 1514 ἃ
678 1488 823 1517 canonico
836 1492 949 1526 recepto
960 1486 998 1518 de
1009 1496 1083 1517 novo
1098 1509 1107 1524 ,

230 1537 278 1572 *ad
294 1536 403 1570 Sancti
420 1532 564 1568 Thomae
587 1531 807 1567 Esculanenfis
831 1533 979 1568 Priorem
998 1535 1107 1568 scribit

60 1598 90 1627 L-
101 1606 124 1630 5·
133 1595 178 1626 tit.
188 1603 214 1633 3.
227 1598 230 1601 '

59 1644 86 1666 c·
96 1645 141 1671 44.

234 1586 416 1630 Gregorius
426 1594 534 1619 nonus
546 1597 557 1616 t
583 1584 766 1616 mandamus
778 1584 922 1626 quatenus
945 1584 1037 1617 λίθοι
1049 1589 1109 1617 Ca-

227 1642 353 1670 ‘nonicos
361 1659 372 1675 ‚
397 1643 431 1668 ut
443 1634 499 1667 tali
507 1632 710 1676 consuetudine
731 1645 789 1666 non
802 1632 929 1672 obstante
942 1658 952 1674 ,
978 1635 1023 1667 illi
1035 1632 1107 1674 ficut

229 1691 290 1720 -uni
299 1698 337 1719 ex
348 1686 417 1718 aliIs
429 1689 461 1716 in
468 1685 661 1726 proventibus
683 1686 716 1717 Θ
725 1683 898 1725 praebendis
905 1686 1089 1726 provideant
1100 1707 1110 1723 ‚

65 2764 127 2797 Seff.
138 2769 163 2797 3.

237 1736 435 1779 appellatione
456 1743 567 1768 remota
586 1736 741 1775 compellas
764 1759 772 1766 .
799 1735 901 1781 Qod
930 1734 1109 1777 Episcopus

237 1796 294 1820 aut
305 1785 410 1828 quivis
424 1784 568 1818 Clericus
582 1785 615 1818 in
637 1785 698 1817 suae
720 1785 971 1818 consecrationis
991 1795 1046 1817 aut
1070 1783 1110 1818 ad

234 1835 435 1870 beneficium
455 1834 672 1877 promotionis
693 1833 745 1867 die
768 1832 921 1867 exhibeat
944 1835 1109 1868 confratri-

237 1885 350 1920 bus&
363 1884 475 1918 amicis
495 1883 715 1918 Christianum
736 1884 925 1917 convivium
939 1908 949 1923 ,
977 1885 1021 1918 est
1034 1896 1111 1918 con-

233 1934 373 1969 suetudo
395 1933 612 1976 antiquissima
637 1958 648 1974 ‚
673 1935 707 1968 &
728 1933 900 1967 laudabilis
929 1946 936 1966 z
965 1944 997 1967 at
1020 1936 1112 1977 spon·

234 1993 371 2018 taneum
386 1982 418 2016 id
429 1982 614 2024 effedeber,
640 1984 705 2026 ejus
716 1984 920 2017 exactionem
946 1984 994 2016 uti
1008 1985 1112 2018 Simo—

234 2033 364 2067 niacam
375 2033 491 2066 merito
502 2034 680 2077 proscripsit
691 2035 708 2067 a
719 2032 873 2066 Romana
884 2033 1026 2067 Ecclefia
1039 2035 1108 2068 Ma·

233 2094 323 2129 gnus
345 2082 523 2127 Gregorius
547 2105 557 2121 ‚
590 2081 707 2117 merito
740 2083 932 2125 posteriores
954 2084 1110 2117 Canones

235 2134 417 2169 Decretum
437 2132 521 2166 istud
534 2130 574 2166 ad
586 2143 700 2167 omnes
711 2132 890 2176 generatim
904 2131 1084 2177 Episcopos
1098 2157 1108 2174 ‚

236 2181 388 2219 elericos
397 2204 409 2223 ‚
431 2183 466 2221 ὃς
478 2182 540 2218 Mo
546 2180 665 2219 naehos
679 2181 912 2219 extenderunt.

307 2570 557 2635 Exponmztur
567 2566 713 2614 exustio
735 2571 793 2612 <9⁴
804 2565 939 2614 oblatio
966 2583 1039 2639 pro

425 2634 566 2704 Mffs
590 2641 649 2684 <9⁴
663 2638 897 2687 Orationibus
908 2673 921 2686 .

308 2819 398 2853 tieflfi
420 2822 552 2863 synodo
577 2828 750 2863 damnatus
772 2829 938 2863 Articulus
958 2830 1002 2863 est
1026 2829 1099 2864 hic:

273 2881 355 2902 mnes
361 2869 433 2912 sunt
442 2873 592 2909 Simoniaci
603 2902 613 2917 ‚
625 2884 674 2920 qui
680 2877 714 2921 fi·
725 2879 854 2922 obligant
864 2891 944 2912 orare
951 2888 1006 2921 pro
1017 2881 1085 2912 altis
1094 2904 1104 2919 ,

242 2923 287 2953 als
299 2923 331 2951 in
342 2921 549 2961 temporalibus
556 2924 789 2965 subvenientibus
801 2954 808 2961 .
835 2929 940 2963 Datos
951 2941 1008 2973 pro
1028 2930 1106 2963 Mis-

243 2768 409 2902 JOannrs
421 2776 561 2812 Wicleffi
584 2779 751 2823 vigesimus
774 2779 908 2821 quintus
929 2778 947 2812 ἐι
970 2779 1107 2814 Coflan-

224 2969 282 3004 'fis
306 2979 343 3003 ac
363 2968 524 3004 Psaltetiis
550 2972 693 3011 denarios
713 2977 796 3012 nihil
826 2978 969 3021 prodesse
994 2979 1107 3013 docuit

71 3373 201 3410 &¹383-

242 3018 327 3062 apud
337 3019 519 3054 Hem-icum
531 3020 769 3066 Cnyghtouum
778 3028 876 3062 etiarn
896 3029 1029 3074 insignis
1039 3029 1107 3061 Wi-

242 3068 374 3103 eleffista
395 3069 555 3103 Nicolaus
581 3072 832 3111 Herefordensis.
858 3078 936 3122 Ejus
960 3079 1105 3122 Collegae

242 3116 424 3153 docuerunt
441 3120 476 3152 in
488 3120 585 3154 Miffa
608 3133 665 3164 pro
678 3123 831 3160 defunctis
853 3140 922 3162 non
943 3130 1106 3163 faciendas

242 3167 428 3202 oblationes
437 3170 656 3212 pecuniarias,
682 3173 752 3207 imo
775 3175 911 3215 &illos‚
937 3179 991 3221 qui
1004 3179 1107 3212 Sacer-

242 3217 315 3251 doti
326 3220 502 3260 proquavis
512 3219 650 3255 dicenda
663 3222 760 3256 Missa
771 3222 849 3257 dent
872 3225 1039 3267 denarios,
1062 3229 1107 3261 es-

240 3268 361 3301 stcum
385 3268 454 3310 ipso
475 3270 655 3312 accipiente
678 3271 882 3307 maledidios.
909 3275 952 3309 Et
975 3275 1106 3318 quidem

242 3317 337 3359 ipsius
348 3318 491 3351 Wicleffi
510 3319 682 3355 adductum
695 3320 878 3357 Articulum
891 3324 1018 3367 optimo
1038 3325 1106 3369 jure

242 3367 410 3401 damnavit
420 3368 549 3402 laudata
558 3371 724 3412 Synodus.
754 3372 886 3406 Etenim
899 3375 1029 3408 mandat
1044 3375 1107 3418 ipse

241 3417 430 3457 Dominus,
456 3429 493 3451 ut
515 3418 671 3454 faciamus
693 3420 791 3459 nobis
808 3423 931 3459 amicos
952 3424 992 3460 de
1004 3425 1107 3460 Marn-

304 3495 307 3498 .
340 3467 448 3508 Ωὸνῌί.
461 3471 540 3512 Lupi
552 3474 639 3513 oper.
652 3472 728 3504 Tom.
738 3476 791 3507 IV.

1170 1433 1235 1473 lia,
1262 1433 1316 1466 sua
1339 1433 1514 1474 spiritualia
1540 1433 1825 1466 communicarent
1887 1431 1950 1463 sine
1976 1443 2056 1465 con-

1170 1481 1308 1516 scientiae
1334 1482 1488 1522 punctura
1516 1480 1598 1514 dicit
1631 1492 1700 1514 non
1730 1481 1817 1522 posse
1856 1481 2050 1513 intermitti.

1171 1533 1243 1565 Nec
1265 1531 1298 1563 in
1323 1529 1389 1564 sola
1401 1529 1612 1564 Antiochena
1634 1543 1690 1565 aut
1714 1530 2057 1573 Constantinopolim-

1171 1593 1210 1614 na
1223 1580 1386 1620 Ecclesia,
1414 1581 1514 1614 sedin
1531 1581 1643 1615 nostro
1665 1581 1765 1615 ctiam
1777 1580 1959 1614 Occidente
1983 1592 2057 1613 mos

1896 146 1955 201 83

1158 244 1256 267 mona
1282 234 1484 276 iniquitatis,
1509 233 1565 276 qui
1591 244 1670 274 noS,
1695 246 1771 268 cum
1793 233 2022 273 defecerimus,

1159 283 1314 326 recipiant
1326 285 1361 318 in
1375 293 1488 318 aeterna
1505 283 1730 318 tabernacula:
1759 283 1836 317 Hoc
1848 283 1892 318 est
1906 308 1925 324 ,K
1941 295 1976 317 ut
1987 282 2028 316 de

1161 332 1267 365 nostra
1298 334 1465 377 temporali
1487 333 1661 367 substantia
1684 332 1778 365 nobis
1815 333 2028 368 conciliemus

1159 381 1279 415 Christi
1291 394 1465 426 pauperes,
1491 384 1546 425 qui
1568 383 1665 416 nobis
1679 393 1739 425 -per
1753 383 1823 415 suas
1843 394 1949 424 preces
1970 384 2030 416 irn-

1159 440 1285 475 petrent
1307 434 1570 476 compunCtionis
1590 433 1735 476 spiritum
1753 457 1762 472 ,
1790 432 1873 465 bene
1899 431 2032 466 vivendi

1160 483 1298 525 gratiam
1311 507 1321 522 ‚
1339 495 1376 516 ac
1387 484 1602 516 remiffionem
1613 491 1836 526 peccatorum.
1863 482 2033 527 Qosdam

1160 531 1287 566 Fideles
1297 534 1331 566 in
1344 533 1397 567 die
1409 532 1528 575 Judicii
1542 532 1582 565 de
1594 534 1648 566 sua
1668 532 1769 566 salute
1781 531 2033 575 periclitaturos,

1160 582 1194 615 &
1220 581 1403 616 istiusmodi
1438 582 1626 615 Sanctorum
1654 581 1933 616 interceffionibus
1966 581 2036 614 fore

1161 630 1300 676 gratiose
1319 631 1492 666 donandos
1507 631 1523 662 a
1534 630 1660 664 Divina
1673 630 1891 665 misericordia
1903 655 1913 670 ‚
1938 631 2035 666 docet

1163 681 1197 714 in
1220 680 1308 715 libris
1328 681 1369 716 de
1392 683 1457 715 Dei
1480 681 1625 714 Civitate
1650 680 1783 713 Sanstus
1809 683 2035 725 Augustinus.

1156 731 1206 764 vEt
1217 731 1359 765 divitum
1370 726 1594 766 defunctorum
1609 729 1784 763 haeredibus
1796 730 1879 763 nihil
1890 731 2036 775 frequen-

1163 782 1228 814 tius
1247 791 1302 814 aut
1325 781 1492 815 ardentius
1518 781 1660 814 inculcat
1681 777 1883 813 &declamat
1906 782 2040 814 Sanctus

1163 832 1302 875 Joannes
1329 829 1582 874 Chrysostomus
1609 854 1620 870 ,
1657 830 1756 873 qu‘am
1782 839 1819 862 ut
1846 840 1901 872 per
1937 830 2041 874 largas

1163 882 1383 924 eleemosynas
1407 881 1642 923 eisimplorent
1663 881 1844 913 multorum
1866 889 2042 922 pauperum

1164 932 1328 965 orationes
1345 956 1354 963 .
1381 932 1477 966 Clara
1501 931 1642 966 nimium
1665 930 1710 963 est
1733 928 1800 962 haec
1822 928 2044 963 Ecclefiastica

1165 982 1306 1015 veritas:
1344 993 1405 1016 nec
1446 980 1490 1014 ob
1524 993 1627 1016 unum
1649 980 1840 1014 Wicleffum
1873 978 1918 1012 est
1947 977 2044 1013 nobis

1164 1042 1291 1075 tempus
1308 1032 1509 1074 perdendum
1524 1059 1532 1065 .
1557 1032 1730 1067 Omittere
1748 1041 1858 1064 tamen
1884 1041 1953 1063 non
1977 1029 2045 1073 poss

1166 1083 1236 1115 sum
1257 1092 1359 1124 pauca
1379 1081 1499 1116 laudati
1513 1081 1740 1126 Chrysostomi
1763 1080 1856 1114 verba
1882 1080 1916 1112 in
1932 1080 2046 1123 prioris

1168 1131 1363 1174 Apostolicae
1386 1133 1426 1166 ad
1451 1132 1648 1166 Corinthios
1679 1130 1834 1174 Epistolae
1868 1129 2047 1164 Commen-

1166 1180 1244 1215 riis:
1269 1181 1302 1215 δι’
1321 1182 1442 1223 filiiaut
1455 1183 1572 1225 fratris
1587 1181 1721 1224 defunc‘li
1742 1186 1913 1214 memoriam
1923 1191 2024 1223 ageres
2037 1206 2048 1221 ,
2067 1184 2153 1213 Ham.
2177 1191 2222 1216 ²7·

1163 1237 1335 1275 pungereris
1358 1237 1390 1265 in
1409 1233 1582 1276 conscientia
1604 1246 1618 1275 ‚·
1639 1232 1670 1274 fi
1687 1242 1793 1264 morem
1816 1242 1873 1264 non
1898 1228 2050 1273 implevisl

1164 1279 1210 1325 ses
1234 1306 1244 1323 ‚
1270 1283 1304 1315 (9⁶
1326 1290 1474 1324 pauperes
1497 1284 1624 1326 vocaffes
1646 1307 1653 1315 .
1683 1283 1814 1316 Morem
1838 1280 1953 1315 dandae
1979 1291 2052 1325 aga-

1168 1343 1245 1375 pes,
1272 1332 1325 1366 seu
1336 1332 1490 1367 solemnis
1502 1333 1647 1367 convivii
1670 1333 1794 1367 cunetis
1807 1332 1951 1365 civitatis
1978 1342 2052 1374 pau-

1169 1380 1316 1424 peribus,
1337 1382 1562 1426 quidefuneco
1577 1407 1588 1423 ,
1614 1382 1704 1425 cujus
1728 1381 1869 1416 edebant
1891 1389 2054 1424 tempora-

1170 1631 1228 1664 iste
1255 1631 1380 1674 viguit.
1410 1631 1542 1665 Etenim
1567 1632 1671 1670 istud,
1699 1631 1857 1673 quoniam
1880 1641 1928 1664 res
1950 1631 2056 1665 sanita

1169 1681 1188 1714 ἐι
1211 1681 1348 1723 profano
1372 1679 1548 1715 hominum
1572 1681 1671 1715 abusu
1704 1692 1797 1725 rugas
1819 1690 2046 1721 contraxerat,

1171 1730 1358 1764 convivium
1380 1730 1425 1764 est
1445 1742 1530 1765 unus
1552 1743 1592 1765 ex
1606 1731 1769 1766 Africanae
1783 1732 1932 1765 Ecclefiae
1956 1732 2059 1765 abuti-

1172 1781 1231 1814 bus
1241 1805 1252 1820 ‚
1276 1791 1358 1824 quos
1371 1792 1426 1823 per
1438 1781 1611 1817 Aurelium
1626 1781 1806 1815 Primatem
1819 1780 2058 1826 Carthaginen-

1172 1831 1236 1864 sem
1258 1831 1390 1873 purgari
1426 1842 1464 1864 ac
1489 1831 1613 1866 aboleri
1643 1833 1732 1865 suasit
1755 1831 1925 1873 Presbyter
1947 1830 2053 1865 adhuc

1172 1880 1418 1924 S.Augustinus¹
1434 1881 1587 1915 Eundem
1600 1893 1727 1916 morem
1749 1881 1782 1914 in
1798 1882 1912 1915 litteris
1926 1882 1966 1915 ad
1982 1881 2057 1915 Ale·
2080 1885 2127 1922 Ep.
2145 1887 2190 1919 64.

1172 1930 1280 1964 thium
1292 1931 1401 1964 laudat
1415 1932 1548 1966 Sandius
1562 1931 1875 1966 PaulinuszPatronos
1887 1938 2059 1965 animarum

1173 1980 1332 2021 nostrarum
1346 1989 1495 2023 pauperes
1513 2006 1524 2022 ,
1553 1989 1604 2024 qui
1625 1991 1690 2015 tota
1711 1987 1806 2015 Roma
1834 1982 1943 2025 stipem
1972 1990 2059 2016 meri-

1172 2040 1240 2063 tant
1266 2055 1277 2070 ,
1302 2031 1524 2065 multitudinem
1545 2038 1577 2065 in
1601 2034 1701 2065 aulam
1726 2032 1847 2074 Apostoli
1866 2033 2055 2077 congregasti.
2081 2040 2129 2077 Ep.
2148 2048 2162 2075 3
2168 2048 2195 2076 5,

1174 2079 1295 2113 Pulchro
1308 2082 1445 2123 equidem
1458 2089 1540 2115 tanti
1561 2090 1656 2124 operis
1678 2088 1722 2115 tui
1738 2082 1902 2126 spec‘hculo
1926 2082 2031 2124 pas‘cor
2048 2109 2055 2115 .

1171 2132 1277 2164 Videre
1301 2137 1377 2163 em'm
1388 2131 1461 2164 mihi
1485 2137 1587 2166 videor
1612 2142 1674 2165 tota
1683 2134 1736 2165 illa
1758 2131 1890 2175 religiofit
1915 2131 2056 2174 miseran·

1172 2182 1219 2214 dae
1226 2180 1324 2222 plebis
1337 2188 1500 2222 examina,
1529 2183 1591 2215 illos
1608 2188 1735 2223 pietatis
1759 2183 1876 2215 divinae
1895 2184 2030 2215 alumnos
2044 2209 2057 2223 ,

1172 2230 1394 2271 tantisinfluere
1401 2237 1523 2271 penitus
1539 2232 1707 2275 agminibus
1729 2237 1760 2263 in
1774 2234 1976 2273 ampliffimam
1992 2235 2056 2276 glo-

1172 2279 1238 2322 riost
1258 2283 1342 2313 Petri
1363 2279 1508 2321 bafilicam
1531 2306 1542 2321 ,
1581 2292 1615 2315 ut
1635 2292 1698 2315 tota
1731 2283 1765 2314 ζῆ·
1783 2287 1866 2315 intra
1887 2282 2054 2324 bafilicam,

1173 2333 1270 2373 &pro
1283 2332 1391 2371 januis
1413 2337 1507 2371 atrii,
1533 2333 1567 2365 <9⁸
1587 2340 1644 2373 pro
1666 2331 1815 2375 gradibus
1835 2339 1931 2374 camp}
1950 2332 2055 2376 spatia

1171 2381 1352 2414 coarllentur
1364 2405 1371 2412 .
1398 2382 1487 2414 Video
1497 2391 1678 2425 congregatos
1691 2383 1735 2414 ὶιᾶ
1748 2381 1888 2421 distinete
1903 2391 1958 2424 per
1974 2394 2055 2416 accu-

1173 2431 1252 2463 bitus
1265 2432 1402 2463 ordinari
1413 2456 1423 2472 ,
1450 2431 1611 2472 &profluis
1623 2443 1721 2465 omnes
1735 2429 1874 2474 saturari
1895 2433 1967 2465 cibis
1983 2458 1993 2473 ,
2020 2442 2054 2465 ut

1173 2491 1244 2514 ante
1253 2481 1340 2514 oculos
1352 2484 1380 2512 E
1385 2482 1545 2524 vangelicae
1558 2481 1765 2515 benediliionis
1779 2482 1897 2515 ubertas
1910 2507 1920 2523 ,
1941 2494 2053 2515 eorum-

1174 2543 1227 2573 que
1233 2531 1405 2573 populorum
1428 2536 1524 2575 imago
1547 2531 1697 2575 versetur,
1723 2543 1792 2573 quos
1815 2539 1941 2574 quinque
1960 2540 2051 2574 pam·-

1173 2581 1226 2614 bus
1245 2581 1402 2614 &duobus
1416 2581 1546 2623 piscibus
1566 2588 1659 2623 panis
1680 2582 1743 2624 ipse
1764 2593 1854 2615 verus
1867 2607 1877 2622 ,
1904 2584 1938 2616 (9·
1961 2595 2050 2624 aquae

1174 2636 1258 2668 vivae
1274 2629 1365 2674 piscis
1377 2632 1509 2673 explevit
1523 2657 1530 2664 .
1559 2633 1637 2666 Hoc
1647 2632 1747 2666 modo
1761 2631 1915 2666 Alethius
1939 2634 2050 2666 uxoris

1173 2682 1398 2724 suaeexequias
1419 2682 1614 2717 celebrarat.
1646 2683 1697 2716 Ex
1708 2682 1852 2725 eiusdem
1878 2683 1978 2716 moris
2004 2693 2049 2715 re-

1173 2731 1282 2775 liquiis
1292 2731 1444 2774 est,quod
1456 2732 1490 2765 in
1499 2732 1637 2767 divitum
1652 2733 1799 2768 fidelium
1809 2735 1920 2767 funere
1933 2742 2049 2775 paupe-

1172 2781 1258 2815 ribus
1269 2780 1377 2823 paffim
1389 2792 1487 2824 panes
1499 2781 1734 2818 distribuantur
1748 2809 1754 2815 .

1222 2831 1332 2865 Etiam
1344 2830 1470 2866 futuros
1480 2843 1632 2875 pauperes
1643 2832 1683 2868 ad
1697 2832 1878 2869 istiusmodi
1900 2830 2046 2874 suffragia

1171 2881 1204 2915 &
1217 2892 1325 2925 preces
1341 2892 1394 2926 per
1415 2879 1634 2922 haereditates,
1661 2884 1768 2928 legata
1781 2907 1792 2924 ‚
1822 2892 1877 2917 aut
1898 2881 2048 2915 donatio-

1172 2943 1227 2965 nes
1247 2931 1394 2975 obligare
1415 2931 1460 2966 est
1478 2932 1622 2966 omnino
1647 2934 1736 2977 pium
1749 2958 1756 2965 .
1786 2931 1958 2979 Qidquid
1969 2941 2046 2964 cum

1173 2981 1371 3016 Wicleffistis
1382 2982 1480 3016 etiam
1494 2980 1673 3017 Lutherani
1692 2983 1728 3017 &
1739 2980 1923 3016 Calvinistae
1934 2979 2047 3014 exfibi-

1172 3032 1262 3072 lent,
1285 3032 1332 3065 est
1354 3031 1453 3076 pietas
1477 3033 1697 3074 antiquiffima
1720 3031 1870 3066 omnium
1890 3029 2046 3064 Ecclesia.-

1172 3093 1243 3114 rum
1264 3106 1269 3112 .
1297 3082 1430 3116 Etenim
1452 3081 1491 3115 de
1516 3082 1662 3116 Belisarii
1689 3080 1793 3114 Ducis
1829 3080 1865 3113 in
1884 3079 2045 3121 Ioannem

1170 3129 1364 3164 Armenium
1374 3155 1385 3171 ‚
1412 3131 1576 3164 strenuum
1589 3131 1726 3164 militem
1737 3155 1748 3171 ,
1775 3128 1971 3173 iniquiffime
1983 3139 2048 3163 tru-

1171 3180 1313 3214 cidatum
1326 3203 1337 3218 ,
1362 3180 1480 3222 pietate
1497 3179 1607 3213 scribit
1636 3178 1771 3213 inlibris
1791 3177 1830 3212 de
1842 3179 1930 3213 bello
1943 3181 2046 3212 Wan-

1171 3230 1277 3264 dalico
1288 3229 1468 3272 Procopius
1479 3229 1683 3264 Caesaraeenfis
1697 3240 1704 3260 :
1718 3227 1882 3271 Belisarius
1893 3230 1937 3263 ad
1939 3233 1973 3274 J
1974 3241 2044 3263 oan-

1172 3286 1219 3314 nis
1226 3287 1392 3321 properans
1398 3277 1602 3321 sepulchrum,
1627 3279 1707 3312 illius
1719 3277 1842 3322 insontis
1863 3277 1961 3322 casum
1982 3291 2044 3312 ma-

1166 3330 1289 3374 gnopere?
1305 3327 1387 3366 flevit
1398 3350 1408 3366 ‚
1433 3327 1550 3371 ejusque
1561 3330 1706 3362 tumulum
1717 3328 1829 3372 Census
1853 3330 1973 3363 redditu
1995 3328 2043 3359 ha-

1172 3378 1296 3418 n<slavit
1310 3402 1317 3409 .
1346 3377 1424 3411 Hoc
1447 3377 1514 3419 est,
1540 3389 1707 3422 perpetuas
1727 3378 1874 3412 Ecclefiae
1898 3387 1954 3413 aut
1969 3387 2042 3419 pau-

1174 3438 1283 3471 perum
1306 3438 1413 3471 preces
1431 3425 1479 3462 illi
1503 3438 1558 3472 per
1578 3440 1728 3463 annuum
1751 3425 2018 3508 Censumad1E<it
2032 3449 2043 3463 ·

1982 3483 1997 3514 t

2061 3256 2117 3289 Lib,
2123 3266 2151 3294 3.

1615 3479 1644 3514 L
1694 3489 1717 3515 2
