2352 3736
655 202 1065 248 REMENSE
1133 195 1692 245 CONCILIUM.

1909 196 2004 257 185

100 293 162 324 Lib.
177 304 199 324 i·
230 303 248 326 c
269 292 469 328 continebatur
488 290 632 335 scriptum
653 314 664 331 ,
690 295 761 333 quia
784 290 906 330 impleta
920 285 993 329 sunt
1012 292 1143 326 tempora
1199 293 1240 319 tis
1262 288 1338 320 circa
1360 297 1474 319 annum
1494 291 1685 321 Nativitatis
1706 284 1816 326 christi
1826 283 2004 327 millesimum
2020 292 2076 320 tre-

99 343 146 370 3¹·

270 351 443 382 nationum,
473 341 673 377 &liberanda
698 340 763 383 effer
772 345 883 372 civitas
895 360 906 376 ,
932 347 999 378 quae
1009 334 1141 367 calcaba-

271 403 320 426 tur
338 396 358 426 ἃ
386 392 522 438 gentibus
546 417 553 424 .
581 387 929 424 VerumeGuilielmus
956 384 1140 428 Tyriorum

269 443 485 487 Metropolita
514 466 524 482 ,
561 440 716 478 Albertus
742 437 930 471 Canonicus
963 434 1143 478 Aquensis,

268 495 305 528 &
316 492 499 529 Cardinalis
514 490 650 535 Iacobus
658 488 701 524 de
713 486 864 523 Vitriaco
877 510 887 526 ‚
900 484 956 528 qui
967 483 1056 519 Petri
1068 484 1143 518 Ere-

269 544 357 578 mitae
369 542 628 586 praedicationem
639 535 785 571 accurate
796 535 1042 579 descripserunt,
1055 533 1144 568 istius

269 594 424 638 Epistola:
442 603 509 626 non
526 588 745 623 meminerunt
767 610 774 617 .
803 586 846 619 Et
867 586 907 619 ad
929 585 1070 619 Domini
1091 595 1144 616 an-

268 655 349 678 num
371 652 495 676 nonum
513 637 585 681 post
610 636 820 671 millesimum
841 634 1052 670 centesimum
1073 633 1145 666 scri-

269 694 320 728 bit
339 690 511 725 Matthaeus
524 687 720 721 Parisiensis:
746 683 882 720 celebris·
895 683 1058 717 habebatur
1072 686 1147 724 Epi-

262 743 360 784 stola,
384 750 453 782 quae
474 737 624 772 dicebatur
645 738 758 771 celitus
779 735 867 779 mtffa'
884 740 917 767 in
937 745 1044 767 manus
1054 731 1144 775 cujus-

267 793 340 827 dam
360 788 509 829 Praelati,
538 789 610 823 dum
629 787 746 831 Miffam
766 785 942 824 celebraret,
970 784 1015 816 ad
1038 790 1143 824 tempe-

265 840 382 876 undas
408 842 608 873 Romanorum
628 840 818 871 enormitates
835 858 846 875 ,
871 846 939 877 quae
961 834 1066 866 indies
1080 832 1146 876 suc-

262 897 420 924 creverunt
440 913 448 920 .
487 888 532 921 Et
551 887 592 921 ad
627 886 859 930 ostogefimum
898 883 1039 928 primum
1064 883 1144 924 ejus-

262 937 342 974 dem
363 938 467 973 saeculi
501 947 625 972 annum
651 935 824 971 Gervasius
848 931 1038 970 Monachus
1060 932 1148 966 Can-

263 989 451 1024 tuarienfis:
480 988 587 1023 Mulier
596 987 737 1030 quaedam
749 984 950 1027 Prophetiffn,
972 982 1031 1027 fini
1039 984 1144 1024 &pro-

265 1038 399 1082 digiasa‚
425 1039 462 1072 de
473 1036 637 1081 Guascont'a
657 1041 781 1070 Romam
800 1041 924 1069 veniens
941 1058 952 1074 ,
977 1033 1145 1069 Alexandro

264 1091 364 1131 Papa
386 1093 472 1125 tertio
492 1089 610 1122 litteras
629 1086 685 1128 fibi
709 1087 800 1119 aneo
813 1085 910 1128 miffas
928 1088 1088 1125 porrexit,
1112 1089 1144 1115 in

266 1139 376 1181 quibus
394 1139 536 1181 quaedam
547 1137 657 1179 funcra
673 1137 814 1179 prodigia
838 1133 1010 1178 legebantur
1040 1158 1047 1166 .
1074 1137 1144 1166 Haec

266 1200 331 1224 cum
343 1194 420 1221 mira
440 1189 547 1223 diceret
556 1210 566 1226 ‚
593 1188 737 1222 Praelatts
751 1182 884 1225 Ecclefiae
888 1183 1033 1226 festinum
1050 1188 1145 1217 immi-

266 1249 335 1272 mre
346 1237 462 1272 dicebat
481 1236 660 1279 periculum.
685 1237 754 1269 Haec
764 1241 797 1268 in
809 1235 896 1268 oculis
910 1236 1029 1267 Domini
1049 1235 1144 1274 Papae

266 1289 416 1324 &Cur-ie
436 1290 580 1321 Romana
602 1291 635 1319 in
654 1294 772 1320 tantum
798 1283 911 1324 exstitit
933 1282 1142 1324 admirabilis,

265 1347 300 1372 ut
319 1343 351 1370 in
374 1339 471 1379 Papae
493 1339 610 1371 Palatio
631 1335 795 1370 recumbere
818 1336 960 1368 diceretur
981 1358 988 1365 .
1015 1337 1103 1366 Nam
1122 1335 1142 1364 ἃ

263 1397 377 1429 quarta
386 1385 472 1428 feria
492 1385 581 1429 usque
601 1387 647 1420 ad
662 1383 844 1429 sabbathum
864 1388 941 1417 omni
961 1382 1142 1416 bebdomada

264 1435 463 1478 indesinenter
474 1435 637 1470 dormiebat
647 1458 655 1466 .
671 1434 858 1477 Loquebatur
871 1434 1015 1466 dormiens
1027 1433 1145 1475 aliquid

261 1484 417 1530 spirituale
434 1485 525 1519 labiis
545 1485 718 1528 compreffis.
747 1483 828 1519 Haec
840 1484 870 1517 se
884 1481 1017 1517 scribere
1036 1482 1141 1516 asserit

261 1546 306 1571 ex
328 1546 386 1570 ore
396 1535 484 1571 testis
504 1534 632 1579 probati
651 1533 819 1569 &oculati
831 1558 839 1565 .
866 1531 922 1566 Ad
936 1531 1076 1565 Domini
1087 1541 1142 1564 an-

261 1595 347 1620 num
361 1584 566 1620 millesimum
575 1583 830 1618 ducentesimum
852 1581 953 1625 pergit
964 1578 1140 1614 Matthaeus

259 1633 445 1670 Parifienfis
468 1648 480 1668 .-
504 1634 638 1677 Epistola
658 1634 695 1667 de
716 1634 786 1667 coelo
803 1638 926 1666 veniens
944 1637 976 1664 in
1000 1629 1135 1673 merusa-

262 1684 322 1718 Iem
343 1708 355 1725 ,
377 1682 511 1728 appensa
536 1683 573 1724 est
589 1682 679 1727 ficper
703 1683 806 1716 Altare
818 1682 919 1715 §anth
946 1684 1088 1714 simeonis
1109 1685 1141 1711 in

263 1733 410 1777 Golgotha
419 1759 431 1775 ,
459 1734 509 1768 ubi
517 1741 592 1768 cruci
590 1733 674 1775 fixus
686 1732 723 1773 est
735 1731 867 1771 christus
877 1739 932 1772 pro
943 1732 1140 1772 redemptione

260 1785 389 1825 mundi,
416 1796 503 1826 quam
521 1783 652 1818 homines
670 1791 726 1824 per
746 1792 807 1816 tres
817 1782 882 1815 dies
905 1781 1070 1814 &totidem
1092 1791 1141 1812 no·

261 1833 323 1867 Res
333 1844 371 1868 ex
382 1834 443 1867 alto
457 1834 674 1876 dependentem
689 1831 884 1876 adspicientes
896 1855 907 1871 ,
933 1837 1097 1863 corruerunt
1107 1836 1140 1862 tn

261 1891 377 1917 terram
400 1907 412 1924 ,
437 1892 575 1928 rogantes
597 1886 719 1917 Domini
740 1879 968 1924 misericordiam
989 1904 1000 1920 ,
1025 1886 1058 1912 ut
1080 1877 1139 1922 ipse

259 1938 303 1966 eis
319 1934 495 1976 dignaretur
500 1931 589 1976 suam
595 1931 738 1972 ostendere
751 1932 935 1965 voluntatem
947 1955 954 1962 .
980 1928 1137 1964 Tandem

257 1982 295 2016 in
308 1980 501 2018 Patriarchae
521 1983 646 2017 orantis
667 1991 783 2016 manus
793 1980 839 2014 ait
858 1980 1000 2013 delatam
1016 1978 1142 2022 Episto-

256 2030 348 2071 1am,
373 2029 415 2066 ab
435 2032 505 2080 ipso
526 2032 654 2066 missam
680 2030 723 2066 ad
735 2030 927 2066 Romanum
940 2028 1137 2063 Pontificem

256 2080 494 2117 lnnocentium
514 2082 669 2122 tertium,
694 2079 861 2124 probatam
880 2078 1049 2114 abeodem
1062 2102 1074 2119 ,
1099 2089 1138 2113 ac

257 2129 328 2173 eius
338 2131 460 2176 ubique
470 2131 730 2175 publicationem
751 2129 846 2165 fuifl'e
858 2128 1059 2164 commissam
1074 2127 1137 2162 Eu-

259 2178 385 2215 stachio
408 2180 532 2216 Abbati
549 2181 686 2217 Ordinis
708 2180 924 2216 Cistertienfis
937 2203 949 2219 ‚
976 2178 1068 2213 socio
1086 2178 1138 2212 ad-

260 2229 420 2264 mirabilis
437 2231 594 2266 Fulconis
606 2255 617 2271 ,
642 2228 825 2274 Presbyteri
845 2241 882 2263 ac
896 2226 1070 2272 Prophetae
1082 2226 1138 2262 Pa-

260 2278 393 2313 risiensis
415 2302 424 2312 .
448 2281 527 2314 Diei
549 2280 738 2315 Dominicae
762 2279 888 2314 cultum
914 2277 1059 2321 Epistola
1081 2276 1139 2312 sub

260 2327 454 2372 graviffimis
465 2329 569 2373 poenis
581 2329 760 2372 imperabat
771 2354 779 2362 .
808 2329 852 2362 Et
865 2337 1022 2372 magnum
1033 2327 1138 2372 Belgii

260 2375 459 2413 Chronicon
471 2378 513 2414 ad
531 2379 678 2413 Honorii
702 2378 788 2413 tertii
800 2377 973 2413 Pontificis
994 2387 1139 2422 tempora

261 2427 402 2462 affirmat
414 2426 546 2463 cuidam
557 2427 730 2463 Monacho
743 2426 865 2472 Iacobo
878 2452 890 2468 ,
902 2427 974 2462 viro
990 2427 1141 2472 Religio-

261 2477 300 2510 so
319 2477 501 2521 &simplici
513 2501 525 2518 ,
550 2478 684 2512 Missam
705 2477 905 2519 celebranti,
929 2477 971 2512 ad
991 2476 1141 2512 Canonis

261 2525 379 2568 verba,
404 2529 555 2570 Supplices
574 2535 602 2561 te
614 2538 750 2572 rogamus
763 2552 774 2567 ,
799 2527 978 2572 apparuisse
998 2526 1141 2562 lucidam

260 2575 418 2612 nebulam
432 2601 444 2617 ,
466 2577 499 2611 ὅ(
511 2577 661 2622 adiungit
674 2591 686 2612 .·
711 2581 828 2611 Exivit
838 2589 946 2611 manus
958 2578 996 2610 de
1010 2577 1116 2611 nebula
1131 2601 1142 2616 ,

263 2626 300 2659 θ
308 2628 470 2661 extendens
475 2625 602 2670 sesuper
612 2628 770 2670 corporale
789 2625 903 2671 scripfit
912 2627 1008 2660 multa
1019 2629 1063 2660 ad
1084 2638 1143 2660 cor·

1198 334 1377 377 centesimum
1398 335 1648 382 quadrage-fimum
1670 335 1806 369 octavum
1817 334 1924 369 babere
1936 361 1943 367 .
1971 334 2075 378 Cujus

1203 385 1353 429 Epistolae
1365 387 1516 420 meminit
1528 388 1629 421 etiam
1643 385 1796 420 Albertus
1808 384 2073 428 Argentinensis.

1202 436 1399 470 Guilielmus
1421 435 1714 473 Malmesberiensis
1737 435 1887 469 meminit
1908 436 2007 469 etiam
2027 435 2078 470 in-

1203 486 1332 522 fernalis
1345 485 1512 530 Epistolae.
1540 486 1660 520 Scribit
1672 485 1755 520 duos
1771 486 1895 520 amieos
1907 485 2054 520 Clericos
2064 507 2077 525 ,

1202 548 1236 571 ut
1249 537 1336 580 prior
1345 535 1487 570 moriens
1499 536 1659 579 superstiti
1679 544 1861 580 appareret,
1888 534 1979 570 fuisse
1996 536 2078 571 invi-

1202 598 1273 620 cem
1299 583 1471 629 stipulatos
1498 609 1509 625 ‚
1544 585 1698 628 additque
1723 587 1764 620 de
1790 585 1895 629 primo
1921 596 2076 626 mortuo,

1202 635 1391 671 aeternaliter
1410 633 1568 669 damnato
1583 658 1594 674 ,
1621 634 1754 676 &juxta
1778 637 1906 677 paetum
1921 647 2079 679 apparen-

1202 697 1256 720 te:
1291 689 1416 720 Manum
1450 685 1597 726 expandit
1633 689 1719 716 tetris
1769 691 1843 717 notis
1880 683 2077 728 inscriptam,

1202 742 1234 769 in
1254 735 1356 777 quibus
1377 733 1529 778 sathanas
1544 758 1554 774 ‚
1582 735 1709 767 &omne
1730 733 1891 775 inferorum
1904 734 2078 773 satellitium

1196 791 1315 830 gratias
1322 783 1507 826 Ecclesiastico
1517 782 1605 817 caetua'
1612 784 1647 816 de
1658 784 1784 816 Tartaro
1793 784 1967 817 emittebant
1976 810 1987 825 ‚
1999 787 2079 829 quod

1201 847 1264 868 cum
1277 834 1370 877 ipfiin
1381 835 1458 868 nullo
1463 832 1526 878 suis
1541 832 1741 875 voluptatibus
1764 833 1887 876 deessent
1899 858 1910 874 ,
1936 843 1999 867 tum
2010 843 2080 868 tan-

1202 896 1267 920 tum
1287 884 1479 928 subditarum
1502 889 1672 918 animarum
1683 894 1836 917 numerum
1847 885 2080 926 pateremuraed

1202 934 1324 977 inferna
1347 933 1520 978 descendere
1533 936 1760 977 praedicationis
1772 938 1907 974 incuria,
1932 944 2079 976 quantum

1203 997 1364 1028 numquam
1385 985 1533 1019 retroaHa
1553 986 1698 1018 viderunt
1711 982 1840 1027 saecula.
1868 984 1912 1017 Et
1924 985 2078 1028 scriptura

1204 1036 1262 1070 ista
1275 1048 1341 1071 non
1354 1035 1415 1070 fuit
1433 1036 1584 1069 inefficax
1596 1060 1603 1067 .
1629 1034 1708 1077 Ejus
1715 1035 1807 1069 enim
1819 1034 1918 1068 lestor
1931 1034 2079 1069 Clericus

1203 1088 1315 1121 omnia
1342 1086 1396 1120 sua
1420 1088 1456 1119 in
1479 1096 1601 1130 egenos
1621 1082 2019 1125 &Ecclefiasdistribuit,
2043 1084 2079 1118 ὅ(

1205 1136 1289 1180 apud
1302 1137 1453 1170 Sanctum
1465 1135 1636 1169 Melanum
1649 1134 1878 1168 Redonensem
1897 1135 1942 1168 est
1955 1135 1989 1168 in
2001 1135 2080 1169 San-

1204 1188 1291 1220 ‹stum
1315 1184 1524 1220 Monachum
1551 1183 1794 1219 transformatus
1811 1209 1819 1216 .
1848 1184 1976 1218 Omnes
1996 1184 2078 1227 ejufi

1206 1237 1295 1271 modi
1318 1235 1479 1280 Epistulas
1500 1246 1565 1280 ego
1586 1246 1646 1268 nec
1657 1233 1791 1278 probare
1802 1234 1921 1275 velim,
1946 1234 2077 1268 necim-

1203 1287 1338 1329 probare
1357 1312 1365 1319 .
1393 1281 1693 1320 Discerne-,fidorum
1712 1284 1883 1328 spirituum
1906 1285 2011 1329 gratia
2029 1283 2077 1318 est

1203 1347 1304 1380 opus.
1331 1334 1504 1383 Qudquid
1532 1335 1570 1368 fit
1592 1357 1603 1373 ‚
1627 1334 1760 1379 praesens
1781 1333 1933 1368 adversus
1951 1335 2077 1377 privata

1205 1386 1287 1420 bella
1307 1385 1444 1420 coelestis
1456 1384 1604 1429 Epistola
1625 1383 1790 1427 optimum
1811 1394 1894 1427 opus
1910 1383 1956 1418 est
1968 1395 2080 1428 opera-

1204 1448 1235 1469 ta
1250 1450 1258 1469 ε
1284 1435 1330 1469 Et
1340 1436 1376 1468 in
1387 1434 1496 1468 Gallia
1508 1445 1563 1476 per
1576 1433 1756 1477 Epistopos
1771 1457 1782 1472 ‚
1806 1434 1839 1466 &
1850 1434 1885 1466 in
1900 1433 2080 1467 Germania

1204 1496 1259 1529 per
1270 1482 1478 1519 Conrardum
1489 1482 1729 1526 Imperatorem.
1751 1481 1894 1527 Treguae
1902 1480 1998 1526 hujus
2011 1494 2080 1526 prae·

1201 1535 1404 1571 dicationem
1415 1532 1456 1567 ab
1467 1532 1637 1575 Episcopis
1650 1531 1743 1566 fuiffe
1754 1531 1932 1566 venerabili
1945 1532 2083 1568 Richar-

1199 1583 1244 1618 do
1257 1608 1267 1624 ,
1292 1583 1398 1617 Sancti
1421 1581 1543 1616 Vitoni
1556 1581 1640 1624 apud
1653 1579 1843 1616 Virdunum
1863 1579 1988 1617 Abbati
2000 1582 2085 1618 dele-

1201 1644 1311 1679 gatam
1323 1659 1334 1674 ,
1360 1632 1503 1668 immisso
1523 1632 1558 1665 in
1574 1641 1788 1667 contumaces
1807 1633 1895 1667 sacro
1918 1632 1998 1677 igne
2011 1657 2023 1673 ‚
2048 1632 2084 1667 δε

1201 1683 1314 1718 multis
1323 1684 1357 1717 in
1370 1683 1439 1726 ipso
1450 1680 1592 1716 sanando
1604 1682 1769 1716 miraculis
1778 1682 1941 1717 firmatam
1954 1707 1965 1724 ‚
1993 1682 2084 1717 ideo-

1200 1744 1263 1778 que
1284 1732 1420 1768 tandem
1440 1731 1552 1766 aduro
1576 1731 1736 1767 Neustriae
1759 1732 1883 1776 populo
1893 1730 2085 1772 admissam,

1201 1782 1348 1828 pluribus
1359 1781 1467 1817 scribit
1478 1783 1584 1827 Hugo
1610 1781 1722 1817 Abbas
1734 1782 1997 1817 Flaviniacenfis.
2028 1782 2083 1817 Li-

1200 1835 1250 1868 cet
1271 1831 1354 1868 bella
1376 1831 1435 1867 ista
1457 1843 1526 1866 non
1548 1831 1643 1875 plene
1667 1832 1862 1867 exstinxerit
1875 1856 1887 1871 ,
1912 1831 2082 1866 moderata

1201 1895 1311 1920 tamen
1331 1882 1400 1924 est,
1424 1893 1463 1917 ac
1483 1881 1654 1927 insigniter
1677 1880 1827 1917 castravit
1842 1881 1990 1925 Epistola
2003 1906 2014 1922 ,
2039 1879 2081 1916 ad

1200 1944 1264 1968 tres
1289 1934 1324 1967 in
1348 1931 1593 1967 hebdomadam
1616 1932 1687 1966 dies
1710 1931 1907 1976 restringens
1927 1955 1938 1971 ,
1963 1943 2002 1967 ac
2024 1943 2082 1976 per

1200 1992 1340 2028 quatuor
1361 1980 1520 2016 mandans
1539 1981 1605 2016 effe
1618 1980 1804 2026 generalem
1828 1980 1951 2025 ubique
1968 1982 2079 2025 quoad

1199 2042 1315 2068 ornnes
1340 2032 1375 2067 δε
1400 2033 1513 2066 omnia
1540 2042 1654 2074 pacem
1679 2056 1690 2073 ,
1722 2031 1777 2066 seu
1803 2030 1871 2065 Dei
1908 2041 2080 2076 treguam:

1199 2082 1364 2117 Mandans
1384 2081 1464 2116 item
1488 2080 1649 2116 bellorum
1670 2080 1806 2116 istorum
1831 2079 2003 2115 occasione
2022 2090 2083 2117 aut

1199 2142 1354 2176 praetextu
1379 2131 1535 2166 Ecclesias
1554 2155 1566 2171 ,
1594 2131 1635 2165 ad
1656 2131 1725 2173 ejus
1750 2131 1878 2172 asylum
1900 2130 2082 2176 confugas,

1200 2183 1387 2217 itinerantes
1409 2181 1577 2221 Clericos,
1604 2178 1793 2214 Monachos
1809 2205 1818 2220 ‚
1844 2190 1900 2214 aut
1910 2180 2081 2216 Moniales

1201 2243 1268 2266 non
1291 2230 1422 2276 spoliari
1442 2241 1505 2264 aux
1530 2229 1658 2264 vexari.
1685 2228 1782 2264 Pacis
1805 2228 1902 2273 hujus
1926 2231 2082 2266 violatio·

1201 2293 1276 2318 nem
1295 2279 1378 2317 adeo
1399 2281 1547 2316 aversata
1571 2280 1645 2313 sunt
1655 2278 1790 2314 laudatae
1806 2279 2009 2315 Francorum
2019 2281 2079 2325 Sy-

1201 2331 1281 2366 nodi
1296 2355 1309 2373 ‚
1334 2341 1371 2366 ut
1381 2329 1449 2375 ejus
1461 2340 1533 2365 reos
1543 2329 1586 2363 ab
1603 2329 1827 2364 Ecclesiastico
1839 2330 1929 2373 asylo
1941 2331 2082 2375 proiece-

1201 2383 1267 2416 rint
1277 2407 1284 2414 .
1316 2380 1460 2415 Eosdem
1471 2379 1567 2414 nullo
1581 2378 1634 2414 die
1646 2403 1656 2419 ‚
1684 2379 1842 2424 nulloque
1859 2381 1935 2416 loco
1947 2380 1966 2414 a
1977 2381 2080 2424 priva·

1201 2442 1309 2467 torum
1320 2430 1483 2465 bellorum
1493 2428 1617 2472 injuriis
1627 2428 1760 2464 voluere
1771 2438 1860 2464 tutos
1873 2455 1881 2462 .
1908 2431 1952 2464 Et
1976 2429 2080 2465 hocce

1202 2482 1406 2517 Clericorum
1431 2505 1444 2522 ‚
1469 2478 1717 2514 Monachorum
1743 2504 1754 2521 ,
1779 2490 1818 2513 ac
1844 2481 2081 2515 Sanstimonia-

1200 2531 1282 2566 lium
1294 2530 1503 2575 privilegium
1514 2528 1659 2573 presenti
1682 2529 1822 2564 Canone
1831 2530 2006 2565 confirmat
2027 2530 2083 2565 ad·

1199 2582 1307 2617 versus
1329 2579 1466 2616 Gerardi
1489 2579 1727 2614 Cameracensis
1750 2579 1927 2623 Episcopi,
1951 2580 1983 2614 δε
2001 2591 2081 2623 quo-

1202 2630 1352 2666 rumdam
1375 2629 1424 2664 illi
1445 2627 1680 2664 adhaerentium
1701 2629 1997 2665 recalcitrationem
2011 2631 2081 2665 Leo

264 2681 424 2715 reptionem
433 2675 554 2710 humani
570 2684 690 2721 generis
704 2678 886 2720 depravati.
913 2680 959 2710 Et
971 2682 1003 2709 in
1015 2687 1155 2719 quatuor¹
1202 2681 1324 2717 Nonus
1337 2705 1345 2716 ‚
1370 2682 1454 2715 Haec
1475 2678 1628 2723 Synodus
1650 2678 1762 2714 habita
1770 2679 1816 2714 est
1835 2691 1924 2714 anno
1935 2679 2081 2714 Domini

264 2730 410 2764 “ppa'ffl‘
429 2728 541 2768 Miffis,
566 2726 719 2771 diversam
740 2733 772 2761 Μ
791 2726 924 2771 qualibet
951 2726 1143 2768 P7⁰Pbe¹¹am
1204 2731 1380 2766 millesimo
1393 2728 1638 2774 quadragesimo
1650 2739 1762 2770 nono,
1790 2740 1856 2776 quo
1876 2730 1947 2772 ipso
1967 2728 2083 2763 obiissb

262 2770 397 2830 [bibens
415 2797 422 2804 -
447 2773 533 2809 Infra
562 2776 800 2822 flagellantium
825 2788 946 2811 errores
974 2786 1142 2811 enumerat
1205 2780 1325 2816 dicitur
1337 2780 1509 2816 Gerardus.
1523 2778 1670 2812 Alberici
1682 2788 1790 2814 tamen
1804 2777 1999 2814 Chronicon
2012 2777 2085 2812 obi-

264 2820 356 2855 :dem
377 2820 592 2865 chronicon,
618 2827 729 2870 aitque
750 2826 838 2861 hunc
859 2827 951 2862 fuisse
975 2827 1139 2871 primum:
1156 2843 1158 2857 ι
1206 2833 1264 2867 isse
1276 2830 1345 2865 vult
1356 2830 1446 2865 istius
1458 2828 1561 2863 saeculi
1574 2839 1663 2863 anno
1675 2829 1944 2874 quinquagesimo
1955 2827 2061 2871 ptimo
2075 2851 2085 2860 .

264 2874 336 2905 Dici
348 2869 460 2914 sedam
481 2884 577 2906 eorum
601 2875 719 2916 fratres
739 2876 935 2921 flagellatoret
948 2901 959 2917 ‚
979 2875 1033 2919 seu
1046 2882 1141 2911 crucis

257 2920 379 2962 fratres
400 2945 412 2961 ,
438 2923 473 2956 6·
491 2928 632 2966 originem
650 2935 686 2958 ex
711 2925 888 2969 quibusdam
902 2925 1060 2969 ,scripturn
1080 2935 1141 2969 per

262 2968 380 3014 fundos
397 2974 518 3017 Angelos
523 2972 613 3017 super
622 2975 720 3009 attare
722 2974 823 3018 san&
848 2978 935 3012 Petri
946 2978 1046 3010 Roma
1058 2977 1141 3011 dela-

594 3170 821 3315 {aaa

595 3302 821 3421 esee

362 3518 466 3563 Christ.
481 3523 557 3563 Lupi
568 3526 652 3564 oper.
664 3524 741 3554 Tom.
755 3525 800 3555 IV

1209 2882 1301 2916 Hinc
1323 2892 1364 2915 an
1377 2878 1515 2924 Synodo
1529 2878 1586 2912 ille
1596 2877 1734 2913 adfuerit
1749 2880 1953 2924 ignoramus.
1979 2875 2086 2926 Qid-

1209 2931 1289 2977 quid
1309 2931 1347 2965 fit
1367 2954 1379 2970 ‚
1404 2939 1530 2965 certum
1557 2927 1603 2962 est
1625 2928 1799 2965 Canonem
1818 2929 1836 2963 a
1858 2926 2082 2965 cameracensi

1212 2981 1353 3016 Ecclesia
1369 2980 1462 3015 fuisse
1476 2978 1625 3014 amissum
1635 3002 1643 3011 .
1871 3000 1875 3002 v

1543 3175 1656 3293 ἓξ

1628 3524 1662 3558 Α
1689 3536 1708 3560 a
1970 3523 2054 3558 CA·

1547 3347 1571 3385 Ψ

1661 3177 1715 3425 &cium

1719 3178 1781 3425 ww
