2352 3736
490 176 579 205 DE

45 247 106 291 lib·
133 258 162 277 2·
215 249 349 283 Sterone
360 242 532 279 Monaeho
543 242 758 287 Alrhaneust,
783 249 950 279 Civitatem
962 247 1083 277 Praene-

46 286 135 326 Epist.
153 299 176 317 ¹·
210 300 322 341 stinam
349 295 551 340 Episcopatus
574 294 680 329 honore
696 301 863 338 privavit,
889 298 923 329 (5
943 293 1083 337 subverti

44 329 81 357 Α
116 337 199 389 βψ*
208 349 309 392 J‘ufflt,
334 348 454 381 fastum
467 346 657 381 successores
674 344 851 381 Pontifices
873 343 992 379 merito
1014 354 1083 378 non

210 397 408 444 probarunt.

264 449 334 482 Cur
346 447 442 481 Petro
456 446 804 482 CardinaliDiacouw
812 443 922 479 nullus
941 442 996 479 hic
1018 443 1087 478 affi-

211 507 331 544 gnetur
344 497 437 532 locus
449 509 503 531 aut
517 498 619 537 sedes,
632 493 792 529 addiscere
806 495 901 538 poffis
914 506 954 528 ex
964 495 1088 529 Roma-

210 560 255 582 na
265 548 402 591 synodo
415 547 523 582 Sancti
535 544 687 588 Gregorii
701 543 839 588 Magni:
857 549 1015 587 Gregorius
1027 547 1088 576 Pa-

208 607 254 640 pa
265 611 331 633 cum
346 602 374 630 E
372 597 499 641 pisi-opis
509 594 642 628 omnibus
652 604 687 626 ac
697 597 842 628 Romanae
852 594 987 636 Ecclefiae
1001 591 1087 635 Pres-

39 643 102 691 1-jb·
126 654 153 678 4·
212 650 317 686 byteris
337 648 464 690 refidens
482 670 493 686 ‚
520 644 708 685 adstantibus
729 646 906 679 Diaconibus
931 646 966 679 ό·
985 643 1087 677 cumqe

42 686 95 722 ΕΡ·
125 693 172 719 44·
212 700 303 733 clero.
329 696 433 745 Qod
444 696 546 738 ipsum
574 692 674 728 habet
694 694 762 737 ejus
784 695 847 729 alia
871 693 1026 738 Synodus
1045 693 1087 727 de

211 750 304 783 causa
331 745 430 780 Probi
458 743 597 778 Abbatis
623 743 665 778 ad
702 746 856 780 Sanctum
894 743 1087 779 Andream.

40 800 101 833 Lib.
131 812 159 837 9.
212 795 586 840 NempeDiaconisunt
607 793 779 828 dumtaxat
799 794 966 835 Ministri,
1001 793 1088 828 ideo-

40 843 90 880 ΕΡ·
115 852 162 870 ²²·
211 847 320 891 quein
332 843 469 888 Synodo
481 845 553 888 ipfis
564 855 630 878 non
642 844 801 888 competit
813 843 901 879 sedes
912 869 924 885 ,
949 842 1001 878 sed
1015 844 1086 888 post

210 896 390 940 Episcopos
401 904 496 938 atque
508 893 721 937 Presbyteros
731 895 811 929 stare
824 896 1069 930 consueverunt
1081 919 1088 927 .

208 947 258 982 At
283 944 362 979 vero
382 945 467 988 apud
491 944 746 989 Lugdunensem
769 945 960 980 innocentii
982 946 1089 989 quarti

209 995 382 1039 Synodum
397 995 589 1029 Cardinales
599 994 744 1029 Diaconi
756 1006 822 1029 una
833 1008 908 1030 cum
931 996 1091 1030 Romanae

210 1045 363 1080 Ecclefiae
385 1044 693 1080 Vice-Cancellario
717 1044 866 1080 sederunt
887 1055 963 1080 ante
978 1045 1092 1081 Thro-

210 1107 293 1130 num
316 1095 512 1130 Pontificis:
541 1095 640 1129 More
662 1096 874 1136 Graecorum,
900 1096 986 1140 apud
1007 1107 1093 1141 quos

210 1147 334 1189 septem
347 1146 496 1179 Ecclesiae
521 1146 896 1189 Constantinopolitanae
922 1147 1093 1191 Crucigeri

209 1196 358 1231 Diaconi
381 1195 585 1238 Synodalem
611 1195 659 1228 sui
684 1195 875 1230 Patriarchae
913 1195 1093 1231 Thronum

210 1246 320 1280 solent
330 1246 584 1289 circumcingere
597 1270 603 1277 .
625 1246 728 1294 Qod
739 1258 781 1281 an
793 1257 867 1279 ante
879 1246 1000 1281 laudati
1015 1272 1024 1286 ,
1036 1247 1094 1288 qui

212 1295 405 1330 cardinales
428 1295 594 1340 infigniter
609 1297 787 1338 exaltavit,
814 1295 1004 1331 Innocentii
1016 1305 1094 1330 tem-

209 1356 290 1389 pora
300 1345 399 1380 fuerit
413 1345 534 1380 fastum
548 1345 634 1389 apud
647 1346 783 1381 Latinos
797 1370 809 1387 ,
834 1347 981 1391 adeoque
1003 1359 1045 1381 au
1059 1347 1093 1380 in

210 1394 275 1430 hac
284 1395 382 1429 etiam
399 1397 539 1438 Synodo
561 1395 676 1430 Petrus
699 1397 885 1432 Cardinalis
918 1398 1096 1433 Diaconus

209 1454 288 1479 ante
307 1445 430 1480 Leonis
459 1447 540 1481 noni
568 1445 750 1481 Thronum
772 1447 890 1482 sederit
907 1473 918 1489 ,
957 1447 1093 1491 quidam

211 1493 383 1529 dubitant.
412 1495 460 1528 At
471 1496 792 1541 sinelfundamento.
820 1496 955 1532 Etenim
979 1498 1097 1531 Baten-

211 1544 252 1579 fis
264 1556 318 1589 per
331 1544 511 1580 Urbanum
524 1546 701 1581 secundum
723 1546 850 1590 Synodi
873 1549 939 1581 aeta
962 1547 1096 1581 laudans

212 1594 413 1628 Guilielmus
424 1595 714 1631 Malmesberienfis
723 1597 871 1641 adjungit
883 1597 924 1631 de
935 1597 1098 1630 Romanae

209 1643 363 1677 Ecciefiae
374 1644 543 1680 Cardinali
560 1645 813 1681 Archidiacono
825 1660 836 1679 .-
864 1651 922 1680 Cui
934 1657 1007 1680 ante
1022 1649 1100 1679 Pon-

37 1711 96 1743 fol·
129 1720 196 1749 ²²3·
210 1693 430 1736 tlficemsedere
441 1701 531 1729 moris
543 1695 598 1736 est.
626 1696 683 1730 An
709 1698 841 1740 praesens
863 1697 977 1730 Petrus
1000 1696 1097 1730 fuerit

211 1743 446 1778 Romanorum
484 1745 749 1781 Archidiaconus
772 1771 784 1787 ‚
819 1747 940 1792 ignoro
965 1773 973 1780 .
998 1745 1098 1780 Certe

211 1793 275 1828 suit
287 1794 429 1837 ipsorum
440 1794 666 1830 Cancellarius
676 1821 687 1837 ‚
712 1798 748 1831 ἀ
760 1798 846 1840 apud
859 1806 1011 1840 agentem
1026 1796 1098 1830 lon-

211 1843 254 1888 ge
265 1843 307 1877 ab
318 1843 401 1878 urbe
409 1844 606 1880 Pontificem
618 1847 725 1881 forsan
738 1847 863 1880 funerus
885 1847 951 1880 fuit
975 1846 1046 1880 vice
1064 1846 1098 1879 δε

211 1891 325 1927 officio
336 1893 594 1937 Archidiaconi,
620 1896 768 1940 adeoque
779 1896 815 1930 in
826 1896 972 1939 praelenti
995 1897 1100 1938 syno-

211 1943 258 1977 do
268 1943 463 1991 anteipsum
475 1944 575 1978 sedit.
603 1945 711 1979 Fuisse
728 1946 977 1979 Cancellarium
991 1944 1100 1978 lucide

210 1992 328 2026 dicunt
346 1993 414 2027 aaa
434 1994 614 2036 Synodalia
634 2019 641 2025 .
685 1994 793 2029 Porro
830 1993 1040 2036 presbyteros
1068 2005 1102 2027 e-

212 2043 294 2077 tiam
311 2053 350 2076 ac
373 2043 543 2078 Diaconos
564 2044 758 2079 Cardinales
768 2044 913 2079 omnino
930 2044 1100 2090 insigniter

210 2091 391 2133 exaltavit,
419 2093 588 2138 Episcopis
611 2105 648 2128 ac
670 2090 939 2139 Archiepiscopis
967 2104 1102 2137 antepo-

213 2143 278 2175 suit
299 2167 310 2183 ‚
336 2154 537 2186 purpuraque
558 2144 688 2177 ornavit
715 2144 866 2180 laudatus
888 2152 1022 2187 quartus
1049 2143 1102 2177 In-

213 2194 411 2226 nocentius.-
438 2204 475 2227 ut
499 2203 612 2228 contra
624 2194 836 2229 Fredericum
859 2193 1037 2228 secundum
1060 2204 1102 2226 ex

214 2240 393 2285 degradato
405 2243 601 2286 Imperatore
611 2244 845 2279 ferociffirnum
860 2245 1020 2277 Romana
1043 2241 1103 2276 Ec-

214 2289 456 2325 clefiaehostem
474 2304 613 2329 armaret
628 2317 639 2333 ‚
665 2290 704 2327 ac
727 2294 778 2327 vel
801 2305 844 2327 ex
869 2292 942 2326 solo
967 2292 1103 2336 propriae

213 2340 310 2374 vestis
344 2341 470 2384 aspestu
506 2352 638 2387 cogeret
660 2345 722 2378 effe
743 2353 870 2386 paratos
894 2342 935 2377 ad
957 2352 1104 2387 pugnan-

212 2389 293 2423 dum
306 2400 365 2433 pro
388 2390 535 2426 Ecclefiae
557 2391 762 2427 libertatibus
783 2394 883 2436 usque
909 2392 951 2427 ad
976 2392 1106 2437 angui—

211 2450 290 2474 nem
310 2440 345 2473 &
370 2449 526 2475 mortem.
555 2442 622 2476 Res
644 2443 710 2477 visa
729 2441 776 2477 est
797 2442 880 2478 dura
905 2441 1102 2486 quibusdam

211 2489 385 2533 Episcopis
406 2513 417 2528 ‚
453 2491 595 2535 ideoque
622 2492 724 2536 ipsam
749 2491 876 2527 dudum
902 2493 1003 2527 etiam
1030 2491 1101 2536 post

213 2539 327 2574 conati
350 2539 423 2574 sunt
443 2541 632 2576 exsufflare.
660 2542 795 2576 Etenim
806 2543 847 2577 de
869 2541 1104 2577 benedicendis

213 2587 364 2624 Cafimiri
386 2590 473 2624 tertii
497 2591 705 2627 Polonorum
729 2592 834 2638 Regis
859 2593 984 2637 nuptiis
1011 2601 1103 2627 tanta

212 2636 297 2671 inter
307 2639 563 2675 Cracoviensem
579 2641 778 2686 Episcopum
790 2665 801 2682 ‚
817 2644 874 2686 qui
885 2653 957 2678 eratv
967 2640 1104 2686 Presby-

214 2697 264 2720 ter
275 2685 477 2731 cardinalis,
503 2693 539 2726 δε
562 2689 856 2737 Archiepiscopum
878 2693 1103 2728 Gnesnensem

215 2736 528 2775 surrexitcontentio
540 2765 551 2782 ‚
576 2751 613 2776 ut
626 2752 740 2776 neuter
756 2743 850 2778 alteri
858 2742 1102 2783 volueritcede·

214 2796 250 2820 re
264 2810 275 2826 ‚
303 2786 442 2829 ideoque
465 2788 539 2823 Rex
561 2801 735 2836 utrumque
756 2793 902 2837 rejecerit
916 2817 927 2834 ,
953 2794 988 2828 &
1008 2793 1104 2827 bene-

222 2835 380 2870 dictionis
391 2836 550 2872 honorem
571 2841 723 2876 detulerit
743 2844 834 2877 fratri
861 2844 983 2887 Joanni
1007 2843 1106 2887 Capi-

220 2885 331 2921 strano
343 2908 354 2924 ,
380 2885 575 2931 Presbytero
587 2890 725 2926 Ordinis
736 2893 911 2928 Minorum
924 2919 931 2927 .
959 2894 1004 2927 Et
1026 2893 1105 2928 tales

99 2948 116 2973 ,4
220 2933 397 2970 hincinde
408 2938 640 2973 contentiones
651 2941 782 2978 fuerunt
793 2943 914 2987 plures.
944 2943 1103 2978 Attamen

224 2983 356 3019 tandem
368 2986 464 3029 plene
474 2988 621 3022 vicerunt
634 2990 777 3026 Domini
791 2993 981 3028 cardinales
995 3019 1002 3026 .
1012 2993 1106 3027 Hinc

223 3035 361 3069 enimin
375 3036 593 3072 Guilielmum
606 3037 822 3076 Warha'mum
833 3043 1105 3078 cantuariensem

227 3082 544 3131 Archiepiscopum,
570 3089 704 3133 privatis
727 3090 842 3125 litteris
862 3104 903 3127 ex
925 3093 1024 3128 veteri
1037 3105 1106 3128 mo-

224 3144 262 3167 re
297 3133 547 3172 subscribentem
575 3161 586 3177 ‚
622 3140 800 3173 Guilelmus
829 3140 933 3183 frater
968 3148 1106 3177 Cantua-

225 3182 328 3225 rienfi's
340 3208 352 3224 ,
377 3183 528 3222 Thomas
541 3188 689 3223 Volsaeus
701 3189 911 3225 Eboracenfis
923 3191 1105 3236 Archiepis-

223 3243 328 3277 copus
345 3256 356 3273 ,
382 3235 418 3268 &
444 3235 615 3281 Presbyter
640 3238 846 3281 Cardinalis,
873 3241 1004 3284 peffime
1022 3243 1105 3285 apud

227 3281 411 3318 Nicolaum
432 3286 678 3330 Harpsfeldium
703 3289 924 3325 stomachatus
939 3291 1004 3327 fuit
1023 3315 1036 3332 ‚
1058 3289 1106 3327 'di-

52 3371 120 3452 Ῑέιῑῖέ
139 3383 188 3452 g:
227 3384 302 3425 ligat
323 3383 358 3429 se
382 3385 458 3418 mihi
478 3398 537 3421 non
556 3387 607 3431 effe
624 3396 754 3432 parem,
779 3399 897 3425 tantum
915 3392 994 3433 abest
1011 3400 1045 3425 ut
1067 3391 1106 3435 fit

221 3431 341 3475 frater.
369 3434 497 3474 Verum
520 3437 652 3475 fuerunt
673 3439 769 3477 verba
789 3442 867 3480 vani
885 3443 918 3479 δε
937 3442 1105 3480 insolentis

651 175 808 205 nnc
876 162 1279 207 REMENSI

227 3334 342 3378 xitque
354 3334 572 3371 adstantibus:
603 3340 776 3381 Propediem
802 3342 943 3383 efficiam,
968 3351 1002 3376 ut
1021 3343 1112 3377 intel--

1350 162 1728 209 SYNono.
1872 176 1969 224 207

1150 239 1311 275 hominis.
1336 242 1413 277 Nec
1428 240 1520 277 enim
1531 253 1598 277 rem
1608 243 1811 289 peregrinam
1824 242 1859 279 in
1881 246 2028 283 Ecclesia

1149 302 1205 326 aut
1218 303 1338 326 novam
1352 294 1442 327 orsus
1452 293 1517 327 fuit
1528 293 1757 329 Innocentius.
1781 295 1939 331 Dominis
1950 297 2028 332 Car-

1147 341 1312 376 dinalibus
1322 342 1411 377 aliud
1424 356 1493 378 non
1507 343 1620 384 dedit,
1646 354 1747 388 quam
1769 346 1858 386 quod
1884 348 1920 380 in
1941 348 2035 383 Co'n·

1149 392 1440 436 stantinopolitana
1469 394 1608 428 Ecclesia
1630 394 1824 438 jampridem
1850 393 2032 433 habuerant

1149 442 1184 475 δε
1196 443 1314 486 septem
1326 442 1491 477 Cruciferi
1502 445 1648 478 Diaconi
1660 468 1671 484 ,
1697 445 1729 479 &
1741 444 1935 480 Patriarchae
1947 449 2035 490 Syn-

1148 493 1223 526 celli
1236 492 1358 527 Clerici
1371 517 1382 533 ,
1405 493 1446 527 de
1458 492 1577 535 quibus
1589 494 1631 528 ad
1649 494 1797 529 Romani
1819 494 1944 540 Argyri
1970 498 2034 532 lm-

1148 543 1270 586 perium
1290 543 1452 586 Georgius
1464 542 1650 576 Cedrenus:
1666 548 1722 577 Die
1735 545 1909 586 pentecostes
1929 548 2038 580 tumul-

1149 600 1264 626 tuarum
1277 591 1314 632 est
1324 593 1358 625 ob
1366 590 1507 635 seffionem
1527 596 1560 624 in
1580 590 1665 634 sacro
1691 595 1787 635 Officio
1800 619 1812 635 ,
1839 597 2036 638 Metropolim·

1150 654 1207 675 non
1226 642 1396 684 ferentibus
1421 640 1567 684 superiore
1593 642 1649 674 loco
1670 642 1737 684 ipsis
1753 643 1855 686 sedere
1879 648 2037 686 syncellos.

1149 691 1252 739 Quod
1266 701 1375 726 tamen
1389 690 1535 734 Syncelli
1546 692 1674 725 causam
1686 691 1891 729 obtinuerint
1903 721 1914 737 ‚
1939 696 2039 731 docet

1148 742 1197 785 jus
1209 740 1531 776 Graeco-Romanum
1548 740 1588 775 ad
1599 741 1735 775 titulum
1748 741 1788 775 de
1800 743 2046 789 Carthophyla-

1150 803 1199 833 ce,
1211 792 1245 825 ὅ(
1256 791 1394 826 novellae
1406 791 1494 836 leges
1508 790 1714 834 Imperatoris
1728 791 1839 826 Alexii
1850 793 2019 829 Comneni
2029 820 2039 828 .

1201 840 1376 886 Culpanda
1398 842 1497 875 etiam
1519 842 1583 875 fuit
1609 841 1754 884 superbia
1777 866 1789 882 ,
1815 852 1855 875 ex
1879 853 1943 885 qua
1966 844 2042 878 Mo-

1150 892 1311 938 guntinus
1323 916 1334 932 ,
1345 890 1556 926 Colonienfis
1567 916 1578 932 ‚
1604 892 1639 926 &
1653 892 1858 926 Trevirenfis
1872 891 2045 937 Archiepi-

1151 943 1241 986 scopi
1266 942 1412 976 delatum
1433 941 1474 976 ab
1501 941 1647 978 Urbano
1670 943 1764 976 sexto
1792 942 2044 977 Cardinalatum

1154 1005 1222 1030 non
1233 992 1448 1028 admiserunt.
1471 992 1520 1025 Ea
1533 991 1652 1036 quippe
1666 992 1812 1037 dignitas
1824 992 1891 1027 istis
1905 992 2049 1028 Archie-

1155 1044 1294 1088 piscopis
1306 1055 1375 1078 non
1400 1043 1463 1077 fuit
1484 1043 1642 1087 indigna.
1673 1043 1810 1077 Etenim
1832 1043 2046 1079 conrardum

1154 1096 1299 1139 primum
1333 1093 1579 1138 Moguntinuru
1600 1091 1928 1138 Archiepiscopum,
1967 1094 2053 1129 Fre*

1155 1144 1257 1179 derici
1286 1143 1383 1188 primi
1420 1142 1627 1188 Imperatoris
1664 1144 1795 1177 affinem
1821 1168 1833 1184 ,
1871 1144 1965 1178 fuisse
2004 1141 2049 1178 ab

1159 1194 1351 1229 Alexandro
1393 1194 1490 1227 tertio
1525 1203 1672 1228 creatum
1712 1193 1922 1228 Cardinalem
1960 1193 2055 1227 Pres-

1157 1245 1309 1288 byterum
1347 1243 1455 1278 Sancti
1491 1243 1645 1278 Marcelli
1679 1268 1692 1284 ,
1740 1256 1779 1278 ac
1814 1242 1935 1279 deinde
1971 1242 2051 1277 Car-

1155 1295 1303 1330 dinalem
1341 1294 1543 1338 Episcopum
1580 1293 1792 1329 Sabinensem
1826 1319 1837 1336 ‚
1889 1294 2051 1328 testantur

1157 1343 1369 1391 Moguntinae
1398 1344 1545 1379 Ecclefiae
1571 1343 1704 1379 archiva
1727 1368 1739 1385 ,
1776 1344 1811 1378 δε
1851 1343 2057 1379 (Πποῃίοοιι

1157 1395 1355 1430 Monasterii
1379 1393 1660 1430 Laurishamenfis
1681 1420 1688 1428 .
1727 1394 1840 1429 Etiam
1867 1394 2055 1428 Siffridum.
2079 1398 2115 1427 Λ.
2145 1395 2233 1425 120&

1158 1448 1289 1480 tertium
1303 1445 1397 1479 fuisse
1409 1446 1533 1478 Sanstae
1548 1443 1676 1478 Sabinae
1687 1443 1903 1478 Cardinalem
1918 1443 2061 1487 Presby-

1158 1506 1264 1530 terum
1277 1493 1386 1529 scribit
1398 1491 1599 1527 Godefridus
1628 1491 1819 1527 Monachus
1841 1493 1946 1527 Sanffi
1970 1492 2058 1529 Pan·

1159 1545 1299 1581 taleonis
1319 1568 1327 1576 .
1368 1541 1523 1577 Albertus
1545 1541 1823 1587 Archiepiscopus
1845 1567 1857 1583 ,
1884 1543 2053 1577 Branden-

1160 1595 1325 1640 burgensis
1336 1591 1548 1627 Marchionis
1558 1593 1677 1633 frater,
1705 1592 1899 1628 Lutherano
1922 1592 2052 1627 diluvio

1160 1646 1272 1679 misere
1297 1644 1446 1678 absortus
1470 1666 1481 1683 ,
1518 1653 1587 1678 erat
1613 1642 1801 1678 Cardinalis
1827 1642 1868 1677 ad
1892 1643 2050 1677 Sanctum

1161 1693 1440 1739 Chrysogonum.
1473 1693 1518 1726 Et
1529 1692 1570 1727 de
1582 1692 1804 1728 Theoderico
1833 1693 1939 1736 primo
1961 1692 2045 1726 Tre-

1162 1746 1334 1779 virenfiurn
1346 1741 1629 1786 Archiepiscopo‚
1644 1743 1701 1787 qui
1719 1742 1833 1777 saeculo
1843 1742 1976 1777 decimo
1989 1741 2051 1776 sub

1163 1795 1286 1829 Leonis
1312 1793 1418 1828 otiavi
1444 1791 1646 1828 Pontificatu
1672 1792 1804 1834 floruit,
1836 1793 1948 1828 scribit
1974 1793 2052 1827 Ma-

1161 1856 1267 1890 gnum
1281 1844 1387 1888 Belgii
1404 1840 1621 1877 Chronicon:
1651 1842 1847 1876 Theodericus
1860 1846 1964 1877 Romae
1985 1843 2060 1875 Cel·

1161 1897 1222 1927 lam
1234 1903 1360 1937 quatuor
1369 1897 1581 1926 Coronatorum
1591 1904 1656 1927 cum
1668 1893 1804 1926 omnibus
1830 1892 2056 1935 appendicibus·
2084 1912 2135 1945 501
2166 1917 2217 1951 84·

1157 1943 1223 1987 suis
1236 1943 1292 1986 fibi
1315 1944 1348 1976 eb·
1367 1940 1431 1984 suis
1458 1943 1658 1985 successoribus
1678 1947 1710 1974 in
1728 1951 1907 1984 perpetuum
1933 1942 2062 1986 acquifi·
2138 1936 2143 1945 ’

1161 2000 1229 2028 vit.
1259 1993 1352 2028 Cella
1369 1992 1429 2025 ista
1442 2001 1512 2025 erat
1534 1992 1650 2026 titulus
1670 1992 1857 2026 Cardinalis
1871 2017 1882 2033 ,
1910 1993 2057 2037 ideoque

1162 2045 1196 2078 &
1217 2041 1458 2078 Theodericus
1480 2041 1513 2074 ὅ(
1538 2053 1654 2078 ornnes
1680 2042 1749 2085 ejus
1767 2042 1968 2077 Successores
1994 2043 2057 2080 dur

1163 2094 1243 2128 dum
1268 2093 1406 2128 fuerunt
1428 2091 1620 2126 Cardinales
1638 2091 1826 2135 Presbyteri
1852 2105 1860 2125 ε
1899 2094 2058 2140 Qomo·

1163 2143 1209 2177 do
1237 2144 1281 2178 ad
1306 2144 1460 2177 Sanstam
1497 2142 1644 2176 Priscam
1679 2143 1810 2176 fuerunt
1845 2143 1946 2178 etiarn
1984 2142 2054 2178 Al>

1165 2193 1254 2227 bates
1278 2190 1569 2227 vindocinenses.
1599 2192 1644 2226 Et
1674 2192 1886 2228 Nemausensi
1912 2205 1969 2237 per
1982 2194 2054 2229 Ur-

1166 2243 1288 2277 banum
1321 2239 1507 2277 secundum
1527 2241 1697 2276 celebratae
1717 2243 1856 2286 Synodo
1879 2244 2053 2278 subscribit

1166 2292 1359 2327 Daimbertus
1400 2290 1531 2335 Pisanus
1568 2291 1805 2336 Archiepifi‘opus
1843 2295 2022 2327 Cardinalis
2044 2318 2054 2326 .

1165 2342 1234 2377 Hic
1256 2341 1304 2377 est
1325 2342 1382 2378 ille
1404 2341 1615 2377 Daimbertus
1640 2343 1695 2377 seu
1722 2343 1933 2388 Dagobertus
1955 2367 1966 2383 ‚
1993 2344 2051 2388 qui

1166 2391 1274 2437 postea
1299 2392 1358 2428 sub
1371 2393 1501 2428 Latinis
1513 2392 1663 2438 Regibus
1680 2393 1745 2426 fuit
1760 2394 1883 2437 primus
1893 2394 2055 2429 Hieroso

1166 2444 1264 2486 lymae
1274 2441 1486 2484 patriarcha,
1512 2443 1548 2477 δε
1570 2443 1755 2477 Cardinalis
1775 2443 1907 2478 mansit.
1938 2445 2055 2479 Etiam

1165 2493 1372 2538 Rangerium
1388 2491 1611 2538 Rhegiensem
1632 2491 1933 2538 Archiepiscopum
1957 2493 2055 2527 fuisse

1164 2543 1222 2578 sub
1234 2542 1353 2578 eodem
1365 2541 1511 2578 Urbano
1522 2542 1756 2585 Presbyterum
1771 2543 1986 2578 Cardinalem
2006 2543 2052 2578 af-

1163 2593 1270 2627 firmat
1280 2593 1416 2639 antiqua
1429 2591 1608 2637 Appendix
1632 2592 1674 2626 de
1695 2592 1827 2636 majoris
1848 2593 2052 2628 Monasterii

1163 2642 1353 2678 Abbatibus
1395 2643 1483 2687 apud
1504 2643 1537 2677 S.
1560 2641 1763 2687 Gregorium
1786 2643 2021 2678 Turonensem
2042 2667 2051 2674 .
2077 2632 2138 2664 Pol.
2162 2645 2175 2664 ¹
2188 2645 2236 2667 ²0·

1164 2694 1208 2728 Et
1218 2692 1260 2727 de
1284 2693 1447 2736 Poppone
1472 2694 1517 2735 (a)
1538 2692 1678 2726 Metenfi
1703 2693 1894 2738 Episcopo,
1920 2692 2052 2728 Calixti.
2075 2713 2235 2751 &stepha-

1165 2742 1299 2778 secundi
1321 2742 1498 2776 Pontificis
1519 2753 1575 2786 per
1596 2743 1738 2777 sororem
1766 2753 1886 2787 nepote
1909 2767 1921 2783 ,
1959 2742 2051 2785 apud
2073 2762 2120 2783 no.
2131 2757 2233 2784 Nom.

1165 2794 1293 2827 Lucam
1317 2790 1521 2826 Daci-retium
1543 2792 1654 2826 scribit
1666 2793 1753 2836 prior
1763 2793 1918 2828 Metenfis
1943 2791 2053 2828 Chre>

1166 2843 1232 2878 nici
1245 2842 1446 2887 Appendix:
1475 2844 1576 2884 Poppo
1587 2842 1736 2877 abeodem
1746 2844 1889 2886 Pontifice
1902 2841 2050 2886 consecra·
2070 2830 2132 2864 1³01·
2164 2836 2231 2863 ⁶⁶¹·

1157 2904 1214 2928 ‘tus
1224 2893 1285 2936 est,
1313 2895 1425 2928 &tam
1447 2893 1540 2926 Pallii
1561 2893 1734 2937 dignitate,
1760 2896 1854 2937 quam
1872 2894 2050 2926 Cardinalis

1165 2945 1251 2978 titulo
1263 2943 1443 2977 honoratus.
1470 2942 1635 2990 Quinimo
1657 2943 1858 2978 Gerbaldum
1886 2941 2050 2978 Leodien·

1167 2997 1231 3030 sem
1255 2993 1480 3037 Episcopum,
1505 2993 1612 3027 filium
1632 2994 1736 3038 Regis
1758 2992 1926 3033 Bavariae,
1953 2994 2048 3028 fuisse

1167 3045 1209 3079 ab
1229 3043 1380 3077 Adriano
1405 3044 1513 3087 ptimo
1537 3052 1683 3077 creatum
1710 3042 1920 3077 Cardinalem
1940 3066 1952 3084 ,
1980 3042 2047 3077 lau-

1166 3095 1279 3129 datum
1292 3090 1400 3137 Belgii
1422 3090 1617 3126 Chronicon
1641 3093 1795 3128 asseverat
1807 3118 1814 3126 .
1841 3091 1942 3127 Adeo
1959 3092 2048 3128 -anti-

1167 3154 1268 3189 quum
1281 3143 1348 3181 est,
1374 3142 1465 3183 quod
1489 3141 1649 3176 Primates
1673 3142 1774 3178 etiam
1797 3143 1952 3188 Episcopi
1978 3154 2047 3177 am-

1168 3194 1287 3229 bierint
1298 3193 1331 3227 &
1343 3191 1442 3236 gavifi
1454 3191 1516 3224 fint
1526 3192 1589 3225 effe
1602 3192 1763 3228 Romam
1772 3193 1920 3228 Ecclesiae
1932 3192 2049 3228 Cardi-

1169 3245 1274 3279 nales.
1302 3242 1375 3277 Nec
1386 3241 1525 3275 mirum:
1553 3241 1752 3278 Nametiam
1765 3242 1968 3288 Stephanum
1980 3242 2049 3277 Ni·

1165 3293 1406 3329 comediensem
1424 3291 1622 3336 Episcopum
1634 3319 1646 3335 ‚
1673 3293 1837 3339 Bithyniae
1848 3293 2047 3337 Metropoli-

1166 3354 1232 3379 tam
1242 3369 1252 3386 ‚
1279 3342 1370 3378 fuiffe
1381 3341 1576 3377 Patriarchae
1586 3344 1950 3387 Constantinopolitani
1963 3344 2045 3385 Syn-

1167 3394 1284 3430 cellum
1322 3390 1431 3427 laudat
1450 3392 1492 3427 ad
1515 3393 1728 3430 Constantini
1750 3396 1786 3430 δε
1805 3394 1914 3430 Bafilii
1938 3393 2045 3433 Impe-

1166 3446 1250 3480 rium
1283 3443 1432 3480 laudatus
1456 3442 1620 3490 Georgius
1645 3445 1811 3482 Cedrenus
1834 3470 1842 3479 .
1880 3442 1956 3522 Νὲο
1989 3439 2043 3473 de·

1932 3497 1992 3525 unt
