2352 3736
64 1774 124 1806 1201.
137 1782 199 1812 531.

66 2135 200 2163 1³:117ss-

67 2173 105 2199 A.
120 2180 199 2204 1172·

404 223 406 225 ,
437 197 493 230 DE
526 184 727 229 Smomn
763 192 974 238 canum,
1013 194 1062 224 ετ
1096 189 1239 225 vimus
1276 190 1336 221 AD
1369 175 1493 221 lps'uM
1530 190 1858 223 merim-rmus.
1932 177 1999 238 67

240 283 295 307 cos
306 281 403 313 atque
423 267 612 307 haereticos,
638 267 685 300 uti
698 265 836 299 testatur
851 265 1020 299 Henricus
1032 259 1123 305 Cny-
1237 261 1423 297 Secundum
1447 263 1689 296 Sacramentum
1709 265 1754 297 est
1769 262 1954 298 Christiana
1978 263 2069 296 Con-

237 322 403 367 ghtonus.
431 318 608 353 Calumnia
630 316 826 360 quibusdam
852 315 917 347 visa
939 313 985 347 est
1008 313 1123 346 habere
1189 313 1331 346 firmatio
1345 336 1355 351 ‚
1382 312 1465 345 circa
1489 311 1576 355 quod
1590 313 1672 345 olim
1695 315 1786 347 simul
1809 325 1885 347 cum
1898 312 2067 357 Baptismo

239 371 364 416 aliquid
377 368 581 404 fundamenti
596 392 606 406 ,
633 367 776 408 ideoque·
784 363 919 397 dedusta
942 363 1004 396 fuit
1018 362 1058 396 ad
1071 373 1122 406 ge·
1188 362 1329 396 conferri
1342 362 1476 394 solitum
1488 361 1640 396 adduEios
1660 360 1724 404 iam
1737 363 1947 404 Baptismales
1957 362 2068 397 Cano-

240 422 356 455 neralis
366 418 666 463 Synodiexamen:
694 416 774 448 Eam
788 421 895 446 tamen
920 412 1036 455 sprevit
1059 413 1122 444 lau·
1190 422 1244 443 nes
1271 411 1405 453 antiqua
1425 411 1560 446 servavit
1574 411 1731 446 Ecclesia.
1762 412 1974 447 Elementum
1996 408 2069 454 ejus

239 471 332 505 datus
343 470 500 504 Pontifex
512 494 521 510 ‚
549 466 726 506 statu-itque*
748 462 871 496 nemini
891 473 931 495 ex
956 462 1075 505 quovis
1085 462 1121 495 ti·
1187 460 1232 493 est
1246 459 1394 494 Chrisma
1407 485 1416 499 ‚
1432 471 1609 505 utcumque
1620 463 1796 506 pretiosum
1810 488 1816 494 .
1838 462 1930 496 Hinc
1942 462 2067 495 variam

237 522 310 555 tulo
332 522 440 564 negari
463 519 677 552 sacramenta·
693 522 748 546 aut
774 511 972 554 sepulturam
998 536 1008 551 ‚
1038 511 1122 544 nihil
1187 509 1228 543 de
1251 509 1310 544 illo
1320 510 1524 544 exastionem
1547 512 1704 553 posterior
1718 513 1802 546 vidit
1812 522 1907 552 aetas,
1934 511 2067 545 &datm

239 580 333 605 antea
355 582 412 613 pro
437 570 505 612 ipsis
526 565 632 608 exigi,
662 561 719 596 sed
739 562 849 604 postea
864 561 1122 606 postularipoffe
1190 561 1294 593 navit.
1324 559 1433 592 Prima
1447 559 1479 591 id
1491 559 1570 593 fecit
1584 561 1782 597 Bracarensis
1794 562 1947 606 synodus
1958 562 2066 595 secun-

237 622 429 656 consuetam
445 615 665 657 elemosynam
678 637 688 652 ,
715 612 748 645 δε
771 611 814 645 ad*
836 612 903 655 ejus
926 611 1123 656 impartitio·
1188 610 1248 643 da:
1279 610 1394 642 Placuit
1407 617 1439 640 ut
1451 610 1594 642 modicum
1606 610 1753 653 balsami,
1780 614 1859 654 quod
1877 620 1934 654 pro
1943 609 2067 653 Baptifi
2084 614 2154 651 Cap.
2167 625 2193 649 4·

240 682 316 705 nem
338 670 434 704 duros
452 664 563 699 fideles
586 674 641 707 per
664 662 865 706 Episcopum
888 663 983 707 cogi.
1013 661 1050 694 in
1067 662 1133 702 sua⁴
1186 665 1228 691 mi
1238 661 1424 692 sacramento
1436 658 1568 699 Ecclefiis
1579 660 1671 692 datur
1684 685 1694 700 ,
1706 668 1778 703 quia
1791 666 1811 694 ᾱ
1818 661 1940 706 singulis
1953 660 2067 703 tremis-

239 717 443 764 postmodum
466 714 522 749 sub
535 713 690 759 Eugenio
713 721 832 756 quarto
858 711 969 746 habita
982 710 1121 753 Synodo
1178 708 1220 750 sis
1228 717 1287 750 pro
1297 707 1357 752 ipso
1367 713 1446 753 exigi
1449 706 1524 751 solet
1538 733 1546 747 ‚
1556 709 1779 744 :nihilulteritts
1794 718 1931 755 exigatur
1943 737 1951 745 .
1981 713 2067 745 Exa-

241 768 442 805 Nicodemus
454 765 494 798 de
505 764 596 798 Scala
607 762 815 807 Frisingensis
830 762 1010 806 Episcopus
1030 760 1119 795 addi·
1185 760 1251 792 &io
1271 759 1369 792 fiebat
1393 758 1433 792 ab
1447 758 1629 802 Episcopo.
1659 759 1742 794 Eam
1762 762 1914 803 synodus
1932 762 2066 796 damnat

239 820 287 854 dit
300 831 311 851 .·
337 816 475 857 Distridie
489 815 687 856 praecipiendo
697 814 926 853 interdicimus,
940 822 973 845 ut
983 810 1118 854 quisquis
1186 819 1222 842 ut
1247 809 1422 853 suspeetam
1444 808 1621 843 Simoniae.
1650 810 1755 858 Qod
1777 810 1881 853 ipsum
1905 813 1984 846 facit
2006 811 2064 846 sub

237 868 426 903 sacerdotum
431 863 756 907 proadministratione
767 865 853 896 ullius
866 865 1057 895 sacramenti.
1066 862 1118 893 vel
1186 858 1352 904 Gregorio
1374 860 1506 903 Magno
1532 857 1645 894 habita
1666 858 1939 895 Barchinonensis
1961 864 2067 904 Syno-

235 916 496 953 sacramentalium
503 913 668 958 paciscatur
683 913 722 947 de
726 912 783 955 fibi
796 913 902 946 danda
909 917 1037 954 pecuniis
1044 936 1055 952 ‚
1068 922 1120 945 nec
1185 909 1263 943 dus:
1292 908 1385 949 Nihil
1390 917 1446 951 pro
1456 911 1577 951 liquoris
1584 915 1682 952 pretio
1691 917 1831 955 exigatur
1841 937 1849 944 .
1876 912 2001 954 Utique
2012 923 2067 954 per
2081 920 2153 957 Cap.
2179 921 2206 947 2:

236 969 338 1010 aliquoi
354 968 412 1000 alio
426 966 620 1007 ‘equivalenti
627 971 685 1006 pro
694 965 796 997 eadem
811 987 821 1003 ‚
842 962 902 1005 sid
918 963 1052 995 volumus
1062 959 1120 1004 dis·
1185 959 1385 1002 Episcopum
1397 959 1415 992 ὲ
1427 960 1629 1003 Presbyteris
1654 959 1914 996 parochialibus.
1941 963 2066 1005 Sponte

230 1017 334 1062 postis
355 1016 464 1060 absque
486 1015 627 1048 dilatione
642 1039 653 1055 ‚
679 1022 807 1055 tempore
828 1014 861 1046 (st
879 1013 937 1046 loco
955 1017 1091 1055 congruis
1109 1035 1119 1051 ,
1180 1009 1334 1043 ‘oblatum
1355 1010 1458 1053 accipi
1484 1011 1643 1053 permittit
1655 1012 1813 1054 Synodus
1835 1012 2060 1057 Emeritensis.

235 1067 441 1108 administrari
463 1067 497 1101 ό·
519 1064 652 1103 exhiberi
670 1062 831 1107 secundam
852 1068 944 1096 ritum
965 1059 1110 1101 Ecclesiae.
1187 1057 1309 1094 Eadem
1329 1062 1458 1095 exastio
1483 1060 1517 1093 in
1531 1061 1639 1095 Gallia
1661 1061 1746 1096 adeo
1770 1063 1875 1108 viguff't
1887 1082 1897 1102 ,
1925 1073 1960 1096 ut
1972 1063 2010 1096 ad
2027 1064 2068 1096 sc·
2083 1054 2154 1090 ΩΨ
2170 1062 2199 1088 9·

236 1120 345 1153 Verftm
353 1118 568 1160 quadrationis
589 1116 623 1148 (τ
626 1115 711 1154 juris
725 1113 874 1154 explorati
891 1112 989 1152 existit
1001 1137 1011 1152 ‚
1042 1112 1123 1153 quod
1186 1111 1278 1153 ptimi
1293 1110 1399 1144 saeculi
1422 1110 1569 1144 medium
1583 1111 1783 1146 Landericus
1797 1113 1978 1146 Parisiensis
1990 1113 2069 1157 Epi-

230 1164 535 1213 fiaciipaffionumfint
543 1171 662 1206 pariter
687 1165 721 1197 (at
730 1162 800 1206 fhcii
811 1161 1033 1205 consolationis,
1054 1169 1119 1203 per·
1186 1160 1343 1203 scopusin
1358 1162 1436 1199 suo,
1461 1161 1551 1204 quod
1571 1161 1677 1196 Sancti
1691 1162 1848 1205 Dionysii
1860 1162 2068 1197 Monasterio

236 1225 381 1252 mittimus
393 1228 429 1250 ex
443 1215 504 1257 post
513 1219 594 1258 exigi
605 1239 615 1254 ‚
643 1218 733 1246 etiam
747 1224 812 1245 cum
822 1213 1024 1254 imploratione
1039 1211 1119 1252 officii
1183 1208 1298 1251 dedit,
1323 1211 1481 1253 Synodali
1494 1211 1669 1256 privilegio
1683 1212 1854 1247 inseruerit
1884 1211 1973 1246 hunc
1994 1213 2069 1246 arti-

232 1270 358 1314 Judtcis
379 1292 390 1308 ,
415 1270 615 1309 quantitatem
636 1269 669 1296 in
684 1262 799 1295 talibus
820 1261 1024 1305 consuetudine
1040 1263 1116 1293 deci-
1184 1259 1318 1295 culum.-
1343 1263 1502 1300 Volumus,
1530 1263 1565 1296 (ν
1583 1269 1638 1303 pro
1658 1262 1759 1295 sanat·
1781 1260 1903 1303 Dionyfii
1923 1265 2068 1301 Martyris

234 1318 323 1364 fam,
353 1318 398 1350 ad
417 1327 507 1358 quam
527 1317 632 1346 Laicos
653 1312 805 1345 hortamur
823 1336 833 1351 ,
860 1314 893 1345 <w
913 1320 1056 1355 quantum
1082 1311 1118 1343 de
1184 1315 1350 1343 reverentia
1374 1313 1554 1344 concedimus
1581 1335 1591 1350 ,
1619 1321 1652 1346 ut
1665 1313 1730 1355 fine
1747 1318 1846 1354 pretio
1867 1311 2010 1356 chrisma
2034 1314 2068 1347 ἐν

245 1366 591 1410 jureffldistringtmus,
618 1363 792 1405 &compelli
802 1359 958 1395 volumus.
1182 1361 1275 1392 oleum
1292 1358 1456 1402 fitscipiant
1480 1386 1486 1392 .
1517 1360 1608 1394 ldem
1637 1363 1848 1406 privilegium
1875 1361 2064 1406 Corbejensi

286 1417 433 1465 Qaestio
444 1416 490 1450 est
504 1439 514 1454 ,
541 1426 582 1447 an
597 1412 689 1446 istam
699 1437 709 1453 ‚
732 1412 828 1446 toties
839 1412 872 1444 δε
883 1410 967 1444 adeo
977 1410 1119 1453 graviter
1176 1407 1386 1444 'Monasterio
1398 1410 1488 1445 dedit
1501 1421 1576 1444 cum
1590 1411 1783 1453 quindecim
1799 1412 1947 1456 Collegis
1959 1413 2067 1446 Berte-

238 1468 282 1502 de
304 1466 452 1501 simonia
476 1463 685 1502 damnatam,
712 1462 766 1494 seu
789 1469 866 1494 ante
885 1463 938 1494 seu
959 1459 1029 1503 post
1053 1459 1119 1492 exi·
1183 1459 1283 1493 fridus
1297 1458 1476 1500 Episcopus
1498 1457 1747 1494 Ambianensis.
1775 1462 1822 1494 Et
1835 1461 1913 1494 hinc
1925 1462 2068 1496 Gallica-

236 1516 338 1563 gendi
349 1512 618 1549 consuetudinem
631 1521 765 1555 purgare
778 1510 919 1553 potuerit
931 1509 1117 1543 Innocentii
1182 1520 1229 1542 nae
1247 1507 1399 1541 Ecclefiae
1421 1506 1478 1541 sub
1493 1507 1715 1553 Merovingiis
1728 1510 1879 1554 Regibus
1889 1510 2009 1554 lapsam
2020 1512 2067 1546 di·

234 1566 323 1600 tertii
336 1563 489 1608 Synodus
507 1574 544 1596 ac
556 1560 691 1605 probare
704 1562 722 1594 ,λ
743 1558 941 1603 Respondeo
963 1559 983 1592 a
994 1559 1118 1592 cunstis
1181 1557 1351 1600 sciplinam
1363 1567 1514 1601 reparans
1526 1556 1664 1593 Carolus
1676 1560 1834 1604 Magnus,
1847 1560 1942 1596 statui
1959 1562 2066 1596 voluit

235 1614 466 1650 Ecclefiasticae
487 1611 668 1655 disciplina:
689 1609 896 1644 dilectoribus
919 1608 1032 1652 optari
1048 1633 1058 1649 ,
1081 1618 1117 1642 ut
1179 1609 1196 1641 a
1209 1607 1420 1642 Cabilonensi
1432 1607 1594 1650 Synodo:
1622 1611 1761 1653 ,Quidam
1772 1610 1895 1652 fratres
1921 1613 2068 1646 dixerunt
2084 1617 2150 1653 cip.
2176 1620 2218 1645 16.

236 1665 378 1700 Ecclesia
393 1665 425 1698 in
439 1663 524 1697 avita
537 1660 681 1696 castitate
707 1661 740 1694 ὅ(
754 1661 965 1695 sanstirnonia
990 1659 1116 1692 mansis-
1178 1656 1396 1701 confitetudinis
1420 1664 1557 1700 antiquae
1570 1657 1707 1702 fuissem
1729 1672 1828 1694 eorum
1850 1662 2008 1704 Emissis,
2033 1672 2068 1696 ut

236 1717 301 1750 set.
328 1714 449 1749 Cordis
462 1711 561 1746 nostri
574 1711 697 1746 duritia
709 1710 840 1744 extorsit
853 1710 940 1743 aliud
957 1709 1116 1753 permitti.
1175 1716 1231 1749 pro
1241 1707 1372 1751 balsamo
1381 1709 1503 1741 emendo
1511 1710 1556 1741 ad
1564 1708 1709 1752 chrisma
1717 1710 1897 1751 faciendum
1909 1737 1920 1753 ‚
1941 1711 2066 1756 fivepro

1177 1758 1376 1791 luminaribus
1389 1757 1522 1799 Ecclefiae
1544 1763 1758 1794 concinnandis
1770 1786 1781 1801 ,
1809 1764 1894 1796 binos
1917 1764 1970 1797 vel
1993 1775 2068 1806 qua-

1178 1818 1279 1841 ternos.
1291 1809 1429 1842 denarios
1444 1808 1612 1847 Presbyteri
1635 1812 1744 1845 darent
1758 1837 1764 1844 .
1793 1815 1879 1847 Unde
1889 1825 1988 1847 omnes
2008 1825 2070 1847 uno

1177 1855 1311 1901 consinsit
1325 1858 1487 1899 statuimus
1502 1883 1511 1899 ‚
1538 1868 1572 1892 ut
1576 1859 1651 1902 sicut
1658 1870 1715 1904 pro
1738 1864 1915 1897 dedicandis
1928 1862 2065 1905 Bafilicis

236 1766 369 1801 Duritia
381 1764 436 1798 illa
450 1789 460 1805 ,
487 1761 740 1804 adversusquam
763 1758 847 1802 apud
863 1761 1034 1804 Rogerum
1046 1758 1117 1791 Ho-

239 1817 409 1851 vedensem
432 1814 547 1849 dicunt
571 1812 706 1845 Decreta
730 1810 938 1843 Abrincensis
971 1810 1004 1842 in
1031 1808 1117 1843 Nor-

238 1865 372 1901 mandia
384 1863 510 1906 Synodi
523 1887 535 1904 ,
560 1863 646 1896 factae
661 1871 715 1904 per
732 1860 925 1894 Cardinales
943 1858 1116 1894 Albertum

238 1929 276 1952 ac
287 1914 550 1952 Theoduinum,
581 1913 721 1956 Legatos
735 1910 913 1945 Alexandri
937 1908 1045 1944 tertii:
1072 1910 1116 1943 De

236 1965 436 2000 exac‘lionibus
448 1973 505 2007 pro
525 1961 679 2006 Baptismo
693 1962 769 1996 nihil
776 1961 938 2005 perfet‘lum
957 1960 994 2002 est
1007 1987 1017 2002 ,
1044 1966 1116 2004 quin

236 2016 376 2061 Episcopi
399 2016 600 2048 Normandiae
624 2016 780 2048 Decretum
791 2014 866 2046 illud
873 2018 998 2055 recipere
1020 2013 1116 2046 nolue-

236 2076 323 2102 runt.
354 2066 483 2109 Utique
507 2064 705 2105 Decretum,
731 2074 799 2108 quo
813 2063 889 2106 quid
902 2065 937 2097 in
950 2063 1115 2106 Baptismo

235 2117 326 2162 exigi
347 2116 515 2151 vetabatur
542 2141 549 2148 .
577 2114 692 2150 Latius
712 2112 782 2149 haec
808 2115 951 2149 referunt
974 2113 1114 2155 Ioannes

238 2168 458 2211 Bromptonus
488 2164 602 2200 Abbas
624 2164 819 2209 Jornalenfis
843 2188 853 2203 ,
889 2163 923 2197 &
944 2164 1113 2198 Gervasins

236 2217 426 2251 Monachus
450 2215 706 2251 Cantuariensis.
737 2213 908 2248 Similesin
931 2213 1025 2248 omni
1039 2214 1115 2246 Gal-

238 2267 282 2300 lia
300 2267 479 2310 Episcopos
503 2266 619 2310 reperit
629 2265 738 2299 Gualo
764 2263 968 2303 Cardinalis‚
995 2264 1051 2307 qui
1064 2263 1113 2296 vel

1177 1910 1211 1943 Θ
1224 1909 1337 1942 dandis
1350 1909 1513 1942 Ordinibus
1523 1909 1602 1944 nibil
1607 1914 1810 1956 accipiendum
1823 1914 1862 1953 est
1877 1940 1888 1955 ,
1914 1921 1959 1947 ita
1969 1920 2064 1948 etiam

1175 1968 1228 2002 pro
1241 1957 1368 2002 balsamo
1375 1958 1440 1999 five
1449 1961 1644 1995 luminaribus
1656 1967 1791 1998 emendis
1802 1964 1882 1998 nibil
1890 1965 2063 2004 Presbyteri

1177 2009 1317 2057 chrisma
1327 2016 1473 2052 accepturi
1490 2012 1560 2044 dent
1571 2035 1579 2044 .
1607 2013 1748 2058 Episcopi
1760 2020 1863 2059 itaque
1875 2017 1913 2050 de
1930 2014 2065 2057 faculta-

1176 2062 1256 2097 tibus
1267 2060 1400 2106 Ecclefiae
1414 2060 1591 2109 Balsamum
1602 2076 1703 2101 emant
1713 2088 1723 2105 ‚
1749 2067 1784 2100 Θ
1795 2068 1959 2100 luminaria
1965 2066 2062 2110 fingu-

1174 2116 1240 2147 liin
1255 2112 1318 2157 suis
1347 2114 1478 2156 Ecclefiis
1500 2119 1704 2150 concinnanda
1720 2119 1906 2158 provideant
1923 2141 1930 2148 .
1960 2116 2062 2149 Radi-

1176 2176 1247 2198 cem
1260 2164 1425 2208 peffimam
1437 2190 1448 2205 ‚
1475 2166 1533 2198 sub
1546 2166 1658 2199 Caroli
1676 2166 1748 2199 filio
1759 2165 1933 2200 Ludovico
1958 2166 2061 2209 repul-

1175 2215 1484 2254 lulantem‚exscidit
1497 2215 1607 2248 denuo
1621 2216 1766 2249 secunda·
1775 2216 1928 2259 synodus
1942 2215 2061 2259 Aquis-

1173 2264 1345 2309 granensis:
1359 2264 1472 2296 Nullus
1488 2263 1698 2307 Episcoporum
1707 2266 1970 2304 velMinilIrorum
1983 2265 2061 2309 ipso-
2076 2265 2104 2293 1--
2119 2274 2140 2292 ¹·
2157 2274 2181 2294 C·
2204 2275 2235 2301 5*

238 2315 295 2359 ipsi
307 2339 319 2356 ,
345 2317 395 2349 vel
406 2317 548 2358 ipsorum
560 2314 768 2349 Cathedralia
781 2323 837 2348 aut
850 2313 1037 2357 Collegiata
1051 2314 1116 2346 Ca·
1173 2326 1239 2347 rum
1259 2322 1317 2356 pro
1337 2319 1500 2355 acceptione
1514 2313 1594 2356 sacri
1605 2314 1788 2359 chrismatis
1808 2319 1929 2360 aliquid
1943 2322 2059 2361 exigere

238 2365 343 2409 pirula
354 2363 552 2409 possidebant
566 2364 806 2397 parochialium
823 2363 1036 2396 Ecclesiarum
1049 2363 1112 2397 De-
1168 2361 1354 2407 praesumat,
1386 2363 1427 2397 Et
1449 2363 1505 2397 sub
1524 2363 1686 2399 Ludovici
1712 2366 1783 2399 filio
1804 2366 1929 2402 Carolo
1951 2367 2058 2400 Calvo

238 2416 360 2456 cimas,
388 2414 527 2458 ideoque
552 2412 704 2448 volebant
726 2413 768 2447 de
788 2414 857 2456 ipsis
879 2413 1044 2457 splendide
1068 2413 1114 2446 vi·
1177 2414 1331 2457 Synodus
1353 2411 1544 2446 Meldensis:
1568 2418 1668 2448 Nemo
1679 2415 1909 2459 Episcoporum‚
1937 2419 2059 2459 velqui-
2074 2419 2145 2458 Cap.
2158 2429 2205 2456 45·

237 2475 315 2500 vere
335 2489 346 2505 ,
371 2465 406 2499 &
429 2466 563 2498 miseros
584 2461 751 2497 parochos
777 2463 897 2496 esurire
911 2488 921 2503 ‚
948 2474 1045 2507 atque
1069 2464 1112 2496 ita
1177 2464 1247 2498 libet
1269 2461 1401 2504 Minister
1412 2462 1619 2504 Ecclefiasticus
1632 2473 1755 2508 propter
1774 2465 1896 2508 sacrum
1916 2466 2058 2510 chrisma

237 2516 314 2560 cogi
325 2515 366 2549 ad
379 2514 593 2548 vietitandum
605 2512 645 2547 de
657 2514 734 2546 solis
744 2512 965 2546 oblationibus
977 2524 1031 2547 aut
1042 2525 1114 2547 exa·
1177 2515 1427 2556 aliquidmuneris
1452 2520 1577 2555 accipiat
1591 2539 1602 2554 ‚
1627 2526 1721 2558 neque
1731 2518 1869 2550 denarios
1879 2543 1888 2558 ,
1917 2516 1966 2550 vel
1978 2529 2060 2560 quae·

239 2564 401 2599 &ionibus
423 2565 704 2598 Sacramentorum
727 2587 734 2595 .
761 2562 874 2595 Crevit
893 2563 1022 2597 adsidue
1047 2574 1113 2598 ma—
1175 2565 1249 2597 libet
1268 2562 1438 2607 munuftula
1463 2587 1474 2603 ,
1509 2575 1577 2606 quae
1595 2572 1654 2606 per
1678 2565 1824 2604 Ministros
1843 2565 2060 2610 Episcoporum

240 2614 329 2656 ium,
355 2616 453 2648 &sua
467 2615 647 2657 extirpante
658 2625 758 2647 manu
772 2611 906 2646 validius
924 2613 1038 2656 reperit
1050 2613 1114 2647 lau·
1176 2613 1415 2647 inordinabiliter
1438 2619 1597 2658 exiguntur
1611 2639 1618 2646 .
1646 2615 1863 2650 Exaffionem
1888 2617 1972 2651 hanc
1993 2619 2056 2651 esse

244 2665 332 2698 datus
344 2665 554 2699 Innocentius
565 2690 572 2696 .
600 2664 693 2697 Hinc
717 2663 897 2706 Episcopos
916 2663 951 2696 ἃ
962 2663 1042 2696 alios
1057 2664 1113 2697 Pa·

246 2712 435 2749 rochialium
455 2715 671 2749 Decimarum
693 2714 879 2758 possessores
905 2712 946 2747 ad
985 2712 1111 2756 plenam

246 2759 463 2798 Parocborutn
486 2765 752 2799 sustentationem
765 2774 881 2807 cogere
903 2773 971 2797 non
984 2763 1112 2804 valens,

244 2810 411 2852 antiquam
431 2815 611 2855 spontaneae
631 2814 664 2848 in
698 2814 866 2857 Baptismo
899 2814 932 2847 &
946 2813 1113 2856 quibusvis

242 2859 458 2894 sacramentis
466 2863 640 2898 oblationis
650 2863 921 2898 consuetudinem
939 2864 1067 2898 admisit
1077 2865 1111 2897 in

246 2909 354 2953 legem
379 2922 416 2943 ac
439 2912 650 2947 necessitatem
664 2938 674 2953 ,
700 2914 908 2957 permisitque
931 2914 1021 2958 exigi
1044 2937 1055 2954 ‚
1079 2924 1111 2948 at

244 2960 315 3002 post
328 2959 439 2992 datum
463 2961 560 3003 gratis
573 2963 809 3000 Sacramentum
822 2990 829 2996 .
858 2964 938 2997 Non
952 2964 1033 2997 sacri
1054 2965 1113 2998 mi-

245 3010 365 3042 nisterii
379 3032 389 3047 ,
415 3009 466 3042 sed
487 3009 651 3044 Clericalis
672 3013 926 3048 alimentationis
937 3014 1037 3046 titulo
1059 3026 1112 3058 per

245 3058 360 3092 debitae
383 3059 596 3100 eleemosynae
619 3063 758 3095 medium
772 3065 807 3097 fit
821 3065 947 3097 exactio
961 3064 1018 3097 ista
1031 3089 1041 3104 ‚
1069 3074 1113 3097 at-

245 3120 307 3151 que
329 3109 372 3142 ita
386 3120 460 3153 pura
473 3109 517 3141 est
540 3109 556 3140 ὲ
570 3109 653 3152 lepra
679 3110 837 3144 Simonis.
865 3113 1024 3147 Attamen
1039 3114 1111 3157 Epi·

254 3159 342 3201 scopi
368 3182 379 3198 ‚
414 3160 447 3192 &
471 3158 525 3191 alii
547 3158 613 3200 jam
633 3157 729 3192 dicias
749 3159 901 3196 Decimas
920 3163 1114 3206 poffidentes

1179 2665 1333 2699 nefariam
1357 2663 1473 2707 scripsit
1502 2665 1536 2697 in
1556 2666 1724 2700 canonicis
1744 2665 1784 2700 ad
1807 2667 2058 2702 Laudunensem-

1178 2714 1354 2748 Ecclesiam
1379 2713 1494 2747 litteris
1521 2714 1720 2750 Hincmarus
1752 2717 1967 2762 Metropolita
1992 2717 2056 2750 Re-

1176 2765 1290 2798 mensis
1304 2789 1314 2804 ,
1340 2763 1478 2805 ideoque
1489 2764 1556 2806 ejus
1579 2766 1727 2800 Eledium
1740 2768 2056 2802 Hedenulfumcon-

1177 2817 1295 2848 sectare
1310 2814 1417 2847 noluit
1431 2838 1440 2853 ,
1467 2814 1523 2847 nisi
1538 2814 1618 2849 fasta
1630 2815 1697 2859 ejus
1709 2817 1836 2851 solenni
1856 2818 2035 2859 ejuratione
2046 2841 2054 2848 .

1177 2866 1287 2898 Etiam
1308 2865 1343 2897 in
1356 2864 1420 2896 suis
1444 2864 1484 2897 ad
1499 2863 1787 2901 Archi-Diaconos
1808 2868 1971 2911 Capitulis
1991 2864 2055 2899 edi-

1177 2916 1225 2948 xit
1239 2929 1249 2948 .·
1277 2918 1328 2947 Ne
1355 2915 1440 2956 apud
1450 2914 1649 2954 presbyteros,
1675 2919 1794 2959 quando
1810 2927 1868 2959 pro
1885 2914 2053 2959 Cbrismate
2070 2915 2136 2949 L·5-
2158 2923 2181 2944 C·
2201 2924 2228 2949 5·

1176 2966 1345 3006 accipiendo
1355 2970 1471 2998 venerit
1481 2989 1491 3004 ,
1507 2966 1651 3009 Eulogias
1663 2972 1803 3010 exigant.
1832 2966 1954 3009 Sponte
1965 2965 2054 3000 obla-

1176 3026 1244 3048 tum
1258 3015 1415 3058 permittit
1426 3015 1551 3057 accipi.

1227 3065 1357 3098 Malum
1369 3065 1467 3098 etiam
1477 3065 1512 3097 in
1521 3065 1645 3108 Anglia
1657 3065 1747 3097 fuisse
1761 3065 1932 3107 grassatum
1951 3068 2053 3110 usque

1176 3112 1216 3147 ad
1240 3125 1384 3156 tempora
1407 3115 1513 3147 Sansti
1536 3113 1708 3146 Lanfranci
1730 3115 1970 3149 cantuariensis
1991 3116 2053 3150 Ar-

1176 3162 1376 3206 chiepiscopi
1395 3186 1405 3201 ‚
1430 3163 1487 3205 qui
1500 3162 1580 3195 illud
1601 3161 1743 3196 &multis
1766 3165 1978 3209 proscriptum
1994 3168 2054 3200 Ec-

1176 3214 1277 3247 clesris
1298 3212 1429 3253 reliquit
1456 3212 1489 3244 in
1513 3211 1639 3255 propria
1659 3237 1670 3253 ,
1698 3214 1831 3248 testatur
1854 3215 2053 3251 Guilielmus

1176 3261 1317 3297 Thorne
1329 3286 1336 3293 .
1364 3261 1407 3293 Et
1419 3259 1496 3294 huic
1508 3262 1722 3296 fundamento
1738 3264 1814 3297 nixa
1825 3266 1887 3298 fuit
1897 3266 1997 3310 longa
2019 3268 2054 3301 &
2070 3269 2103 3296 Α.
2119 3276 2199 3297 1120.

1176 3312 1255 3346 dura
1276 3311 1469 3344 Monasterii
1493 3310 1697 3345 Cathedralis
1719 3325 1794 3347 cum
1819 3316 1926 3349 Sandii
1938 3316 2054 3361 Augu-

1177 3361 1252 3395 stini
1275 3359 1430 3394 coenobio
1446 3360 1504 3394 sub
1516 3360 1718 3397 Theobaldo
1742 3364 1998 3408 Archiepiscopo
2013 3366 2052 3397 lis

1179 3413 1217 3445 de
1229 3409 1461 3444 ChrIsmalibus
1471 3412 1714 3453 exad'rionibus,
1741 3425 1819 3457 quas
1830 3415 2053 3460 Augustinen·

1181 3464 1225 3495 ses
1247 3460 1406 3496 Monachi
1434 3461 1654 3500 Simoniacas,
1678 3462 1741 3496 &a
1766 3466 1861 3500 variis
1881 3466 2052 3498 Romano·

1628 3512 1642 3545 1
1690 3523 1715 3550 2
1930 3524 2003 3547 rum

248 3208 374 3242 Praelati
387 3232 397 3246 ‚
423 3219 598 3251 eorumque
611 3208 762 3250 Capitula
783 3221 820 3243 ac
831 3210 1030 3247 Monasteria
1041 3239 1051 3254 ,
1079 3216 1113 3246 ri-

246 3259 362 3303 gidum
385 3268 491 3290 coram
511 3259 586 3292 Deo
601 3269 683 3291 onus
697 3269 825 3300 portant
838 3260 949 3293 dandae
960 3261 1115 3296 parochis

245 3308 491 3342 sustentationis
504 3307 635 3352 integrae
645 3333 655 3347 ,
683 3309 717 3341 ὅ(
729 3309 857 3341 miseras
867 3308 972 3352 plebes
982 3310 1115 3346 liberan-

245 3359 277 3392 di
290 3357 331 3392 ab
342 3356 567 3391 exactionibus
580 3358 671 3390 variis
683 3383 692 3397 ,
721 3360 752 3391 su
760 3360 868 3400 (pt-&is
889 3360 920 3393 ὃ(
932 3359 1093 3395 offenfivis
1103 3387 1113 3402 ,

236 3408 285 3442 ‘ad
304 3419 384 3451 quas
407 3406 457 3440 isti
479 3407 496 3440 a
517 3416 701 3450 paupertate
722 3419 906 3453 coguntur.
934 3410 987 3444 De
1011 3421 1072 3454 qua
1083 3423 1116 3445 re

246 3457 364 3503 largius
376 3459 431 3490 suo
446 3457 537 3491 loco.

344 3507 446 3547 Christ.
453 3511 531 3549 Lupi
540 3510 758 3548 operaremus.
