2352 3736
510 142 601 171 Dr.
672 124 711 170 S.
782 126 1115 169 Leonis

1186 115 1789 168 N0N1Acr1s.
1912 138 2001 182 333

248 211 308 245 bus
342 207 384 246 nd
417 190 613 251 Haytonem
636 218 678 240 ex
700 206 864 241 Armeniae
890 206 984 250 Rege
1005 202 1132 237 sanffis-
1193 202 1350 245 conficiunt
1360 203 1537 247 Sacrificium
1550 228 1558 236 .
1585 206 1631 237 Et
1642 214 1694 236 nos
1704 203 1822 246 quidem
1830 203 1896 237 cum
1909 215 1968 238 non
1987 205 2075 241 habe.

247 262 365 294 fimum
378 252 591 298 Coe‘nobitar‘n
603 257 719 293 litteris
728 255 810 291 reste
822 256 939 298 scripfit
952 253 1132 298 Gregorius
1193 265 1290 287 remus
1302 260 1335 287 in
1343 262 1483 296 promptu
1493 253 1636 287 hominem
1644 278 1655 294 ,
1679 261 1736 295 per
1747 264 1832 296 quem
1845 255 1882 287 de
1893 252 1947 287 bac
1957 267 1990 289 re
2009 257 2075 290 illos

246 307 397 346 Siseufis,
425 305 643 342 Orthodoxus
666 307 901 342 Armeniorum
925 301 1133 339 Patriarcha:

247 358 317 402 Etsi
315 357 533 399 fermentatum
546 357 646 399 nonsit
658 359 678 392 ἃ
688 355 860 390 canonibus
875 354 1041 395 stabilitum
1053 377 1064 394 ‚
1090 360 1134 385 at-

246 418 349 442 tamen
359 420 390 442 eo
398 416 512 442 utentes
532 407 720 450 improbandi
741 417 798 439 non
815 403 912 447 sunt,
930 407 1032 447 juxti?
1053 406 1134 437 ΡΜ·

248 467 362 501 ceptum
387 462 507 491 Domini
530 456 717 491 Patriarchae
737 452 881 497 Nursefis
905 479 917 495 ‚
947 456 1020 488 dum
1045 459 1137 488 etlam

250 507 372 551 Apostoli
381 510 430 541 illo
440 509 591 541 interdum
599 506 643 547 usi
642 505 732 549 sunt.
762 504 917 539 Affirmat
927 505 969 539 ab
996 503 1138 547 Aposto-

250 560 290 592 lis
301 570 360 592 nec
371 568 526 600 azymum
536 569 596 590 nec
608 558 804 590 fermentum
825 555 1013 598 impolitum
1026 553 1138 587 Eccle-

248 609 322 649 fiis,
347 607 590 650 &quandoque
610 603 714 645 illud,
739 604 935 648 quandoque
956 604 1021 638 hoc
1045 602 1137 636 fuisse

249 658 296 693 ob
320 658 420 691 varias
442 657 508 690 loci
529 665 586 689 aut
610 656 767 698 temporis
787 657 931 689 rationes
960 654 1136 687 ufitatum.

249 707 352 754 Qod
378 717 446 740 non
468 704 620 739 abhorret
643 705 661 739 a
683 716 757 739 vero
779 730 786 737 .
816 704 982 747 Azymum
1006 702 1136 735 interim

247 758 294 792 est
307 756 495 789 Institutum
508 754 608 800 longe
620 755 875 797 antiquissimum
888 778 898 792 ,
923 755 1067 793 reeteque
1086 752 1138 786 ad-

248 807 356 840 versus
370 804 571 839 Michaelem
597 804 799 838 Cerularium
823 804 932 837 scribit
953 802 1138 836 Cardinalis

248 855 473 889 Humbertus:
502 853 747 897 ,Quiasiefficienti
767 853 943 886 auctoritate
969 854 1003 886 (τ
1026 858 1138 887 veteris

249 907 285 939 (Ὗ
308 910 377 938 novi
398 904 562 943 testamenti
584 902 691 942 constat
715 906 874 936 Dominum
912 902 1040 943 nostrum
1078 903 1139 946 ΙΕ-

248 955 361 989 SUM-
368 952 545 987 CHRIST
551 952 629 987 UM
648 953 915 986 &memorationem
922 951 987 996 suae
999 953 1138 993 Passionis

247 1011 281 1037 in
290 1009 399 1042 azymis
411 1004 594 1036 recolendam
606 1001 761 1046 Discipulis
776 1002 833 1045 sub
858 1003 924 1046 ipsa
947 1007 1046 1037 Caena
1067 1014 1139 1037 com-

250 1052 397 1094 mendasse
409 1077 419 1092 ‚
442 1051 512 1094 ficut
522 1051 664 1094 hodieque
677 1053 788 1086 santia
808 1056 944 1086 Romana
966 1055 1000 1088 ὀ·
1022 1057 1139 1087 Latina

249 1102 378 1145 Ecclesia
391 1102 516 1145 nofiitur
539 1104 680 1142 recolere,
707 1104 802 1136 dicere
826 1104 943 1137 debetis
956 1128 966 1144 ,
991 1106 1075 1144 cujus
1097 1109 1140 1136 in·

245 1153 428 1197 stitutionem
455 1158 486 1185 in
499 1152 684 1193 fermentato
705 1162 768 1186 tam
793 1153 935 1194 obstinate
957 1153 1136 1195 defenditis.

250 1202 405 1237 Affirmat
417 1203 607 1236 Graecorum
619 1202 814 1236 fermentum
825 1203 887 1236 effe
899 1204 1015 1237 incerti
1033 1205 1138 1237 aufto-

250 1253 295 1287 ris
315 1277 326 1293 ,
363 1253 481 1286 Latina
519 1263 629 1286 autem
663 1263 779 1295 azyma
799 1254 859 1287 niti
879 1253 975 1296 ipsius
996 1253 1138 1288 Domini

251 1303 405 1344 exemplo
415 1327 425 1343 ‚
451 1300 590 1347 ideoque
601 1302 664 1337 effe
675 1303 799 1337 firmius
811 1304 946 1339 fundata
958 1328 966 1336 .

442 1526 484 1569 C
522 1528 565 1570 A
602 1525 637 1569 P
677 1526 724 1570 U
759 1522 800 1569 T
873 1526 964 1568 XI.

321 1666 385 1709 An
409 1657 489 1728 soli
522 1664 660 1707 Latini
694 1676 849 1708 utamur
885 1656 1070 1718 Azymo?

254 1799 529 1886 REspondeo
540 1798 691 1844 negative
700 1823 707 1832 .
738 1798 871 1832 Etenim
882 1797 970 1841 quod
982 1793 1138 1830 Hieroso-

379 1850 540 1893 lymitana
553 1849 693 1883 Ecclefia
713 1849 798 1882 circa
810 1848 916 1882 varios
934 1843 1141 1881 Eucharistiae

252 1903 331 1935 ritus
347 1900 474 1933 differat
499 1898 516 1932 ὲ
539 1899 671 1942 reliquis
703 1898 824 1932 Graecis
847 1922 858 1938 ,
895 1898 929 1932 &
960 1905 1075 1931 tenues
1101 1904 1140 1926 ex

252 1950 353 1985 simila
373 1947 558 1982 oblationes
579 1960 657 1982 cum
681 1947 809 1983 Latinis
831 1947 985 1982 conficiat
1013 1971 1024 1987 ,
1061 1944 1141 1978 affir-

253 2010 321 2035 mat
349 1998 534 2033 Cardinalis
567 1997 770 2032 Humbertus
786 2021 798 2036 ‚
840 1998 875 2031 &
918 1996 1141 2040 prosequitur:

255 2054 334 2085 Luce
353 2050 462 2081 clarius
490 2046 616 2091 intelllgi
638 2049 732 2081 datur
769 2049 890 2080 eundem
914 2054 1004 2080 ritum
1032 2048 1143 2077 Divini

253 2098 393 2140 Sacrificii
414 2097 555 2130 Sanc‘lam
583 2095 872 2140 Hierosolymitanam
884 2095 1038 2138 Ecclesiam
1053 2092 1143 2136 obser-

255 2150 334 2192 vasse
346 2147 511 2190 antiquitus
521 2171 531 2186 ,
561 2157 653 2188 quam
663 2145 860 2189 Sacro-sanda
872 2149 1006 2179 Romana
1019 2142 1144 2184 Ecclesia

255 2197 410 2241 observare
436 2209 494 2230 non
516 2199 601 2240 cessat
625 2196 768 2231 bullenus
782 2222 789 2229 .
817 2198 868 2233 Ex
880 2208 948 2239 quo
964 2198 1057 2230 fonte
1077 2191 1144 2227 haec

1190 301 1406 346 sciscitaremur
1416 329 1427 344 ,
1450 310 1522 347 quin
1533 310 1625 337 etiam
1634 314 1687 337 nec
1696 305 1763 336 aliis
1775 303 1915 345 confidere
1924 304 2055 339 volentes
2065 331 2077 347 ,

1196 364 1257 386 rem
1268 361 1361 388 totam
1380 363 1440 388 tuae
1451 355 1612 388 Sanffitati
1631 355 1841 397 requirendam
1859 355 2052 397 relinquimus
2065 381 2078 397 ,

1197 412 1229 436 ut
1240 404 1276 437 de
1287 403 1341 437 hac
1350 416 1403 444 re,
1429 416 1494 437 cum
1507 411 1604 438 omnia
1613 405 1770 447 diligenter
1789 403 2073 448 fuerints'crutata,

1200 456 1371 487 Humilitati
1380 454 1483 494 nostrae
1489 454 1606 498 singula
1619 455 1722 496 facias
1743 453 1901 495 manifesta
1915 480 1923 487 .
1950 456 1994 488 Et
2013 452 2078 489 ‘Pa-

1198 504 1336 539 triarcha
1348 504 1460 538 Petrus
1471 515 1539 538 non
1560 506 1624 539 fuit
1649 504 1716 539 haec
1740 505 1922 539 inficiatus.
1949 505 2080 539 Latinis

1197 554 1329 588 advenis
1349 555 1472 597 semper
1493 554 1673 588 abundavit
1697 555 2004 598 Hierosolymitana
2017 555 2082 588 Ee-

1197 603 1304 639 clefia:
1332 604 1468 647 Propter
1478 603 1553 639 illos
1566 602 1750 638 Patriarcha
1772 605 1966 648 quandoque
1985 605 2082 649 posslt

1199 654 1232 687 in
1246 665 1365 696 azymo
1387 653 1575 688 celebrasse.
1603 655 1682 688 Suas
1707 654 1785 688 item
1807 657 1916 689 causas
1936 653 2083 690 habuisse

1197 704 1294 737 debet
1310 703 1554 737 Alexandrinus
1566 729 1573 735 .

1249 753 1301 786 De
1314 753 1492 786 Maronitis
1504 777 1514 792 ‚
1540 763 1623 795 quos
1636 752 1670 785 in
1685 751 1768 786 libro
1779 751 1819 786 de
1827 752 1978 788 Tartaris
1990 755 2085 797 Hay-

1198 812 1296 836 tonus
1306 826 1317 843 ‚
1343 802 1360 836 e
1372 803 1481 847 Regio
1494 803 1727 837 Armeniorum
1742 802 1911 846 Sanguine
1923 803 2086 838 Praemon-

1198 852 1356 886 stratensis
1382 852 1574 887 Canonicus
1592 878 1604 894 ,
1631 861 1727 887 vocat
1748 851 1987 892 Maronianus,
2013 853 2087 887 scri·

1199 903 1247 937 bit
1275 903 1310 936 in
1341 903 1601 947 recipiendorum
1630 902 1672 937 ad
1701 901 1879 936 Ecclesiam
1907 901 2086 936 Haeretico-

1198 963 1270 987 rum
1293 953 1396 987 modo
1418 955 1451 988 δε
1470 954 1535 988 ritu
1566 951 1769 987 Timotheus
1800 951 1974 996 Presbyter
1994 951 2087 987 Con-

1199 1003 1532 1047 stantinopolitanus:
1560 1005 1711 1045 Appellati
1730 1001 1804 1046 sunt
1818 1003 2086 1036 MaronitaeaiMo-

1198 1053 1319 1095 naflerio
1338 1051 1412 1096 suo,
1442 1054 1518 1087 a'ic‘lo
1543 1057 1652 1093 Maro,
1677 1060 1709 1086 in
1735 1056 1839 1091 syria.
1868 1052 2085 1087 Aliisnescio

1199 1115 1267 1147 quo
1292 1103 1468 1145 Marones,
1495 1115 1592 1147 quem
1615 1103 1718 1147 aliqui
1730 1102 2015 1147 Eutychianistam
2026 1111 2083 1136 aut

1199 1154 1484 1194 Monothelitam,
1510 1153 1611 1195 aliqui
1638 1154 1792 1188 Sanctum
1826 1153 1944 1187 volunt
1965 1176 1976 1192 ‚
2013 1164 2086 1186 cen-

1200 1206 1267 1238 sent
1280 1204 1479 1247 appellatos.
1508 1203 1695 1237 Maronitas
1711 1227 1722 1243 ,
1744 1213 1828 1246 quos
1855 1203 1981 1237 constat
2001 1202 2088 1236 labo-

1199 1255 1280 1288 rasse
1301 1254 1359 1288 ista
1385 1254 1489 1288 haerefi
1503 1279 1512 1292 ,
1540 1254 1657 1288 volunt
1681 1252 1828 1288 sedustos
1840 1253 1911 1296 post
1921 1252 1989 1295 ejus
2002 1262 2090 1285 mor-

1199 1315 1283 1337 tem.
1311 1304 1349 1338 In
1372 1305 1467 1347 Syria
1488 1304 1528 1338 ad
1552 1303 1671 1338 Libani
1685 1313 1835 1337 montem
1846 1303 1972 1347 degunt
1990 1326 2001 1342 ‚
2036 1312 2091 1345 per

1199 1353 1424 1395 Bibliensem,
1452 1354 1677 1395 Botriensem‚
1703 1365 1741 1388 ac
1767 1352 2024 1397 Tripolitanum
2051 1351 2093 1384 E-

1199 1405 1396 1447 piscopatum
1421 1404 1550 1448 disperfi
1574 1429 1581 1436 .
1609 1401 1830 1438 Antiochenae
1856 1403 2007 1437 Ecclefiae
2031 1410 2094 1436 ter-

1198 1455 1263 1486 tius
1289 1453 1307 1486 ὲ
1333 1454 1463 1486 Latinis
1488 1451 1674 1487 patriarcha
1701 1453 1743 1487 ad
1779 1451 1969 1486 duodecimi
1997 1449 2094 1485 Chri-

1199 1502 1293 1536 stiani
1321 1502 1424 1536 saeculi
1451 1502 1653 1546 trigesimum
1679 1502 1853 1546 septimum
1880 1513 2005 1536 annum
2028 1501 2094 1534 fuit

1201 1551 1417 1593 Aymericus:
1443 1551 1545 1597 Qod
1573 1552 1631 1585 sub
1659 1552 1719 1584 illo
1754 1550 1794 1584 ad
1833 1551 1994 1585 Romanae
2033 1551 2096 1584 Ec·

1198 1601 1298 1635 clefiae
1324 1600 1424 1634 fidem
1452 1609 1549 1644 atque
1573 1601 1800 1636 obedientiam
1825 1601 1979 1636 redierint
2002 1626 2014 1642 ,
2049 1610 2098 1634 te-

1199 1650 1300 1683 statur
1328 1649 1363 1682 in
1388 1651 1468 1682 sacri
1491 1651 1573 1684 Belli
1595 1650 1754 1690 historia,
1780 1662 1818 1685 ac
1845 1651 1983 1686 modum
1995 1661 2098 1694 expo·
2111 1663 2171 1695 Lib,
2199 1674 2235 1693 22

1201 1698 1248 1732 nit
1261 1697 1461 1733 Guilielmus
1475 1699 1692 1743 Metropolita
1703 1700 1888 1743 Tyriorum
1902 1725 1909 1732 .
1938 1702 1982 1734 Et
1993 1702 2095 1743 usque
2110 1706 2186 1744 Cap.
2206 1708 2234 1735 8.

1200 1747 1263 1781 huc
1278 1749 1311 1782 in
1324 1750 1403 1782 resta
1413 1749 1465 1783 via
1479 1749 1564 1784 firmi
1588 1748 1758 1784 ambulant
1779 1773 1787 1782 .
1808 1750 1913 1798 Qod
1933 1751 2025 1785 enim
2046 1751 2099 1794 ip-

1199 1799 1306 1832 sorum
1343 1797 1533 1834 Patriarcha
1567 1799 1775 1834 Lateranenfi
1795 1799 1985 1835 Innocentii
2005 1800 2094 1835 tertii

1198 1848 1337 1882 consilio
1349 1847 1511 1889 adfuerit,
1536 1848 1671 1883 testatur
1682 1849 1716 1882 in
1739 1849 1922 1884 Orientalis
1944 1850 2095 1885 Ecclefiae

1199 1897 1335 1932 historia
1348 1897 1488 1942 Jacobus
1512 1898 1700 1933 cardinalis
1722 1899 1764 1933 de
1782 1900 1956 1935 Vitriaco.
1985 1899 2093 1936 Addit
2108 1899 2179 1938 (3²1)-
2200 1906 2249 1936 ⁷⁷·

1199 1949 1306 1991 plures
1329 1948 1472 1990 ipsorum
1485 1948 1563 1983 ritus
1575 1950 1643 1982 esse
1655 1949 1812 1983 Latinos.
1842 1949 2096 1994 Undeipsisin-

1199 2000 1287 2043 figne
1308 1997 1502 2044 Collegium
1525 1998 1641 2034 Romae
1662 1999 1765 2033 erexit
1796 1998 1976 2043 Gregorius
2007 2000 2095 2035 deci-

1200 2059 1272 2081 mus
1293 2048 1426 2084 tertius.
1454 2049 1499 2083 Et
1523 2049 1558 2083 in
1571 2049 1656 2083 libro
1682 2048 1724 2083 de
1750 2049 1846 2083 sacris
1872 2047 2092 2085 ordinationi·
2121 2048 2123 2051 ’

1201 2099 1259 2132 bus
1285 2098 1393 2132 scribit
1421 2099 1560 2142 Joannes
1586 2098 1739 2133 Morinus
1764 2112 1771 2132 :
1799 2102 1959 2134 Maronitae
1985 2103 2091 2135 sacra-

1201 2158 1333 2182 mentum
1354 2153 1494 2191 Corporis
1519 2151 1554 2183 &
1579 2151 1740 2192 Sanguinis
1767 2148 1877 2189 christi
1913 2155 1946 2183 in
1978 2156 2090 2190 azymis·

1202 2198 1356 2241 conficiunt
1369 2223 1379 2239 ‚
1405 2206 1437 2232 ut
1465 2201 1594 2239 Latini,
1619 2201 1685 2234 licet
1701 2204 1800 2233 caeteri
1818 2201 1987 2235 orientales
2008 2225 2020 2241 ‚
2054 2210 2090 2235 ut

255 2248 397 2284 hauserit
408 2246 636 2286 Humberrus,
666 2248 800 2291 ignoro.
832 2247 968 2280 interim
978 2245 1044 2287 ejus
1057 2245 1146 2278 affer-

256 2299 307 2334 tio
334 2308 403 2331 non
439 2306 524 2330 caret
545 2294 761 2330 fundamento
782 2320 790 2328 .
827 2296 963 2330 Etenim
982 2297 1083 2338 usque
1106 2293 1145 2328 ad
1204 2301 1302 2339 Ajunt
1312 2297 1543 2342 consuetudinem
1554 2300 1636 2332 illam
1647 2300 1697 2343 effe
1707 2306 1739 2332 in
1750 2311 1849 2334 eorum
1862 2299 1997 2342 Ecclefiis
2008 2306 2090 2334 anti-

258 2347 400 2382 Adriani
412 2347 587 2390 Imperium
609 2370 620 2386 ‚
642 2345 902 2389 destruitamque
913 2346 1038 2390 abipso
1059 2344 1147 2380 Civi·
1202 2350 1365 2391 quiffimam
1385 2374 1396 2389 ‚
1422 2349 1489 2383 licet
1507 2349 1672 2391 fateantur
1692 2356 1786 2392 panis
1807 2349 1995 2393 consecrandi
2014 2351 2090 2395 figu-

259 2408 360 2431 rarem
382 2408 420 2431 ac
452 2395 634 2439 Templum
658 2419 669 2436 ‚
704 2396 737 2430 δε
772 2397 870 2439 usque
889 2395 929 2429 ad
957 2394 1104 2439 assumpti
1130 2393 1148 2428 ὲ
1188 2392 1295 2437 ³ram,
1319 2409 1411 2441 quam
1422 2410 1497 2432 nunc
1511 2398 1678 2442 usurpant,
1704 2402 1833 2442 &paucis
1843 2407 1935 2433 annis
1948 2401 1994 2434 ad
2001 2405 2090 2435 Lati-

259 2446 423 2482 Gentibus
446 2446 554 2480 Marci
577 2445 808 2489 Episcopatum
821 2445 1002 2489 Judaizavit
1018 2445 1076 2479 ista
1089 2445 1148 2479 Ec·
1204 2459 1307 2482 norum
1322 2448 1457 2491 formam
1479 2449 1529 2493 effe
1549 2458 1698 2483 mutatam
1718 2476 1725 2482 .
1756 2454 1899 2493 Antiquos
1919 2454 2090 2484 Maronitas·

260 2497 352 2532 clefia
364 2519 375 2535 ,
399 2496 432 2528 &
455 2506 584 2530 mortua
607 2495 741 2540 Legalia
762 2495 902 2530 deduxit
924 2507 999 2530 cum
1020 2494 1147 2529 honore
1187 2484 1406 2543 ‘azymisfuzffe
1419 2498 1483 2542 usos
1497 2499 1677 2540 demonstrat
1690 2500 1842 2533 Abrabam
1854 2499 2015 2542 Ekellensis
2027 2526 2038 2542 ,
2047 2510 2089 2534 re-

261 2547 302 2580 ad
323 2546 538 2589 sepulturam.
567 2546 610 2580 Et
631 2547 671 2580 lic
682 2544 836 2580 paschale
859 2546 1061 2580 Sacrificium
1075 2555 1142 2578 non
1187 2517 1330 2590 istimonio
1343 2547 1500 2591 cujusdam
1510 2551 1644 2583 Davidis
1669 2549 1880 2593 Archiepiscopi
1900 2554 2084 2591 Maronitae,

261 2596 321 2630 nifi
341 2596 374 2630 in
396 2607 515 2638 azymo
545 2595 653 2638 potuit
673 2595 790 2630 offerre
811 2621 819 2629 .
858 2596 901 2629 Et
937 2607 977 2630 ne
997 2606 1085 2629 nunc
1107 2594 1142 2628 in
1206 2604 1342 2641 quianno
1354 2597 1462 2638 Christi
1477 2598 1623 2641 millesimo
1635 2600 1870 2643 quinquagefimo
1881 2606 1967 2634 tertio
1985 2600 2090 2644 scribe·

264 2656 382 2687 azymo
404 2645 532 2679 offerret
544 2669 555 2685 ‚
582 2656 670 2678 nunc
692 2646 727 2678 in
750 2647 912 2680 fermento
924 2671 935 2687 ‚
961 2646 1055 2689 poffit
1074 2644 1146 2678 Pas·
1189 2644 1191 2683 ἱ
1210 2649 1282 2688 bat,
1307 2654 1339 2681 in
1354 2649 1593 2682 annotationibus
1607 2651 1650 2683 ad
1660 2652 1837 2694 Catalogum
1845 2650 1984 2684 librorum
1996 2650 2090 2683 Chal-

264 2692 391 2728 chalem
412 2705 536 2728 morem
557 2696 681 2738 semper
703 2695 854 2729 tenuisse:
884 2696 1055 2739 persuasae
1077 2696 1146 2729 Do·
1190 2727 1191 2731 ,
1208 2700 1358 2732 daicorum
1374 2697 1612 2742 HebedJESU.
1639 2698 2090 2744 Azymumigiturapropria

264 2742 348 2777 mini
379 2742 531 2785 exemplo
556 2763 564 2773 ·
591 2745 646 2777 An
667 2745 845 2789 Episcopus
867 2745 1000 2780 Marcus
1020 2755 1145 2780 morem
1190 2746 1423 2791 {antiquissima
1435 2748 1672 2783 consuetudine
1683 2749 1827 2790 habent,
1853 2760 1923 2785 non
1935 2749 1977 2784 ab
1998 2750 2093 2786 unio-

264 2792 440 2827 mutaverit
459 2803 497 2826 ac
518 2791 681 2827 induxerit
708 2795 906 2832 fermentum
927 2818 937 2835 ,
976 2807 1044 2829 non
1079 2795 1148 2839 pos-
1190 2793 1249 2833 [ne
1261 2807 1337 2832 cum
1349 2797 1492 2831 Latinis.

265 2842 324 2876 fim
349 2842 526 2877 affirmare.
554 2839 672 2875 Altum
692 2843 732 2876 de
753 2843 804 2877 his
823 2846 868 2879 est
896 2845 980 2889 apud
993 2845 1148 2889 antiquos
1191 2848 1194 2889 ξ
1257 2847 1407 2881 Eandem
1418 2847 1689 2883 consuetudinem
1716 2849 1735 2883 ὲ
1760 2850 1873 2885 multis
1893 2850 2012 2884 saeculis
2037 2847 2094 2885 ha-

265 2893 441 2935 Scriptores
468 2891 631 2924 filentium
653 2915 660 2922 .
698 2892 834 2926 interim
860 2895 1014 2928 existimo
1040 2895 1148 2928 Hum-
1192 2898 1289 2940 >bent
1303 2898 1471 2932 Armenii.
1501 2898 1634 2932 Etenim
1646 2900 1687 2934 de
1706 2899 1777 2943 ipfis
1797 2912 1836 2935 ac
1856 2900 1897 2934 de
1918 2901 2092 2935 Germanis

1204 2248 1370 2288 Nestoriam·
1393 2250 1428 2283 (ν
1449 2249 1586 2283 Iacobitae
1610 2273 1621 2290 ,
1640 2248 1827 2291 fermentato
1842 2258 1926 2291 pane
1943 2259 2088 2284 utantur.

266 2943 396 2977 bertum
424 2942 571 2975 locutum
597 2951 664 2974 non
687 2941 779 2976 fuifl'e
812 2942 879 2975 fine
915 2943 1148 2979 fundamento.
1192 2947 1328 2981 {nostris
1350 2947 1459 2982 scribit
1478 2948 1511 2981 in
1534 2948 1658 2983 Isaacio
1681 2949 1816 2995 Angelo
1837 2951 1973 2996 Nicetas
2003 2949 2091 2985 Cho-
2107 2970 2168 3000 Lib·
2189 2981 2215 2999 Ζ,

267 2993 362 3038 Qin
390 2992 423 3025 δε
449 2990 516 3033 ejus
535 2990 741 3024 assertionem
766 2990 874 3026 firmat
899 2992 934 3026 in
970 2994 1084 3027 litteris
1108 2995 1149 3029 ad

266 3041 400 3076 Petrum
428 3040 616 3074 Antiochia:
641 3038 861 3075 Patriarcharn
899 3042 966 3087 ipse
1002 3042 1152 3079 Michael

269 3090 454 3125 Cerularius
476 3117 484 3125 .
521 3090 713 3134 Expostulat
747 3091 837 3134 quod
873 3092 907 3126 δε
946 3092 1152 3129 Alexandriae

269 3141 303 3175 &
329 3139 567 3183 Hierosolyma:
594 3138 786 3175 Patriarchae
812 3141 1002 3176 Romanum
1037 3142 1149 3178 Ponti-

271 3191 368 3224 ficem
393 3188 411 3222 ἐ
435 3190 529 3224 sacris
555 3189 675 3224 tabulis
701 3202 961 3226 commemorent
985 3191 1026 3226 ad
1051 3194 1151 3228 Sacri-

272 3240 408 3279 ficium,
432 3239 466 3273 &
491 3240 642 3285 adjungit
666 3254 677 3274 .·
712 3245 778 3274 Nec
811 3241 863 3274 hoc
885 3240 978 3284 solum
1000 3266 1011 3282 ‚
1049 3245 1152 3278 verum

272 3288 364 3326 etlam
389 3289 433 3321 ad
455 3299 540 3322 aures
566 3289 676 3329 nostras
699 3297 842 3332 pervenit
865 3314 875 3330 ‚
912 3292 991 3333 quod
1008 3294 1150 3333 praedic‘ii

273 3341 332 3373 duo
358 3337 544 3372 Patriarcbae
570 3350 627 3375 non
647 3338 742 3382 s'olicm
767 3341 840 3374 alios
867 3347 977 3379 azymis
1003 3340 1150 3384 vescentes

274 3394 441 3435 recipiunt,
462 3386 519 3432 sed
528 3394 618 3423 etiam
628 3388 685 3434 ipsi
689 3391 846 3434 aliquando
855 3398 888 3425 in
909 3396 1016 3431 azymis
1032 3390 1150 3436 sacrum

1210 2998 1315 3030 niates
1328 3012 1338 3032 .·
1368 3002 1407 3030 Hi
1418 3005 1588 3032 commercia
1598 3004 1677 3033 inter
1685 2999 1747 3043 sese
1759 3005 1897 3044 agitant,
1924 3001 1958 3034 (τ
1978 3006 2011 3034 in
2026 3000 2089 3043 ple-
2102 3018 2167 3048 cap.
2188 3019 2216 3046 3.

1211 3045 1307 3090 risque
1341 3048 1502 3090 Religionis
1529 3049 1713 3092 dogmatibus
1735 3048 1914 3093 consentiunt
1930 3075 1938 3082 .
1964 3051 2089 3094 ,Quippe

1211 3097 1294 3139 apud
1304 3098 1477 3129 alemannos
1489 3098 1522 3131 <5
1530 3101 1681 3132 Armenios
1686 3098 1713 3141 s
1705 3110 1840 3133 acrarum
1848 3104 2013 3146 Imaginum
2019 3102 2090 3135 ado-

1214 3151 1290 3180 ratio
1299 3147 1549 3189 aequetmerdieia
1559 3148 1618 3190 est,
1643 3150 1678 3182 <at
1689 3156 1801 3189 azymis
1813 3156 1928 3194 utrique
1945 3156 1978 3184 in
1993 3150 2090 3194 sacris

1211 3203 1334 3231 utuntur
1356 3220 1368 3236 ,
1405 3197 1440 3230 Q&
1463 3198 1525 3230 alia
1548 3200 1686 3241 quaedam
1705 3200 1884 3235 orthodoxis
1911 3200 2089 3242 christianis

1213 3245 1380 3289 improbata
1389 3271 1399 3287 ‚
1410 3252 1556 3288 opinionis
1565 3259 1658 3283 errore
1672 3274 1682 3290 ‚
1690 3258 1745 3292 pro
1755 3252 1896 3295 legitimis
1912 3250 2069 3296 observant
2078 3277 2087 3285 .

1212 3296 1312 3343 Qod
1327 3296 1545 3332 salutatoriam
1565 3299 1720 3334 sacrarum
1741 3300 1927 3347 Imaginum
1951 3303 2087 3336 Venera-

1211 3347 1337 3380 rionem
1363 3358 1424 3380 nos
1452 3347 1564 3382 Latini
1600 3350 1792 3385 damnemus
1815 3376 1825 3392 ,
1859 3352 1905 3385 est
1937 3348 2088 3390 antiquis-

1211 3397 1286 3432 fima
1310 3396 1343 3432 δε
1372 3397 1612 3434 mendaciffima
1638 3399 1923 3438 schismaticorum
1959 3398 2088 3434 Graeco-

1968 3456 2040 3482 tum
