2352 3736
371 152 467 197 330
909 129 1549 183 Drssenriino,

302 220 416 256 dinem
428 221 524 253 docet
534 212 643 250 Sanni
655 209 787 246 Paulini
800 209 952 246 Nolensis
967 211 1116 255 Episcopi
1149 212 1188 247 ad
1250 214 1385 257 Eulogiis
1411 217 1647 254 communicare,
1671 215 1744 257 quia
1768 214 1879 259 eisdem
1905 219 2142 262 temporibus-ad

302 271 479 315 sulpitium
503 265 657 299 Severum
696 263 875 306 Epistola:
913 263 1030 296 Panem
1061 267 1193 305 Campa·
1234 262 1484 310 {Eucharisticam
1529 267 1767 299 communionem
1796 264 1972 308 sumendam
2015 269 2135 314 obligate

128 293 212 333 Epist.
234 304 266 326 ¹²
302 333 373 357 „um
395 318 450 352 tibi
472 317 509 347 de
531 314 646 348 Cellula
667 313 761 354 nostra
777 320 834 352 pro
855 313 1016 355 Eulogium
1040 313 1187 354 misimus.
1233 314 1348 350 lerant.
1378 314 1473 350 Hinc
1496 314 1514 350 a
1540 312 1732 350 Melchiade
1751 315 1786 349 δε
1808 315 1925 349 Siricio
1939 308 2135 356 fei-mentum

301 368 406 406 Addit
420 365 514 400 fuisse
524 364 738 410 Siligineum.
768 360 881 396 Etiam
891 360 932 397 ad
945 364 1098 419 Sanstum
1119 365 1189 401 Au·
1247 375 1383 409 uterque
1411 363 1466 400 ille
1493 365 1638 408 Scriptor
1662 364 1827 401 existimat
1855 365 1890 401 in
1917 366 2136 414 PaschaliFe-

298 418 466 464 gustinum
479 415 587 450 scribit
600 428 611 450 ,·
639 416 756 445 Panem
765 423 856 445 unum
869 436 879 455 ‚
903 424 991 455 quem
1004 418 1186 451 unanimita-
1247 415 1295 452 sto
1325 425 1392 447 non
1411 416 1508 452 fuisse
1529 415 1745 452 transmissum
1757 440 1765 451 .

295 474 339 501 tis
355 469 463 502 indicio
474 465 602 508 misimus
613 462 773 497 charitati
784 471 864 504 tuae,
890 475 1026 508 rogamus
1048 470 1186 510 μοι-φέψ-
1296 464 1497 508 Respondeo
1530 465 1772 501 Laodicensern
1797 465 1972 503 Canonem
1993 469 2137 508 omnino

297 519 335 552 do
345 517 503 553 benedicas
513 540 521 549 ,
548 515 592 547 Et
603 513 644 547 ad
659 514 813 547 sanetum
828 513 989 558 Alypium
1003 514 1186 561 Tagasten-
1245 527 1340 560 agere
1352 515 1393 549 de
1407 514 1610 554 Eucharistia
1621 541 1628 552 .
1656 517 1736 551 Hoc
1746 517 1869 554 evincit
1884 529 1951 552 vox
1963 542 1975 559 ,
2000 519 2134 556 sanan.

122 560 259 603 Epist-30·
293 569 361 604 sem
376 567 573 611 Episcopum
587 575 594 595 :
622 567 741 599 Panem
751 575 842 599 unum
856 563 1018 601 sanc‘litati
1045 574 1107 599 tuae
1122 572 1184 600 une·
1246 567 1300 601 Est
1315 565 1553 609 antiquissimus
1565 567 1770 603 sacrosaneiae
1781 566 1990 604 Eucharistiae
2000 569 2116 605 titulus
2127 595 2137 605 .

292 625 370 655 tatis
375 622 481 663 gratia
491 613 639 656 mifimus,
663 619 696 649 in
717 626 773 658 quo
783 621 876 651 etiam
898 617 1061 651 Trinitatis
1078 614 1185 659 solidi·

291 677 343 702 ras
367 671 549 701 continetur.
575 668 658 700 Hunc
679 673 793 709 panem
818 665 869 710 effe
889 666 1017 710 Eulogia
1039 677 1070 702 tu
1084 667 1183 709 facles

290 721 462 762 dignatione
467 715 623 762 sumendi.
651 716 690 752 ln
703 727 786 761 pane
804 715 869 751 hoc
887 725 1080 754 contentam
1104 718 1185 752 Sane

288 771 346 803 ἔξω
360 767 539 803 Trinitatis
550 764 753 803 soliditatem
763 766 917 805 existimo
928 769 991 802 esse
1013 766 1116 802 tribus
1138 769 1182 806 fa-

287 819 365 854 rinae
375 819 449 854 satis
461 818 679 853 commixtum
698 818 732 851 in
759 817 942 862 Evangelio
964 817 1161 853 fermentum
1175 842 1182 850 .

287 868 456 906 Existimo
466 867 555 903 hunc
569 878 685 911 panem
698 892 709 908 ,
735 868 783 901 uti
795 867 978 912 siligineum
991 893 1002 912 ‚
1029 870 1073 906 ita
1087 869 1180 903 fuisse

285 918 321 955 ἀ
333 920 584 956 fermentatum.
614 917 726 961 Pergit
737 916 896 954 Paulinus
908 917 948 955 ad
960 917 1110 955 nobilem
1123 919 1181 956 Vi-

110 973 197 1016 Epist.
219 981 268 1017 36.
284 981 358 1006 rum
372 968 638 1006 Romanianum:
667 972 720 1003 Ne
732 979 858 1002 vacuum
863 968 1019 1011 fraterne
1044 968 1180 1003 humani-

1244 617 1298 654 δὶς
1312 616 1344 653 in
1358 617 1392 650 in
1407 615 1490 650 libro
1513 615 1553 651 de
1578 618 1771 660 Spectaculis
1792 618 1939 662 loquitur
1957 618 2137 656 Tertullia-

1247 677 1304 701 nus
1319 681 1329 702 .·
1356 668 1457 711 ,Quale
1465 666 1503 707 est
1517 678 1555 700 ex
1568 679 1636 708 ore,
1660 680 1717 710 quo
1729 669 1837 703 Amen
1853 674 1885 702 in
1907 670 2048 704 sancium
2065 679 2139 714 pro-

1244 719 1345 759 tuleris
1363 742 1373 758 ,
1394 719 1559 762 gladiatori
1568 717 1759 758 testImonium
1781 720 1933 756 reddere?
1960 720 2002 756 Et
2014 720 2048 757 iu
2066 722 2136 757 Sel·-

1245 778 1342 806 mone
1352 764 1519 812 de'Lapsis
1531 770 1665 807 sanstus
1679 770 1883 812 Cyprianus:
1900 775 1978 806 Cum
1990 773 2135 814 quadam

1243 817 1435 863 arcaemsuam
1446 841 1457 861 ,
1482 825 1514 854 in
1526 831 1587 862 qua
1605 823 1721 855 Domini
1732 820 1941 862 sam‘iumfuie
1954 845 1966 862 ‚
1990 822 2133 858 manibus

1242 870 1373 915 indignis
1385 871 1521 917 tentasset
1533 875 1649 912 aperire
1664 894 1675 912 ‚
1701 872 1774 906 inde*
1784 876 1851 914 igne
1864 868 2006 915 surgente
2037 874 2135 906 deter—

1240 925 1301 951 rita
1312 919 1350 958 est
1364 943 1375 958 ,
1385 931 1421 952 ne
1431 921 1553 957 auderet
1563 926 1709 964 attingere
1724 946 1730 956 ,
1762 921 1803 956 Et
1818 921 1916 956 infra:
1945 923 2025 955 Altus
2038 945 2050 961 2
2059 928 2132 965 qula

1241 969 1274 1002 Θ
1287 966 1519 1011 ipsc-maculatus
1532 993 1544 1009 ,
1579 971 1722 1012 Sacrificio
1744 972 1764 1005 ἃ
1789 972 1947 1008 sacerdote
1968 972 2132 1016 celebrato,

108 1440 172 1471 hb·
197 1444 223 1471 8.
279 1480 326 1507 tor
337 1472 383 1505 hic
396 1473 587 1508 buccellatum
598 1479 701 1506 vocari
712 1474 809 1506 tradit
830 1499 840 1513 ,
862 1475 1017 1516 illuditque
1042 1476 1173 1510 Militum
1237 1484 1291 1506 nes
1304 1472 1580 1515 Chrysossomus.
1603 1471 1659 1506 Est
1686 1470 1802 1516 phrasis
1815 1472 2128 1517 desumptaexsan·

280 1529 445 1567 cognomini
467 1547 478 1564 ,
514 1532 547 1558 ut
568 1529 620 1565 qui
640 1522 708 1555 hinc
722 1524 899 1556 Buccellaru
922 1523 983 1564 fint
1007 1526 1170 1565 appellati.
1233 1524 1273 1555 sti
1295 1522 1500 1567 Archangeli
1528 1521 1693 1557 Gabrielis
1715 1523 1757 1557 ad
1794 1523 1970 1566 Deiparam
2003 1521 2128 1557 verbis:

129 1595 157 1629 -b
280 1571 326 1607 Et
350 1573 549 1608 Ammianus
569 1572 803 1609 Marcellinus:
844 1572 1035 1616 Constantius
1058 1579 1171 1618 viginti
1235 1573 1328 1615 ,Quod
1345 1570 1481 1614 nascetur
1500 1583 1538 1605 ex
1561 1581 1590 1605 te
1615 1573 1774 1606 sanarum.
1813 1572 1918 1607 Aliud
1938 1572 2029 1607 enim
2052 1572 2129 1608 sunt

98 1598 135 1631 ιι
158 1619 165 1629 ’
193 1607 235 1633 17-
278 1623 609 1665 dierumfrumentum‚
637 1635 676 1656 ex
688 1634 719 1656 eo
737 1625 821 1666 quod
827 1634 892 1657 erat
902 1621 1063 1665 insedibus
1074 1623 1169 1665 consu·
1233 1622 1359 1655 sanstus
1378 1622 1497 1656 Homo
1513 1645 1524 1661 ,
1549 1621 1676 1658 sanstus
1699 1620 1875 1666 Angelus,
1910 1623 2038 1659 sanstus
2066 1621 2129 1657 Pa-

278 1675 447 1713 mendum,
473 1676 518 1706 ad
527 1672 595 1716 usus
618 1675 851 1706 diuturnitatem
869 1672 1069 1711 excodorum,
1096 1675 1171 1704 Buc-
1235 1671 1285 1703 nis
1299 1695 1310 1711 ,
1336 1672 1459 1707 sancius
1474 1672 1585 1715 locus,
1611 1682 1667 1706 aut
1682 1672 1827 1709 sanctum
1838 1682 1991 1717 tempus,
2032 1671 2127 1710 aliud

277 1724 418 1756 cellarum
431 1731 464 1755 ut
488 1723 578 1766 vulgo
601 1730 730 1762 vocant,
758 1721 889 1754 humeris
911 1719 1054 1764 imposuit
1071 1721 1171 1756 luben-
1235 1721 1341 1763 ipsum
1363 1720 1517 1757 Sanctum
1545 1732 1553 1754 :
1590 1720 1696 1764 Cujus
1727 1722 1840 1765 utique
1875 1721 2128 1766 participatione

277 1780 354 1807 rium
373 1774 521 1806 Militum.
549 1773 627 1807 Erat
640 1772 729 1806 enim
744 1773 836 1814 panis
847 1771 927 1805 levis
940 1771 1034 1805 &bis
1047 1771 1170 1811 coetus,
1234 1769 1499 1811 sanctificantur,
1526 1780 1739 1814 quaecumque
1759 1770 2017 1808 sanaificantur.
2044 1770 2127 1806 Hoc

277 1835 376 1867 quem
415 1823 557 1867 antiquae
592 1822 833 1865 AEgyptiorum
854 1820 1104 1856 Monachorum
1127 1833 1169 1855 rc·
1233 1829 1342 1854 autem
1362 1819 1408 1856 est
1432 1820 1501 1863 ipse
1521 1819 1613 1857 Deus
1638 1819 1827 1856 benedictus
1849 1821 1884 1855 in
1898 1820 2026 1857 saecula.
2053 1819 2127 1869 Qli

280 1873 368 1919 gulae
379 1897 390 1913 ,
416 1884 454 1908 ac
464 1884 505 1907 ex
518 1872 591 1916 ipfis
602 1873 742 1918 joannes
753 1871 923 1907 Caffianus
950 1872 1105 1908 videntur
1117 1883 1170 1917 ap·
1233 1870 1308 1915 quia
1321 1881 1377 1914 per
1390 1869 1591 1914 personalem
1603 1881 1680 1905 cum
1693 1871 1856 1916 assumpto
1867 1869 2006 1906 homine
2028 1872 2127 1907 unio·

277 1923 397 1969 pellare
419 1923 621 1967 paximacia.
651 1922 759 1956 Fuisse
782 1921 1003 1965 expeditionis
1022 1930 1169 1967 tempore
1235 1932 1308 1957 nem
1321 1920 1366 1954 est
1382 1921 1418 1954 in
1431 1918 1658 1963 Eucharistia,
1684 1919 1751 1954 hoc
1770 1932 1930 1965 magnum
1948 1923 2043 1957 suum
2064 1931 2125 1956 no·

277 1975 393 2008 datum
405 1971 573 2007 Militibus
583 1973 723 2007 affirmat
736 1973 769 2005 in
791 1970 1030 2007 Theodosiano
1051 1973 1167 2009 codice
1233 1982 1308 2005 men
1320 1969 1369 2004 illi
1383 1970 1609 2009 communicat
1621 1996 1629 2005 .
1645 1970 1697 2006 Ex
1709 1969 1827 2006 eodem
1838 1972 1932 2009 fonte
1946 1971 2002 2007 illa
2014 1970 2058 2004 ab
2065 1981 2124 2005 an·

276 2023 493 2058 Constantini
516 2021 588 2056 Lex
610 2020 651 2056 ad
677 2021 851 2065 Elpidium
870 2013 1032 2058 Q'raetorio
1055 2022 1170 2058 Praefe-
1233 2020 1331 2063 tiquis
1342 2031 1459 2055 vocata
1470 2021 1556 2062 fuit,
1583 2032 1652 2055 non
1665 2020 1771 2057 bonus
1794 2020 1887 2064 panis
1907 2030 1965 2057 aut
1995 2019 2123 2057 bonum

103 2067 214 2100 1²7⁴3t
231 2077 258 2104 4-
276 2077 364 2109 stum
379 2097 387 2105 .
417 2073 645 2118 Ejusformam
656 2071 765 2117 prodit
776 2072 811 2107 in
826 2071 910 2107 libro
934 2074 976 2107 de
996 2071 1168 2109 Themati-
1233 2072 1346 2105 vinum
1358 2094 1368 2110 ‚
1394 2070 1448 2106 sed
1462 2072 1567 2115 ipsum
1581 2073 1718 2107 Bonum,
1747 2070 1842 2106 Hinc
1861 2070 2074 2115 &vulgarem
2084 2070 2123 2105 in

104 2115 168 2145 ‘⁵³¹³'
190 2112 216 2137 ⁶⁸
276 2125 336 2159 bus
348 2124 592 2159 Constantinus
603 2121 935 2167 porphyrogenitus:
965 2124 1169 2165 Buccellapa-
1231 2122 1386 2157 candenti
1420 2122 1506 2157 ferro
1539 2122 1769 2166 probationem
1801 2119 1994 2165 posteriores
2017 2119 2125 2156 Graeci

276 2181 323 2210 ms
337 2176 446 2209 dicitur
461 2180 493 2209 in
514 2174 631 2208 modum
652 2175 754 2208 circuli
773 2173 894 2215 fadus.
925 2173 1021 2220 Juxta
1046 2174 1170 2208 Roma·
1232 2172 1406 2206 titularunt
1415 2171 1574 2207 samum.
1602 2172 1651 2207 Ita
1665 2173 1799 2206 testatur
1811 2171 1978 2216 Georgius
1988 2169 2119 2216 Pachy-

275 2236 338 2260 nos
350 2236 456 2259 mores
466 2225 565 2258 etiam
580 2223 796 2269 Evangelistae
821 2226 1010 2267 frequenter
1030 2223 1168 2268 loquun-
1232 2232 1352 2258 meres,
1378 2221 1484 2269 Qod
1506 2222 1623 2266 nempe
1641 2222 1708 2269 ipsa
1726 2222 1847 2267 divina,
1863 2221 1993 2264 Iustitia
2013 2219 2125 2257 adesse
2140 2244 2226 2277 Me
2250 2250 2298 2281 ¹3·

275 2287 343 2312 tur.
356 2275 465 2321 Qare
477 2274 511 2310 &
523 2276 657 2310 Sanctus
672 2275 752 2320 Joan
759 2286 814 2311 nes
826 2275 935 2311 datam
950 2275 1038 2321 Judae
1051 2274 1168 2309 Domi·
1233 2272 1300 2307 illic
1310 2272 1534 2309 crederetur&
1545 2271 1689 2317 judicare
1702 2296 1708 2302 .
1737 2271 1902 2321 roirca
1924 2280 2053 2305 certum
2076 2270 2124 2306 est
2193 2263 2202 2276 ⁰
2228 2265 2235 2274 '

275 2336 322 2361 no
333 2336 458 2369 partem
473 2325 567 2369 poffit
587 2324 652 2360 hoc
678 2327 771 2359 sensu
794 2325 936 2360 titulasse
960 2324 1168 2361 Buccellam.
1233 2324 1461 2360 Laodicenum
1474 2323 1650 2360 Canoncm
1663 2321 1756 2367 loqui
1775 2320 1817 2356 de
1840 2321 1956 2358 iisdem
1976 2321 2122 2356 Sant‘aiis.

275 2378 380 2426 Qiod
393 2375 541 2410 siverum
552 2377 588 2410 sit
601 2401 611 2418 ‚
639 2375 800 2410 hodierna
812 2375 939 2411 Latinae
958 2374 1169 2412 Eucharistiae
1233 2375 1279 2408 At
1290 2385 1347 2410 cur
1358 2374 1424 2419 ipsa
1437 2373 1569 2409 vetatin
1592 2371 1741 2409 Paschali
1761 2370 1859 2408 Festo
1879 2370 2056 2408 transmitti
2078 2370 2123 2407 ad

277 2429 383 2462 forma
394 2426 439 2461 est
453 2426 546 2461 valde
556 2425 747 2462 authentica
762 2436 861 2472 atque
880 2427 1032 2470 antiqua.
1059 2426 1168 2476 Quid·
1235 2423 1316 2458 alias
1328 2423 1507 2459 Ecclesias?
1534 2424 1659 2461 Nescio
1671 2423 1782 2459 firmus
1801 2422 1928 2466 aliquid
1945 2423 2121 2457 affirmare-

277 2478 358 2519 quid
381 2477 419 2510 sit
442 2501 452 2517 ,
490 2478 683 2511 Romanum
708 2487 835 2511 morem
867 2478 1008 2520 respexit
1037 2477 1169 2511 Sane'lus
1234 2474 1397 2510 Donanda
1409 2475 1454 2509 est
1481 2474 1727 2518 conjecturandi
1744 2473 1898 2508 facultas.
1926 2471 2020 2506 lilaea
2043 2471 2121 2505 stn-

277 2525 459 2561 Paulinus:
486 2528 618 2561 Sacram
634 2527 812 2572 Eulogiam
822 2527 998 2571 appellavit
1010 2526 1166 2561 Christia·
1233 2527 1286 2559 cio
1310 2524 1478 2561 Thai-sitio
1496 2525 1654 2561 violentia
1676 2524 1771 2569 poffit
1790 2524 1827 2559 &
1849 2521 1928 2573 alibi
1957 2519 2117 2556 evenisse.

279 2588 331 2611 11ae
353 2575 576 2619 expeditionis
596 2576 800 2611 Buccellam.
839 2578 966 2610 Eodem
988 2577 1050 2610 ritu
1076 2577 1170 2611 usum
1234 2576 1327 2609 Hinc
1339 2587 1407 2611 non
1431 2575 1585 2611 Romana
1607 2574 1714 2611 solutu
1736 2584 1775 2622 ac
1796 2573 1948 2618 pleraque
1974 2569 2115 2610 Latina,

279 2628 377 2665 suiss‘e
399 2627 554 2660 Sanctum
582 2625 809 2671 Augustinum
832 2626 930 2661 docet
955 2627 1168 2671 improperata
1234 2624 1287 2659 sed
1305 2626 1405 2661 etiam
1416 2625 1527 2663 Graeca
1537 2625 1677 2661 Ecclesia
1690 2622 1782 2658 desiit
1814 2618 2054 2657 Eucharistiam
2074 2618 2119 2654 ad

280 2688 339 2722 per
358 2676 559 2710 Petilianum
579 2676 831 2711 Donatistarum
859 2676 1170 2713 Constantinensem
1235 2676 1377 2711 forenses
1387 2675 1543 2711 Paraecias
1553 2674 1704 2712 mittere,
1732 2670 1999 2718 quaedamtamen
2022 2679 2121 2705 exee-

220 2759 223 2760 γ
280 2728 482 2772 Episcopum
503 2725 667 2760 calumnia
692 2739 700 2760 :
737 2727 817 2774 Qio
836 2728 905 2770 ejus
939 2726 1169 2772 Episcopalem
1235 2735 1351 2768 petunt
1387 2725 1611 2761 Festivitatem
1645 2720 1837 2756 Paschalem
1856 2728 1869 2753 J
1898 2719 2120 2755 -Laudabilem

108 2762 203 2799 L'3'c'
217 2765 262 2792 ¹⁶¹
279 2776 562 2813 consecrationem
576 2775 746 2821 impediret
756 2778 917 2821 quispiam
930 2778 1171 2817 calumniator,
1233 2774 1320 2810 hanc
1335 2773 1527 2810 Christianae
1550 2773 1636 2807 inter
1659 2772 1858 2816 Episcopum
1890 2770 1926 2807 ἃ
1956 2768 2120 2814 1)οΡῑῦιιιιι

281 2828 381 2862 finxit
401 2827 492 2872 quod
514 2827 623 2862 nescio
645 2828 698 2862 cui
723 2827 859 2862 Mulieri
877 2827 1036 2872 subponis
1046 2829 1172 2871 Eulogiae
1234 2824 1492 2859 Communionis
1526 2823 1674 2857 tesseram
1720 2820 1905 2865 judicarunt
1937 2819 1973 2855 in
1998 2819 2118 2864 prinei·

281 2878 404 2913 filtrum
414 2877 608 2913 miscuisset.
638 2878 681 2912 Et
704 2878 744 2911 ad
767 2879 956 2923 juvenalem
979 2877 1173 2921 Hierosoly·
1234 2875 1298 2918 pali
1321 2873 1580 2908 Christianitatis
1598 2873 1696 2907 Festo
1718 2882 1788 2908 non
1815 2869 2116 2907 intermittendam.

113 2964 142 2990 9.
164 2960 211 2987 72·
283 2939 342 2962 mae
356 2930 554 2972 Episcopum
574 2928 730 2972 rescripsit
750 2939 889 2973 magnus
912 2929 1007 2963 Leo.-
1034 2930 1171 2961 Particu-
1234 2924 1358 2960 Verum
1373 2923 1480 2958 isthaec
1493 2924 1592 2958 etiam
1605 2922 1799 2958 transmiffio
1822 2932 1891 2956 non
1914 2918 2045 2955 carebat
2066 2919 2117 2953 in-

284 1025 362 1056 tatis
373 1021 494 1065 officium
505 1020 660 1053 videretur
670 1043 680 1059 ,
719 1019 756 1052 de
768 1018 924 1056 buccellato
936 1018 1118 1060 Christianae
1131 1032 1184 1053 ex·

279 1072 444 1114 peditionis
455 1092 466 1108 ,
492 1075 525 1102 in
535 1071 618 1110 qu'ur
628 1069 780 1112 procinHu
788 1071 919 1113 quotidic²
933 1072 978 1103 ad
979 1069 1177 1114 frugalitatis

284 1132 436 1154 annonam
446 1121 614 1156 militamus
627 1145 637 1160 ,
659 1128 758 1162 panes
785 1127 912 1164 quinque
936 1119 992 1155 tibi
1008 1127 1126 1166 pariter
1145 1123 1179 1158 et

279 1170 346 1214 filio
356 1171 446 1212 nostro
457 1174 590 1205 Licentia
601 1169 747 1216 mifimus,
778 1171 867 1217 Qid
892 1171 929 1206 sit
952 1171 1178 1207 Buccellatum

283 1222 338 1255 seu
363 1221 570 1256 Buccellatus
592 1222 684 1268 panis
707 1245 717 1262 ,
755 1222 857 1258 edicit
882 1221 967 1265 apud
989 1220 1103 1256 Phoci}
1126 1221 1174 1257 Bi-

283 1270 486 1306 bliothecam
522 1271 787 1315 olympiodorus
808 1285 815 1308 ς
855 1273 1032 1308 Buccellarii
1054 1272 1175 1309 vocabu-

281 1321 382 1354 bulum
396 1327 518 1355 Honorii
530 1327 725 1363 ImperatorIs
737 1322 916 1365 temporilms
932 1346 942 1361 ,
969 1322 1115 1356 tributum
1125 1329 1174 1355 mi*

281 1372 385 1406 litibus
399 1398 409 1414 ,
436 1383 493 1406 non
506 1375 649 1411 Romanis
661 1372 780 1405 tantum
794 1397 804 1412 ,
825 1371 885 1416 Jed
895 1376 928 1406 (w
940 1372 1047 1410 Gothis
1064 1372 1175 1419 quibust.

281 1424 355 1455 dam
371 1451 376 1455 .
405 1422 554 1466 Exponit
568 1424 634 1466 ipse
648 1421 804 1457 Photius:
836 1422 1059 1465 Panemficcum
1081 1426 1172 1467 scrip-

282 2978 344 3010 Iam
352 2982 513 3013 Dominicae
524 2982 630 3013 Crucis
639 2990 705 3012 cum
716 2979 852 3023 Eulaeiis
866 2978 1040 3012 Dilefflonts
1062 2976 1171 3019 vestra

286 3028 445 3071 dignanter
467 3034 592 3072 accepi.
634 3028 768 3072 Utique
792 3040 870 3063 cum
894 3027 1057 3064 benedicti
1080 3026 1173 3072 panis

286 3074 458 3122 Eulogiis.
487 3081 542 3113 An
563 3090 678 3114 omnes
702 3078 748 3113 hae
768 3080 1023 3114 transmissiones
1051 3078 1172 3113 fuerint

287 3126 375 3160 fastae
400 3129 434 3161 in
462 3127 610 3164 Paschali
636 3128 826 3164 Festivitate
846 3154 857 3171 ,
892 3141 962 3164 non
990 3128 1105 3174 poffim
1129 3127 1172 3163 af-

288 3175 431 3209 firmare.
458 3177 593 3213 Interim
620 3181 707 3214 lucet
732 3180 814 3224 ipsas
840 3180 978 3225 viguisse
1003 3180 1040 3214 in
1065 3179 1174 3214 omni·

289 3224 351 3259 bus
376 3224 525 3260 Ecclesiis
545 3252 556 3268 ‚
588 3230 623 3263 &
649 3230 742 3264 factas
769 3230 810 3265 de
836 3231 1032 3265 fermentato
1070 3238 1172 3274 pane,

289 3274 436 3317 adeoque
461 3286 529 3307 non
554 3277 646 3312 fuine
673 3279 909 3315 Eucharistiam
924 3306 931 3314 .
970 3280 1034 3315 Per
1059 3279 1171 3314 omnia

287 3325 449 3359 consonat
474 3324 641 3359 Dominus
666 3329 852 3364 Cardinalis
876 3331 980 3366 Caesar
1001 3330 1174 3370 Batonius,

289 3374 384 3418 cujus
418 3374 612 3408 sententiam
649 3380 847 3419 compendio
880 3380 1019 3424 exponit
1053 3380 1173 3415 Severi·

291 3435 357 3462 nus
380 3424 518 3461 Binius:
544 3421 740 3468 Pascbalibus
773 3427 878 3466 diebus
909 3430 1100 3469 muratarum
1135 3429 1172 3473 est

1241 1026 1360 1060 partem
1370 1029 1435 1051 cum
1444 1024 1560 1052 caeteris
1571 1018 1660 1062 ausus
1676 1019 1713 1060 est
1725 1021 1854 1055 latenter
1867 1027 1996 1064 accipere
2006 1046 2019 1062 ,
2055 1025 2132 1058 San·

1240 1068 1318 1101 aum
1332 1070 1451 1102 Domini
1469 1070 1554 1106 edere
1565 1070 1599 1103 (9
1608 1070 1784 1105 contri-&are
1794 1081 1851 1106 non
1857 1078 1956 1112 potuit
1967 1097 1979 1116 ,
2004 1077 2131 1107 cinerem

1233 1118 1318 1160 ferre
1335 1118 1368 1163 se
1392 1124 1505 1161 aperti!
1528 1119 1666 1155 manibus
1688 1124 1808 1153 invenit
1819 1144 1826 1152 .
1854 1120 1898 1155 Et
1921 1122 1956 1154 in
1980 1120 2065 1157 libro
2085 1122 2129 1159 de

1242 1170 1370 1203 unitate
1382 1169 1529 1204 Ecclesiae
1539 1181 1554 1211 ;
1581 1173 1661 1203 Caro
1677 1169 1786 1211 Christi
1797 1171 1832 1204 et
1844 1169 1984 1204 Sam‘lum
2006 1174 2130 1208 Dorum

1240 1222 1305 1261 ejici
1308 1219 1401 1262 foras
1414 1232 1472 1253 non
1480 1219 1570 1262 potest
1580 1245 1587 1256 .
1610 1221 1692 1269 Qiae
1704 1219 1824 1265 phrasis
1833 1221 1933 1258 etiam
1945 1221 2031 1265 apud
2045 1220 2132 1258 Gr»

1241 1283 1295 1305 cos
1306 1271 1369 1305 fuit
1383 1271 1603 1308 usitatiffima.
1631 1271 1826 1309 Hincenim
1835 1271 1921 1315 apud
1944 1270 2021 1307 illos
2040 1282 2131 1308 com-

1241 1320 1449 1358 municaturo
1474 1321 1597 1364 populo
1608 1320 1808 1358 acclamabat
1835 1321 2026 1358 Diaconus:
2053 1323 2130 1357 San-

1238 1370 1285 1407 &a
1297 1371 1435 1407 sanaris.
1466 1371 1594 1408 Eadem
1606 1371 1708 1415 phrasi
1721 1371 1795 1409 usus
1818 1371 1865 1408 est
1884 1372 1924 1407 in
1947 1371 2066 1407 litteris
2084 1371 2130 1408 ad

1238 1422 1470 1456 Innocentium
1484 1423 1626 1465 primum
1648 1421 1850 1459 Pontificem
1871 1423 2008 1459 Saucius
2033 1420 2130 1467 Joan-

1233 2973 1439 3010 commodis:
1465 2973 1559 3010 Hinc
1582 2972 1618 3008 δε
1642 2973 1743 3017 ipsam
1762 2971 1914 3016 synodus
1934 2967 2065 3004 abstulit
2076 2978 2116 3003 ac

1236 3025 1405 3060 interdixit
1416 3049 1424 3058 .
1446 3024 1550 3073 Qiod
1563 3024 1597 3058 in
1613 3022 1710 3058 Festo
1724 3021 1878 3067 Episcopi
1895 3019 1951 3054 sibi
1971 3019 2115 3055 invicem

1238 3076 1413 3120 Eulogiam
1425 3076 1615 3114 mitterent,
1642 3073 1769 3108 videtur
1780 3083 1848 3106 non
1867 3069 1963 3104 fnisse
1986 3069 2116 3105 univer-

1237 3126 1299 3160 sale
1317 3151 1325 3158 .
1353 3125 1453 3160 Extri
1472 3125 1682 3160 Gallicanam
1704 3121 1878 3157 Ecclesiam
1895 3131 1964 3154 non
1986 3120 2115 3164 reperio

1235 3177 1439 3220 exemplum.
1466 3176 1545 3210 Erat
1565 3176 1689 3219 optima
1709 3170 1929 3207 consuetudo.
1959 3169 2035 3205 Nec
2055 3170 2116 3205 du·

1228 3226 1330 3268 -bito,
1355 3226 1433 3271 quin
1446 3225 1530 3261 olim
1551 3222 1785 3260 Eucharistiam
1805 3221 2036 3255 transmiserit.
2060 3220 2114 3252 le-

1236 3277 1428 3320 persuadent
1448 3275 1584 3311 adducta
1606 3272 1747 3318 superius
1765 3271 1917 3315 exempla
1936 3295 1945 3305 .
1985 3266 2110 3305 Verum

1236 3328 1268 3361 ἀ
1280 3327 1335 3362 hic
1356 3326 1567 3362 incommoda
1588 3335 1657 3359 non
1676 3322 1869 3358 defuerunt.
1897 3319 1990 3355 Hinc
2009 3316 2110 3362 poste-

1236 3379 1301 3412 rior
1310 3378 1483 3422 disciplina
1505 3375 1611 3410 sanxit
1633 3373 1808 3409 transmitti
1831 3371 1914 3406 solas
1935 3367 2111 3412 Eulogias.

1235 3428 1338 3478 Qiod
1349 3428 1483 3475 antiqua
1494 3427 1533 3466 sit
1544 3425 1603 3466 isla
1616 3425 1756 3465 mutatio
1773 3447 1787 3471 ι
1811 3419 1945 3457 suadent
1963 3419 2115 3504 eigai-pla
