<?xml version="1.0" encoding="UTF-8"?>
<!DOCTYPE html PUBLIC "-//W3C//DTD XHTML 1.0 Transitional//EN"
    "http://www.w3.org/TR/xhtml1/DTD/xhtml1-transitional.dtd">
<html xmlns="http://www.w3.org/1999/xhtml" xml:lang="en" lang="en">
 <head>
  <title>
</title>
<meta http-equiv="Content-Type" content="text/html;charset=utf-8" />
  <meta name='ocr-system' content='tesseract 3.04.00' />
  <meta name='ocr-capabilities' content='ocr_page ocr_carea ocr_par ocr_line ocrx_word'/>
</head>
<body>
  <div class='ocr_page' id='page_1' title='image "./operaomniastudio04lupuuoft/operaomniastudio04lupuuoft_0078.png"; bbox 0 0 2352 3736; ppageno 0'>
   <div class='ocr_carea' id='block_1_1' title="bbox 40 762 243 804">
    <p class='ocr_par' dir='ltr' id='par_1_1' title="bbox 40 762 243 804">
     <span class='ocr_line' id='line_1_1' title="bbox 40 762 243 804; baseline -0.015 -5"><span class='ocrx_word' id='word_1_1' title='bbox 40 762 44 766; x_wconf 92' lang='lat'>.</span> <span class='ocrx_word' id='word_1_2' title='bbox 109 773 243 804; x_wconf 77' lang='lat' dir='ltr'>A.1r45-</span> 
     </span>
    </p>
   </div>
   <div class='ocr_carea' id='block_1_2' title="bbox 344 193 410 238">
    <p class='ocr_par' dir='ltr' id='par_1_2' title="bbox 344 193 410 238">
     <span class='ocr_line' id='line_1_2' title="bbox 344 193 410 238; baseline 0 0"><span class='ocrx_word' id='word_1_3' title='bbox 344 193 410 238; x_wconf 85' lang='lat'>68</span> 
     </span>
    </p>
   </div>
   <div class='ocr_carea' id='block_1_3' title="bbox 588 184 1791 249">
    <p class='ocr_par' dir='ltr' id='par_1_3' title="bbox 588 184 1791 249">
     <span class='ocr_line' id='line_1_3' title="bbox 588 184 1791 249; baseline 0.002 -15"><span class='ocrx_word' id='word_1_4' title='bbox 588 190 861 234; x_wconf 74' lang='lat' dir='ltr'>SECUNDA</span> <span class='ocrx_word' id='word_1_5' title='bbox 896 187 1161 232; x_wconf 70' lang='lat' dir='ltr'>Pnoorm</span> <span class='ocrx_word' id='word_1_6' title='bbox 1183 197 1306 230; x_wconf 65' lang='lat' dir='ltr'>Arts</span> <span class='ocrx_word' id='word_1_7' title='bbox 1345 184 1791 249; x_wconf 61' lang='lat' dir='ltr'>Dtssnxurrm</span> 
     </span>
    </p>
   </div>
   <div class='ocr_carea' id='block_1_4' title="bbox 286 267 2112 314">
    <p class='ocr_par' dir='ltr' id='par_1_4' title="bbox 286 267 2112 314">
     <span class='ocr_line' id='line_1_4' title="bbox 286 267 2112 314; baseline 0.002 -4"><span class='ocrx_word' id='word_1_8' title='bbox 286 288 358 310; x_wconf 89' lang='lat' dir='ltr'>rum</span> <span class='ocrx_word' id='word_1_9' title='bbox 380 272 599 309; x_wconf 83' lang='lat' dir='ltr'>Pontificibus</span> <span class='ocrx_word' id='word_1_10' title='bbox 624 273 793 310; x_wconf 76' lang='lat' dir='ltr'>damnatas</span> <span class='ocrx_word' id='word_1_11' title='bbox 806 295 816 312; x_wconf 88' lang='lat'>‚</span> <span class='ocrx_word' id='word_1_12' title='bbox 844 282 917 303; x_wconf 77' lang='lat' dir='ltr'>cuin</span> <span class='ocrx_word' id='word_1_13' title='bbox 943 268 1031 303; x_wconf 67' lang='lat' dir='ltr'>disto</span> <span class='ocrx_word' id='word_1_14' title='bbox 1051 277 1164 304; x_wconf 74' lang='lat' dir='ltr'>autem</span> <span class='ocrx_word' id='word_1_15' title='bbox 1226 269 1316 302; x_wconf 86' lang='lat' dir='ltr'>verso</span> <span class='ocrx_word' id='word_1_16' title='bbox 1328 267 1546 306; x_wconf 76' lang='lat' dir='ltr'>transmittere</span> <span class='ocrx_word' id='word_1_17' title='bbox 1559 270 1665 306; x_wconf 87' lang='lat' dir='ltr'>noluit</span> <span class='ocrx_word' id='word_1_18' title='bbox 1675 272 1861 314; x_wconf 73' lang='lat' dir='ltr'>patriarcha</span> <span class='ocrx_word' id='word_1_19' title='bbox 1874 277 2112 314; x_wconf 76' lang='lat' dir='ltr'>Constantino·</span> 
     </span>
    </p>
   </div>
   <div class='ocr_carea' id='block_1_5' title="bbox 279 315 1166 417">
    <p class='ocr_par' dir='ltr' id='par_1_5' title="bbox 279 315 1166 417">
     <span class='ocr_line' id='line_1_5' title="bbox 279 315 1164 368; baseline -0.007 -8"><span class='ocrx_word' id='word_1_20' title='bbox 279 326 540 368; x_wconf 79' lang='lat' dir='ltr'>Archiepiscopo</span> <span class='ocrx_word' id='word_1_21' title='bbox 577 322 788 357; x_wconf 74' lang='lat' dir='ltr'>cathedrales</span> <span class='ocrx_word' id='word_1_22' title='bbox 833 315 996 356; x_wconf 73' lang='lat' dir='ltr'>Monachi</span> <span class='ocrx_word' id='word_1_23' title='bbox 1042 317 1164 351; x_wconf 80' lang='lat' dir='ltr'>adsere-</span> 
     </span>
     <span class='ocr_line' id='line_1_6' title="bbox 281 367 1166 417; baseline -0.011 -6"><span class='ocrx_word' id='word_1_24' title='bbox 281 377 362 411; x_wconf 82' lang='lat' dir='ltr'>bant</span> <span class='ocrx_word' id='word_1_25' title='bbox 374 400 385 415; x_wconf 90' lang='lat'>,</span> <span class='ocrx_word' id='word_1_26' title='bbox 416 386 484 410; x_wconf 85' lang='lat' dir='ltr'>non</span> <span class='ocrx_word' id='word_1_27' title='bbox 499 385 556 417; x_wconf 89' lang='lat' dir='ltr'>pro</span> <span class='ocrx_word' id='word_1_28' title='bbox 569 374 643 407; x_wconf 89' lang='lat' dir='ltr'>oleo</span> <span class='ocrx_word' id='word_1_29' title='bbox 656 374 687 406; x_wconf 71' lang='grc' dir='ltr'>δε</span> <span class='ocrx_word' id='word_1_30' title='bbox 701 372 842 406; x_wconf 80' lang='lat' dir='ltr'>balsamo</span> <span class='ocrx_word' id='word_1_31' title='bbox 854 392 865 407; x_wconf 91' lang='lat'>,</span> <span class='ocrx_word' id='word_1_32' title='bbox 892 367 942 402; x_wconf 89' lang='lat' dir='ltr'>sed</span> <span class='ocrx_word' id='word_1_33' title='bbox 954 367 1045 412; x_wconf 80' lang='lat' dir='ltr'>exigi</span> <span class='ocrx_word' id='word_1_34' title='bbox 1067 367 1166 411; x_wconf 86' lang='lat' dir='ltr'>subje-</span> 
     </span>
    </p>
   </div>
   <div class='ocr_carea' id='block_1_6' title="bbox 1225 317 2112 424">
    <p class='ocr_par' dir='ltr' id='par_1_6' title="bbox 1225 317 2112 424">
     <span class='ocr_line' id='line_1_7' title="bbox 1227 317 2112 368; baseline 0.002 -6"><span class='ocrx_word' id='word_1_35' title='bbox 1227 317 1394 362; x_wconf 66' lang='lat' dir='ltr'>P015t²¹³¹¹⁸</span> <span class='ocrx_word' id='word_1_36' title='bbox 1409 341 1420 357; x_wconf 76' lang='lat'>2</span> <span class='ocrx_word' id='word_1_37' title='bbox 1445 317 1753 359; x_wconf 61' lang='lat' dir='ltr'>illiuseonsecrandi</span> <span class='ocrx_word' id='word_1_38' title='bbox 1765 326 1957 368; x_wconf 82' lang='lat' dir='ltr'>potestatem</span> <span class='ocrx_word' id='word_1_39' title='bbox 1971 330 2049 364; x_wconf 82' lang='lat' dir='ltr'>fecit</span> <span class='ocrx_word' id='word_1_40' title='bbox 2061 331 2112 364; x_wconf 85' lang='lat' dir='ltr'>In-</span> 
     </span>
     <span class='ocr_line' id='line_1_8' title="bbox 1225 366 2112 424; baseline 0.011 -23"><span class='ocrx_word' id='word_1_41' title='bbox 1225 366 1399 407; x_wconf 79' lang='lat' dir='ltr'>nocentius</span> <span class='ocrx_word' id='word_1_42' title='bbox 1411 367 1524 403; x_wconf 87' lang='lat' dir='ltr'>tertius</span> <span class='ocrx_word' id='word_1_43' title='bbox 1538 392 1550 409; x_wconf 86' lang='lat'><strong>,</strong></span> <span class='ocrx_word' id='word_1_44' title='bbox 1575 370 1622 407; x_wconf 87' lang='lat' dir='ltr'>uti</span> <span class='ocrx_word' id='word_1_45' title='bbox 1636 371 1735 405; x_wconf 85' lang='lat' dir='ltr'>tradit</span> <span class='ocrx_word' id='word_1_46' title='bbox 1745 373 1813 419; x_wconf 78' lang='lat' dir='ltr'>ejus</span> <span class='ocrx_word' id='word_1_47' title='bbox 1830 378 1895 413; x_wconf 88' lang='lat' dir='ltr'>vita</span> <span class='ocrx_word' id='word_1_48' title='bbox 1908 402 1918 417; x_wconf 96' lang='lat'>,</span> <span class='ocrx_word' id='word_1_49' title='bbox 1946 378 2112 424; x_wconf 77' lang='lat' dir='ltr'>publicata</span> 
     </span>
    </p>
   </div>
   <div class='ocr_carea' id='block_1_7' title="bbox 282 417 2113 568">
    <p class='ocr_par' dir='ltr' id='par_1_7' title="bbox 282 417 2113 568">
     <span class='ocr_line' id='line_1_9' title="bbox 283 417 2113 475; baseline 0 -19"><span class='ocrx_word' id='word_1_50' title='bbox 283 425 400 459; x_wconf 71' lang='lat' dir='ltr'>&amp;ionis</span> <span class='ocrx_word' id='word_1_51' title='bbox 416 423 534 465; x_wconf 85' lang='lat' dir='ltr'>titulo,</span> <span class='ocrx_word' id='word_1_52' title='bbox 564 425 702 464; x_wconf 80' lang='lat' dir='ltr'>ideoque</span> <span class='ocrx_word' id='word_1_53' title='bbox 719 423 783 475; x_wconf 74' lang='lat' dir='ltr'>elie</span> <span class='ocrx_word' id='word_1_54' title='bbox 806 418 1049 475; x_wconf 74' lang='lat' dir='ltr'>immaculatas.</span> <span class='ocrx_word' id='word_1_55' title='bbox 1076 418 1166 475; x_wconf 73' lang='lat' dir='ltr'>Narn</span> <span class='ocrx_word' id='word_1_56' title='bbox 1226 429 1279 462; x_wconf 89' lang='lat' dir='ltr'>per</span> <span class='ocrx_word' id='word_1_57' title='bbox 1291 417 1500 456; x_wconf 86' lang='lat' dir='ltr'>Franciscum</span> <span class='ocrx_word' id='word_1_58' title='bbox 1525 419 1741 464; x_wconf 82' lang='lat' dir='ltr'>Bosquettum</span> <span class='ocrx_word' id='word_1_59' title='bbox 1758 446 1768 462; x_wconf 88' lang='lat'><em>‚</em></span> <span class='ocrx_word' id='word_1_60' title='bbox 1796 422 1992 472; x_wconf 59' lang='lat' dir='ltr'>Episcopum</span> <span class='ocrx_word' id='word_1_61' title='bbox 2012 429 2113 466; x_wconf 75' lang='lat' dir='ltr'>Mon.</span> 
     </span>
     <span class='ocr_line' id='line_1_10' title="bbox 282 466 2112 525; baseline 0.006 -23"><span class='ocrx_word' id='word_1_62' title='bbox 282 476 372 518; x_wconf 77' lang='lat' dir='ltr'>quod</span> <span class='ocrx_word' id='word_1_63' title='bbox 397 473 533 517; x_wconf 65' lang='lat' dir='ltr'>subjecta</span> <span class='ocrx_word' id='word_1_64' title='bbox 558 471 696 525; x_wconf 58' lang='lat' dir='ltr'>Eccltna</span> <span class='ocrx_word' id='word_1_65' title='bbox 717 477 890 525; x_wconf 64' lang='lat' dir='ltr'>imperanti</span> <span class='ocrx_word' id='word_1_66' title='bbox 912 468 1062 508; x_wconf 76' lang='lat' dir='ltr'>Ecclefiae</span> <span class='ocrx_word' id='word_1_67' title='bbox 1088 468 1167 512; x_wconf 78' lang='lat' dir='ltr'>quid</span> <span class='ocrx_word' id='word_1_68' title='bbox 1227 469 1268 502; x_wconf 90' lang='lat' dir='ltr'>tis</span> <span class='ocrx_word' id='word_1_69' title='bbox 1290 466 1474 508; x_wconf 83' lang='lat' dir='ltr'>Pessulani.</span> <span class='ocrx_word' id='word_1_70' title='bbox 1501 469 1598 511; x_wconf 82' lang='lat' dir='ltr'>Hinc</span> <span class='ocrx_word' id='word_1_71' title='bbox 1618 470 1726 510; x_wconf 78' lang='lat' dir='ltr'>forsan</span> <span class='ocrx_word' id='word_1_72' title='bbox 1751 473 1877 517; x_wconf 78' lang='lat' dir='ltr'>sumpta</span> <span class='ocrx_word' id='word_1_73' title='bbox 1896 480 2047 520; x_wconf 79' lang='lat' dir='ltr'>occasio,</span> <span class='ocrx_word' id='word_1_74' title='bbox 2074 489 2112 515; x_wconf 85' lang='lat' dir='ltr'>ut</span> 
     </span>
     <span class='ocr_line' id='line_1_11' title="bbox 283 516 2113 568; baseline -0.002 -9"><span class='ocrx_word' id='word_1_75' title='bbox 283 524 392 559; x_wconf 68' lang='lat' dir='ltr'>annue</span> <span class='ocrx_word' id='word_1_76' title='bbox 404 524 522 568; x_wconf 78' lang='lat' dir='ltr'>pendat</span> <span class='ocrx_word' id='word_1_77' title='bbox 546 524 579 555; x_wconf 86' lang='lat' dir='ltr'>in</span> <span class='ocrx_word' id='word_1_78' title='bbox 603 520 809 562; x_wconf 71' lang='lat' dir='ltr'>subJestionis</span> <span class='ocrx_word' id='word_1_79' title='bbox 836 517 870 559; x_wconf 73' lang='grc' dir='ltr'>ὅ(</span> <span class='ocrx_word' id='word_1_80' title='bbox 893 518 1089 561; x_wconf 87' lang='lat' dir='ltr'>praelationis</span> <span class='ocrx_word' id='word_1_81' title='bbox 1111 529 1168 555; x_wconf 87' lang='lat' dir='ltr'>no·</span> <span class='ocrx_word' id='word_1_82' title='bbox 1228 516 1548 560; x_wconf 78' lang='lat' dir='ltr'>GraeciSchismatici</span> <span class='ocrx_word' id='word_1_83' title='bbox 1561 520 1784 562; x_wconf 74' lang='lat' dir='ltr'>fabularentur</span> <span class='ocrx_word' id='word_1_84' title='bbox 1812 524 1896 558; x_wconf 88' lang='lat' dir='ltr'>illud</span> <span class='ocrx_word' id='word_1_85' title='bbox 1916 527 1997 565; x_wconf 77' lang='lat' dir='ltr'>olim</span> <span class='ocrx_word' id='word_1_86' title='bbox 2017 529 2113 568; x_wconf 64' lang='lat' dir='ltr'>fififfe</span> 
     </span>
    </p>
   </div>
   <div class='ocr_carea' id='block_1_8' title="bbox 282 566 1172 766">
    <p class='ocr_par' dir='ltr' id='par_1_8' title="bbox 282 566 1172 766">
     <span class='ocr_line' id='line_1_12' title="bbox 282 566 1171 614; baseline -0.009 -5"><span class='ocrx_word' id='word_1_87' title='bbox 282 586 349 609; x_wconf 89' lang='lat' dir='ltr'>tam</span> <span class='ocrx_word' id='word_1_88' title='bbox 364 599 374 614; x_wconf 86' lang='lat'>,</span> <span class='ocrx_word' id='word_1_89' title='bbox 398 575 441 608; x_wconf 87' lang='lat' dir='ltr'>est</span> <span class='ocrx_word' id='word_1_90' title='bbox 454 569 671 613; x_wconf 73' lang='lat' dir='ltr'>antiquissima</span> <span class='ocrx_word' id='word_1_91' title='bbox 684 568 889 603; x_wconf 84' lang='lat' dir='ltr'>consuetudo</span> <span class='ocrx_word' id='word_1_92' title='bbox 902 594 909 600; x_wconf 88' lang='lat'>.</span> <span class='ocrx_word' id='word_1_93' title='bbox 938 568 1030 602; x_wconf 87' lang='lat' dir='ltr'>Hinc</span> <span class='ocrx_word' id='word_1_94' title='bbox 1054 566 1171 612; x_wconf 80' lang='lat' dir='ltr'>Augu·</span> 
     </span>
     <span class='ocr_line' id='line_1_13' title="bbox 282 618 1171 662; baseline -0.008 -4"><span class='ocrx_word' id='word_1_95' title='bbox 282 625 433 658; x_wconf 72' lang='lat' dir='ltr'>stinenses</span> <span class='ocrx_word' id='word_1_96' title='bbox 450 619 702 655; x_wconf 67' lang='lat' dir='ltr'>cathedralibus</span> <span class='ocrx_word' id='word_1_97' title='bbox 715 619 847 653; x_wconf 82' lang='lat' dir='ltr'>tandem</span> <span class='ocrx_word' id='word_1_98' title='bbox 861 618 1094 662; x_wconf 77' lang='lat' dir='ltr'>inperpetuum</span> <span class='ocrx_word' id='word_1_99' title='bbox 1118 618 1171 652; x_wconf 90' lang='lat' dir='ltr'>de-</span> 
     </span>
     <span class='ocr_line' id='line_1_14' title="bbox 282 667 1172 715; baseline -0.009 -7"><span class='ocrx_word' id='word_1_100' title='bbox 282 671 583 715; x_wconf 80' lang='lat' dir='ltr'>deruntquamdam</span> <span class='ocrx_word' id='word_1_101' title='bbox 608 669 836 714; x_wconf 79' lang='lat' dir='ltr'>poffcffionem</span> <span class='ocrx_word' id='word_1_102' title='bbox 860 681 898 703; x_wconf 88' lang='lat' dir='ltr'>ea</span> <span class='ocrx_word' id='word_1_103' title='bbox 921 669 1018 713; x_wconf 89' lang='lat' dir='ltr'>lege,</span> <span class='ocrx_word' id='word_1_104' title='bbox 1044 678 1081 702; x_wconf 93' lang='lat' dir='ltr'>ut</span> <span class='ocrx_word' id='word_1_105' title='bbox 1105 667 1172 701; x_wconf 89' lang='lat' dir='ltr'>illis</span> 
     </span>
     <span class='ocr_line' id='line_1_15' title="bbox 284 717 1172 766; baseline -0.007 -9"><span class='ocrx_word' id='word_1_106' title='bbox 284 725 437 766; x_wconf 85' lang='lat' dir='ltr'>deinceps</span> <span class='ocrx_word' id='word_1_107' title='bbox 450 720 726 764; x_wconf 83' lang='lat' dir='ltr'>Archiepiscopus</span> <span class='ocrx_word' id='word_1_108' title='bbox 749 718 899 753; x_wconf 82' lang='lat' dir='ltr'>Chrisma</span> <span class='ocrx_word' id='word_1_109' title='bbox 913 743 924 759; x_wconf 91' lang='lat'>‚</span> <span class='ocrx_word' id='word_1_110' title='bbox 950 718 1097 761; x_wconf 73' lang='lat' dir='ltr'>Oleum‚&#39;</span> <span class='ocrx_word' id='word_1_111' title='bbox 1118 717 1172 752; x_wconf 82' lang='lat' dir='ltr'>Sa-</span> 
     </span>
    </p>
   </div>
   <div class='ocr_carea' id='block_1_9' title="bbox 113 767 1171 884">
    <p class='ocr_par' dir='ltr' id='par_1_9' title="bbox 113 767 1171 884">
     <span class='ocr_line' id='line_1_16' title="bbox 281 767 1171 815; baseline -0.004 -8"><span class='ocrx_word' id='word_1_112' title='bbox 281 783 447 812; x_wconf 77' lang='lat' dir='ltr'>cramenta</span> <span class='ocrx_word' id='word_1_113' title='bbox 458 768 686 815; x_wconf 73' lang='lat' dir='ltr'>omniagraris</span> <span class='ocrx_word' id='word_1_114' title='bbox 699 769 936 803; x_wconf 77' lang='lat' dir='ltr'>administraret</span> <span class='ocrx_word' id='word_1_115' title='bbox 947 793 955 805; x_wconf 73' lang='lat'><strong><em>,</em></strong></span> <span class='ocrx_word' id='word_1_116' title='bbox 983 767 1048 803; x_wconf 88' lang='lat' dir='ltr'>Rei</span> <span class='ocrx_word' id='word_1_117' title='bbox 1059 767 1171 803; x_wconf 89' lang='lat' dir='ltr'>seriem</span> 
     </span>
     <span class='ocr_line' id='line_1_17' title="bbox 113 817 1171 884; baseline -0.008 -25"><span class='ocrx_word' id='word_1_118' title='bbox 113 818 197 884; x_wconf 52' lang='grc' dir='ltr'>ῘῘΞΞ</span> <span class='ocrx_word' id='word_1_119' title='bbox 281 823 378 858; x_wconf 75' lang='lat' dir='ltr'>latius</span> <span class='ocrx_word' id='word_1_120' title='bbox 387 824 483 856; x_wconf 86' lang='lat' dir='ltr'>refert</span> <span class='ocrx_word' id='word_1_121' title='bbox 496 820 643 864; x_wconf 71' lang='lat' dir='ltr'>laudatus</span> <span class='ocrx_word' id='word_1_122' title='bbox 656 820 873 854; x_wconf 85' lang='lat' dir='ltr'>Guilielmus.</span> <span class='ocrx_word' id='word_1_123' title='bbox 902 819 947 852; x_wconf 89' lang='lat' dir='ltr'>Et</span> <span class='ocrx_word' id='word_1_124' title='bbox 960 817 1038 861; x_wconf 81' lang='lat' dir='ltr'>hinc</span> <span class='ocrx_word' id='word_1_125' title='bbox 1051 817 1171 852; x_wconf 85' lang='lat' dir='ltr'>Cathe-</span> 
     </span>
    </p>
   </div>
   <div class='ocr_carea' id='block_1_10' title="bbox 114 868 1175 3462">
    <p class='ocr_par' dir='ltr' id='par_1_10' title="bbox 114 868 1175 3462">
     <span class='ocr_line' id='line_1_18' title="bbox 279 868 1171 913; baseline -0.007 -5"><span class='ocrx_word' id='word_1_126' title='bbox 279 872 423 908; x_wconf 87' lang='lat' dir='ltr'>dralibus</span> <span class='ocrx_word' id='word_1_127' title='bbox 440 872 549 911; x_wconf 87' lang='lat' dir='ltr'>favens</span> <span class='ocrx_word' id='word_1_128' title='bbox 571 870 756 910; x_wconf 82' lang='lat' dir='ltr'>Richardus</span> <span class='ocrx_word' id='word_1_129' title='bbox 785 870 879 905; x_wconf 83' lang='lat' dir='ltr'>Prior</span> <span class='ocrx_word' id='word_1_130' title='bbox 900 868 1171 913; x_wconf 76' lang='lat' dir='ltr'>Hagustaldenfis</span> 
     </span>
     <span class='ocr_line' id='line_1_19' title="bbox 280 919 1171 966; baseline -0.007 -8"><span class='ocrx_word' id='word_1_131' title='bbox 280 925 453 966; x_wconf 83' lang='lat' dir='ltr'>adfirmat,</span> <span class='ocrx_word' id='word_1_132' title='bbox 465 922 553 966; x_wconf 89' lang='lat' dir='ltr'>quod</span> <span class='ocrx_word' id='word_1_133' title='bbox 569 921 691 966; x_wconf 84' lang='lat' dir='ltr'>Anglic</span> <span class='ocrx_word' id='word_1_134' title='bbox 702 946 709 953; x_wconf 94' lang='lat'><strong>.</strong></span> <span class='ocrx_word' id='word_1_135' title='bbox 723 921 870 961; x_wconf 80' lang='lat' dir='ltr'>Ecclefiae</span> <span class='ocrx_word' id='word_1_136' title='bbox 882 920 945 953; x_wconf 90' lang='lat' dir='ltr'>suis</span> <span class='ocrx_word' id='word_1_137' title='bbox 958 919 1171 963; x_wconf 68' lang='lat' dir='ltr'>Episcopis&amp;</span> 
     </span>
     <span class='ocr_line' id='line_1_20' title="bbox 279 967 1170 1018; baseline -0.006 -10"><span class='ocrx_word' id='word_1_138' title='bbox 279 975 423 1018; x_wconf 88' lang='lat' dir='ltr'>ipsorum</span> <span class='ocrx_word' id='word_1_139' title='bbox 435 971 714 1007; x_wconf 89' lang='lat' dir='ltr'>Archi-Diaconis</span> <span class='ocrx_word' id='word_1_140' title='bbox 734 969 876 1005; x_wconf 85' lang='lat' dir='ltr'>debeant</span> <span class='ocrx_word' id='word_1_141' title='bbox 894 981 956 1012; x_wconf 69' lang='lat' dir='ltr'>pro</span> <span class='ocrx_word' id='word_1_142' title='bbox 981 967 1170 1011; x_wconf 81' lang='lat' dir='ltr'>Chrismate</span> 
     </span>
     <span class='ocr_line' id='line_1_21' title="bbox 278 1020 1174 1069; baseline -0.007 -10"><span class='ocrx_word' id='word_1_143' title='bbox 278 1025 423 1068; x_wconf 80' lang='lat' dir='ltr'>aliquam</span> <span class='ocrx_word' id='word_1_144' title='bbox 435 1022 702 1057; x_wconf 84' lang='lat' dir='ltr'>consuetudinem</span> <span class='ocrx_word' id='word_1_145' title='bbox 716 1046 723 1054; x_wconf 91' lang='lat'>.</span> <span class='ocrx_word' id='word_1_146' title='bbox 752 1020 936 1069; x_wconf 81' lang='lat' dir='ltr'>Qospiam</span> <span class='ocrx_word' id='word_1_147' title='bbox 950 1030 1104 1054; x_wconf 89' lang='lat' dir='ltr'>nummos</span> <span class='ocrx_word' id='word_1_148' title='bbox 1123 1020 1174 1053; x_wconf 63' lang='lat' dir='ltr'>sor</span> 
     </span>
     <span class='ocr_line' id='line_1_22' title="bbox 114 1069 1170 1118; baseline -0.007 -8"><span class='ocrx_word' id='word_1_149' title='bbox 114 1082 148 1110; x_wconf 81' lang='lat'>1..</span> <span class='ocrx_word' id='word_1_150' title='bbox 161 1088 222 1114; x_wconf 49' lang='grc' dir='ltr'>με.</span> <span class='ocrx_word' id='word_1_151' title='bbox 237 1089 262 1117; x_wconf 84' lang='lat'>3·</span> <span class='ocrx_word' id='word_1_152' title='bbox 280 1075 344 1115; x_wconf 86' lang='lat' dir='ltr'>lere</span> <span class='ocrx_word' id='word_1_153' title='bbox 355 1074 445 1118; x_wconf 85' lang='lat' dir='ltr'>exigi</span> <span class='ocrx_word' id='word_1_154' title='bbox 459 1073 569 1114; x_wconf 80' lang='lat' dir='ltr'>scribit</span> <span class='ocrx_word' id='word_1_155' title='bbox 585 1072 756 1112; x_wconf 82' lang='lat' dir='ltr'>Gervafius</span> <span class='ocrx_word' id='word_1_156' title='bbox 780 1069 970 1105; x_wconf 85' lang='lat' dir='ltr'>Monachus</span> <span class='ocrx_word' id='word_1_157' title='bbox 993 1069 1170 1105; x_wconf 88' lang='lat' dir='ltr'>Cathedra-</span> 
     </span>
     <span class='ocr_line' id='line_1_23' title="bbox 115 1119 1168 1171; baseline -0.004 -15"><span class='ocrx_word' id='word_1_158' title='bbox 115 1122 151 1149; x_wconf 79' lang='lat' dir='ltr'>A·</span> <span class='ocrx_word' id='word_1_159' title='bbox 180 1129 261 1161; x_wconf 64' lang='lat'>³⁸75·</span> <span class='ocrx_word' id='word_1_160' title='bbox 278 1125 336 1158; x_wconf 85' lang='lat' dir='ltr'>lis.</span> <span class='ocrx_word' id='word_1_161' title='bbox 368 1123 470 1171; x_wconf 85' lang='lat' dir='ltr'>Qod</span> <span class='ocrx_word' id='word_1_162' title='bbox 500 1121 711 1163; x_wconf 82' lang='lat' dir='ltr'>Eboraceniis</span> <span class='ocrx_word' id='word_1_163' title='bbox 737 1121 927 1155; x_wconf 88' lang='lat' dir='ltr'>Dioeceseos</span> <span class='ocrx_word' id='word_1_164' title='bbox 959 1119 1168 1163; x_wconf 75' lang='lat' dir='ltr'>parochiales</span> 
     </span>
     <span class='ocr_line' id='line_1_24' title="bbox 278 1171 1169 1216; baseline -0.006 -8"><span class='ocrx_word' id='word_1_165' title='bbox 278 1174 426 1208; x_wconf 82' lang='lat' dir='ltr'>Ecclesiae</span> <span class='ocrx_word' id='word_1_166' title='bbox 440 1175 610 1216; x_wconf 86' lang='lat' dir='ltr'>septenos,</span> <span class='ocrx_word' id='word_1_167' title='bbox 623 1172 765 1215; x_wconf 82' lang='lat' dir='ltr'>Capellae</span> <span class='ocrx_word' id='word_1_168' title='bbox 775 1181 916 1214; x_wconf 81' lang='lat' dir='ltr'>quatuor</span> <span class='ocrx_word' id='word_1_169' title='bbox 926 1171 1080 1211; x_wconf 73' lang='lat' dir='ltr'>denarios</span> <span class='ocrx_word' id='word_1_170' title='bbox 1093 1181 1169 1213; x_wconf 89' lang='lat' dir='ltr'>pen·</span> 
     </span>
     <span class='ocr_line' id='line_1_25' title="bbox 278 1219 1169 1265; baseline -0.007 -7"><span class='ocrx_word' id='word_1_171' title='bbox 278 1224 392 1259; x_wconf 88' lang='lat' dir='ltr'>derent</span> <span class='ocrx_word' id='word_1_172' title='bbox 404 1248 416 1264; x_wconf 93' lang='lat'><strong>,</strong></span> <span class='ocrx_word' id='word_1_173' title='bbox 435 1223 570 1260; x_wconf 83' lang='lat' dir='ltr'>testatur</span> <span class='ocrx_word' id='word_1_174' title='bbox 592 1223 626 1256; x_wconf 91' lang='lat' dir='ltr'>in</span> <span class='ocrx_word' id='word_1_175' title='bbox 639 1233 736 1265; x_wconf 86' lang='lat' dir='ltr'>opere</span> <span class='ocrx_word' id='word_1_176' title='bbox 748 1220 789 1256; x_wconf 89' lang='lat' dir='ltr'>de</span> <span class='ocrx_word' id='word_1_177' title='bbox 803 1220 1062 1261; x_wconf 74' lang='lat' dir='ltr'>Eboracensibus</span> <span class='ocrx_word' id='word_1_178' title='bbox 1079 1219 1169 1262; x_wconf 83' lang='lat' dir='ltr'>Epis-</span> 
     </span>
     <span class='ocr_line' id='line_1_26' title="bbox 278 1268 1168 1318; baseline -0.007 -9"><span class='ocrx_word' id='word_1_179' title='bbox 278 1275 372 1318; x_wconf 88' lang='lat' dir='ltr'>copis</span> <span class='ocrx_word' id='word_1_180' title='bbox 384 1273 537 1315; x_wconf 84' lang='lat' dir='ltr'>Thomas</span> <span class='ocrx_word' id='word_1_181' title='bbox 547 1272 661 1312; x_wconf 82' lang='lat' dir='ltr'>stubs,</span> <span class='ocrx_word' id='word_1_182' title='bbox 673 1272 808 1307; x_wconf 88' lang='lat' dir='ltr'>laudans</span> <span class='ocrx_word' id='word_1_183' title='bbox 819 1272 1017 1312; x_wconf 88' lang='lat' dir='ltr'>Turstinum</span> <span class='ocrx_word' id='word_1_184' title='bbox 1032 1268 1168 1304; x_wconf 87' lang='lat' dir='ltr'>Archie-</span> 
     </span>
     <span class='ocr_line' id='line_1_27' title="bbox 277 1319 1165 1370; baseline -0.006 -12"><span class='ocrx_word' id='word_1_185' title='bbox 277 1325 446 1367; x_wconf 82' lang='lat' dir='ltr'>piscopum</span> <span class='ocrx_word' id='word_1_186' title='bbox 460 1347 471 1364; x_wconf 92' lang='lat'>‚</span> <span class='ocrx_word' id='word_1_187' title='bbox 492 1322 549 1366; x_wconf 91' lang='lat' dir='ltr'>qui</span> <span class='ocrx_word' id='word_1_188' title='bbox 570 1322 671 1363; x_wconf 81' lang='lat' dir='ltr'>cosin</span> <span class='ocrx_word' id='word_1_189' title='bbox 682 1331 875 1370; x_wconf 85' lang='lat' dir='ltr'>perpetuum</span> <span class='ocrx_word' id='word_1_190' title='bbox 890 1321 1012 1355; x_wconf 81' lang='lat' dir='ltr'>remifit</span> <span class='ocrx_word' id='word_1_191' title='bbox 1024 1345 1032 1353; x_wconf 90' lang='lat'><strong>.</strong></span> <span class='ocrx_word' id='word_1_192' title='bbox 1059 1320 1128 1354; x_wconf 87' lang='lat' dir='ltr'>Eos</span> <span class='ocrx_word' id='word_1_193' title='bbox 1148 1319 1165 1353; x_wconf 71' lang='lat' dir='ltr'>a</span> 
     </span>
     <span class='ocr_line' id='line_1_28' title="bbox 277 1369 1166 1414; baseline -0.004 -7"><span class='ocrx_word' id='word_1_194' title='bbox 277 1373 447 1407; x_wconf 84' lang='lat' dir='ltr'>Richardo</span> <span class='ocrx_word' id='word_1_195' title='bbox 488 1371 713 1410; x_wconf 82' lang='lat' dir='ltr'>Cantuarienfi</span> <span class='ocrx_word' id='word_1_196' title='bbox 743 1370 1003 1414; x_wconf 84' lang='lat' dir='ltr'>Archiepiscopo</span> <span class='ocrx_word' id='word_1_197' title='bbox 1022 1395 1033 1413; x_wconf 93' lang='lat'>‚</span> <span class='ocrx_word' id='word_1_198' title='bbox 1061 1369 1166 1404; x_wconf 73' lang='lat' dir='ltr'>Sanffi</span> 
     </span>
     <span class='ocr_line' id='line_1_29' title="bbox 277 1420 1165 1465; baseline -0.002 -10"><span class='ocrx_word' id='word_1_199' title='bbox 277 1422 421 1464; x_wconf 82' lang='lat' dir='ltr'>Thomae</span> <span class='ocrx_word' id='word_1_200' title='bbox 438 1421 592 1465; x_wconf 84' lang='lat' dir='ltr'>proximo</span> <span class='ocrx_word' id='word_1_201' title='bbox 620 1421 815 1462; x_wconf 67' lang='lat' dir='ltr'>successore,</span> <span class='ocrx_word' id='word_1_202' title='bbox 841 1421 934 1455; x_wconf 81' lang='lat' dir='ltr'>fuiffe</span> <span class='ocrx_word' id='word_1_203' title='bbox 957 1421 998 1455; x_wconf 90' lang='lat' dir='ltr'>de</span> <span class='ocrx_word' id='word_1_204' title='bbox 1017 1420 1165 1455; x_wconf 89' lang='lat' dir='ltr'>Simonia</span> 
     </span>
     <span class='ocr_line' id='line_1_30' title="bbox 276 1469 1167 1513; baseline -0.004 -6"><span class='ocrx_word' id='word_1_205' title='bbox 276 1474 450 1507; x_wconf 84' lang='lat' dir='ltr'>damnatos</span> <span class='ocrx_word' id='word_1_206' title='bbox 461 1469 553 1505; x_wconf 89' lang='lat' dir='ltr'>addit</span> <span class='ocrx_word' id='word_1_207' title='bbox 567 1469 716 1511; x_wconf 87' lang='lat' dir='ltr'>laudatus</span> <span class='ocrx_word' id='word_1_208' title='bbox 730 1470 900 1507; x_wconf 85' lang='lat' dir='ltr'>Gervafius</span> <span class='ocrx_word' id='word_1_209' title='bbox 911 1494 922 1510; x_wconf 92' lang='lat'>‚</span> <span class='ocrx_word' id='word_1_210' title='bbox 931 1470 1063 1513; x_wconf 74' lang='lat' dir='ltr'>ejusque</span> <span class='ocrx_word' id='word_1_211' title='bbox 1076 1469 1167 1504; x_wconf 90' lang='lat' dir='ltr'>Lon-</span> 
     </span>
     <span class='ocr_line' id='line_1_31' title="bbox 195 1519 1165 1563; baseline -0.005 -6"><span class='ocrx_word' id='word_1_212' title='bbox 195 1554 205 1563; x_wconf 65' lang='lat'><em>„</em></span> <span class='ocrx_word' id='word_1_213' title='bbox 276 1522 448 1558; x_wconf 82' lang='lat' dir='ltr'>dinensem</span> <span class='ocrx_word' id='word_1_214' title='bbox 460 1522 634 1556; x_wconf 87' lang='lat' dir='ltr'>Canonem</span> <span class='ocrx_word' id='word_1_215' title='bbox 648 1519 742 1559; x_wconf 83' lang='lat' dir='ltr'>refert</span> <span class='ocrx_word' id='word_1_216' title='bbox 766 1519 918 1563; x_wconf 88' lang='lat' dir='ltr'>Rogerus</span> <span class='ocrx_word' id='word_1_217' title='bbox 939 1519 1165 1555; x_wconf 80' lang='lat' dir='ltr'>Hovedenfis:</span> 
     </span>
     <span class='ocr_line' id='line_1_32' title="bbox 195 1564 1166 1616; baseline -0.002 -12"><span class='ocrx_word' id='word_1_218' title='bbox 195 1564 218 1580; x_wconf 76' lang='lat'>&#39;&#39;</span> <span class='ocrx_word' id='word_1_219' title='bbox 277 1573 398 1606; x_wconf 59' lang='lat' dir='ltr'>Didum</span> <span class='ocrx_word' id='word_1_220' title='bbox 409 1571 447 1613; x_wconf 86' lang='lat' dir='ltr'>est</span> <span class='ocrx_word' id='word_1_221' title='bbox 455 1570 547 1614; x_wconf 85' lang='lat' dir='ltr'>solere</span> <span class='ocrx_word' id='word_1_222' title='bbox 563 1575 596 1604; x_wconf 86' lang='lat' dir='ltr'>in</span> <span class='ocrx_word' id='word_1_223' title='bbox 619 1568 796 1613; x_wconf 80' lang='lat' dir='ltr'>quibusdam</span> <span class='ocrx_word' id='word_1_224' title='bbox 817 1571 884 1602; x_wconf 82' lang='lat' dir='ltr'>locis</span> <span class='ocrx_word' id='word_1_225' title='bbox 903 1577 962 1611; x_wconf 83' lang='lat' dir='ltr'>pro</span> <span class='ocrx_word' id='word_1_226' title='bbox 976 1575 1166 1616; x_wconf 77' lang='lat' dir='ltr'>perceptione</span> 
     </span>
     <span class='ocr_line' id='line_1_33' title="bbox 279 1617 1162 1666; baseline -0.006 -9"><span class='ocrx_word' id='word_1_227' title='bbox 279 1621 459 1666; x_wconf 82' lang='lat' dir='ltr'>chrismatis</span> <span class='ocrx_word' id='word_1_228' title='bbox 487 1632 620 1655; x_wconf 86' lang='lat' dir='ltr'>nummos</span> <span class='ocrx_word' id='word_1_229' title='bbox 641 1621 726 1653; x_wconf 81' lang='lat' dir='ltr'>dari.</span> <span class='ocrx_word' id='word_1_230' title='bbox 757 1617 908 1653; x_wconf 85' lang='lat' dir='ltr'>Damnat</span> <span class='ocrx_word' id='word_1_231' title='bbox 922 1629 957 1653; x_wconf 89' lang='lat' dir='ltr'>ut</span> <span class='ocrx_word' id='word_1_232' title='bbox 980 1619 1162 1654; x_wconf 77' lang='lat' dir='ltr'>simoniam</span> 
     </span>
     <span class='ocr_line' id='line_1_34' title="bbox 277 1668 1165 1717; baseline -0.006 -10"><span class='ocrx_word' id='word_1_233' title='bbox 277 1673 336 1707; x_wconf 84' lang='lat' dir='ltr'>sub</span> <span class='ocrx_word' id='word_1_234' title='bbox 349 1670 556 1707; x_wconf 82' lang='lat' dir='ltr'>anathemate</span> <span class='ocrx_word' id='word_1_235' title='bbox 567 1697 574 1704; x_wconf 94' lang='lat'><strong>.</strong></span> <span class='ocrx_word' id='word_1_236' title='bbox 603 1671 707 1717; x_wconf 79' lang='lat' dir='ltr'>Quod</span> <span class='ocrx_word' id='word_1_237' title='bbox 720 1671 826 1713; x_wconf 85' lang='lat' dir='ltr'>ipsum</span> <span class='ocrx_word' id='word_1_238' title='bbox 837 1668 1027 1714; x_wconf 72' lang='lat' dir='ltr'>rigidiffime</span> <span class='ocrx_word' id='word_1_239' title='bbox 1048 1669 1165 1703; x_wconf 84' lang='lat' dir='ltr'>confir·</span> 
     </span>
     <span class='ocr_line' id='line_1_35' title="bbox 276 1718 1166 1765; baseline -0.007 -8"><span class='ocrx_word' id='word_1_240' title='bbox 276 1724 380 1758; x_wconf 83' lang='lat' dir='ltr'>mavit</span> <span class='ocrx_word' id='word_1_241' title='bbox 401 1722 568 1756; x_wconf 86' lang='lat' dir='ltr'>Hubertus</span> <span class='ocrx_word' id='word_1_242' title='bbox 590 1719 866 1765; x_wconf 78' lang='lat' dir='ltr'>Archiepiscopus</span> <span class='ocrx_word' id='word_1_243' title='bbox 891 1743 903 1759; x_wconf 88' lang='lat'>,</span> <span class='ocrx_word' id='word_1_244' title='bbox 939 1719 1029 1762; x_wconf 82' lang='lat' dir='ltr'>cujus</span> <span class='ocrx_word' id='word_1_245' title='bbox 1055 1718 1166 1752; x_wconf 87' lang='lat' dir='ltr'>Cano·</span> 
     </span>
     <span class='ocr_line' id='line_1_36' title="bbox 277 1765 1165 1815; baseline -0.005 -8"><span class='ocrx_word' id='word_1_246' title='bbox 277 1785 353 1808; x_wconf 88' lang='lat' dir='ltr'>nem</span> <span class='ocrx_word' id='word_1_247' title='bbox 364 1773 437 1807; x_wconf 89' lang='lat' dir='ltr'>vide</span> <span class='ocrx_word' id='word_1_248' title='bbox 463 1771 548 1815; x_wconf 86' lang='lat' dir='ltr'>apud</span> <span class='ocrx_word' id='word_1_249' title='bbox 570 1770 713 1810; x_wconf 83' lang='lat' dir='ltr'>eundem</span> <span class='ocrx_word' id='word_1_250' title='bbox 734 1765 904 1813; x_wconf 80' lang='lat' dir='ltr'>Rogerum</span> <span class='ocrx_word' id='word_1_251' title='bbox 917 1794 924 1801; x_wconf 90' lang='lat'><strong>.</strong></span> <span class='ocrx_word' id='word_1_252' title='bbox 952 1769 1165 1803; x_wconf 87' lang='lat' dir='ltr'>Damnarunt</span> 
     </span>
     <span class='ocr_line' id='line_1_37' title="bbox 276 1818 1166 1868; baseline -0.004 -12"><span class='ocrx_word' id='word_1_253' title='bbox 276 1825 353 1858; x_wconf 82' lang='lat' dir='ltr'>item</span> <span class='ocrx_word' id='word_1_254' title='bbox 369 1824 510 1868; x_wconf 86' lang='lat' dir='ltr'>Joannes</span> <span class='ocrx_word' id='word_1_255' title='bbox 519 1822 560 1862; x_wconf 87' lang='lat' dir='ltr'>de</span> <span class='ocrx_word' id='word_1_256' title='bbox 570 1821 689 1863; x_wconf 78' lang='lat' dir='ltr'>Crema</span> <span class='ocrx_word' id='word_1_257' title='bbox 702 1844 713 1860; x_wconf 92' lang='lat'>‚</span> <span class='ocrx_word' id='word_1_258' title='bbox 740 1818 927 1855; x_wconf 86' lang='lat' dir='ltr'>Cardinalis</span> <span class='ocrx_word' id='word_1_259' title='bbox 940 1819 1084 1863; x_wconf 87' lang='lat' dir='ltr'>Legatus</span> <span class='ocrx_word' id='word_1_260' title='bbox 1094 1820 1166 1852; x_wconf 91' lang='lat' dir='ltr'>Ho-</span> 
     </span>
     <span class='ocr_line' id='line_1_38' title="bbox 276 1869 1165 1915; baseline -0.007 -6"><span class='ocrx_word' id='word_1_261' title='bbox 276 1874 361 1909; x_wconf 89' lang='lat' dir='ltr'>norii</span> <span class='ocrx_word' id='word_1_262' title='bbox 385 1872 518 1912; x_wconf 78' lang='lat' dir='ltr'>secundi</span> <span class='ocrx_word' id='word_1_263' title='bbox 531 1873 564 1906; x_wconf 89' lang='lat' dir='ltr'>in</span> <span class='ocrx_word' id='word_1_264' title='bbox 577 1870 715 1915; x_wconf 88' lang='lat' dir='ltr'>Synodo</span> <span class='ocrx_word' id='word_1_265' title='bbox 726 1869 929 1905; x_wconf 89' lang='lat' dir='ltr'>Londinenfi</span> <span class='ocrx_word' id='word_1_266' title='bbox 944 1894 954 1910; x_wconf 89' lang='lat'><strong>,</strong></span> <span class='ocrx_word' id='word_1_267' title='bbox 981 1870 1058 1904; x_wconf 88' lang='lat' dir='ltr'>&amp;in</span> <span class='ocrx_word' id='word_1_268' title='bbox 1072 1870 1165 1903; x_wconf 87' lang='lat' dir='ltr'>Oxo-</span> 
     </span>
     <span class='ocr_line' id='line_1_39' title="bbox 275 1917 1167 1966; baseline -0.008 -7"><span class='ocrx_word' id='word_1_269' title='bbox 275 1924 378 1959; x_wconf 85' lang='lat' dir='ltr'>nienfi</span> <span class='ocrx_word' id='word_1_270' title='bbox 401 1921 583 1966; x_wconf 85' lang='lat' dir='ltr'>Stephanus</span> <span class='ocrx_word' id='word_1_271' title='bbox 608 1917 881 1964; x_wconf 81' lang='lat' dir='ltr'>Archiepiscopus</span> <span class='ocrx_word' id='word_1_272' title='bbox 907 1919 1167 1958; x_wconf 85' lang='lat' dir='ltr'>Cantuarienfis‚</span> 
     </span>
     <span class='ocr_line' id='line_1_40' title="bbox 273 1969 1166 2011; baseline -0.008 -2"><span class='ocrx_word' id='word_1_273' title='bbox 273 1974 399 2009; x_wconf 84' lang='lat' dir='ltr'>addens</span> <span class='ocrx_word' id='word_1_274' title='bbox 408 1972 614 2008; x_wconf 66' lang='lat' dir='ltr'>exactionem</span> <span class='ocrx_word' id='word_1_275' title='bbox 628 1970 714 2005; x_wconf 89' lang='lat' dir='ltr'>hanc</span> <span class='ocrx_word' id='word_1_276' title='bbox 736 1971 799 2005; x_wconf 78' lang='lat' dir='ltr'>effe</span> <span class='ocrx_word' id='word_1_277' title='bbox 817 1980 886 2004; x_wconf 87' lang='lat' dir='ltr'>rem</span> <span class='ocrx_word' id='word_1_278' title='bbox 910 1969 1080 2004; x_wconf 82' lang='lat' dir='ltr'>absurdam</span> <span class='ocrx_word' id='word_1_279' title='bbox 1095 1994 1106 2010; x_wconf 90' lang='lat'>,</span> <span class='ocrx_word' id='word_1_280' title='bbox 1132 1970 1166 2011; x_wconf 73' lang='grc' dir='ltr'>ὅς</span> 
     </span>
     <span class='ocr_line' id='line_1_41' title="bbox 273 2023 666 2071; baseline -0.015 -11"><span class='ocrx_word' id='word_1_281' title='bbox 273 2026 341 2071; x_wconf 83' lang='lat' dir='ltr'>jam</span> <span class='ocrx_word' id='word_1_282' title='bbox 353 2024 450 2059; x_wconf 89' lang='lat' dir='ltr'>toties</span> <span class='ocrx_word' id='word_1_283' title='bbox 460 2023 647 2057; x_wconf 83' lang='lat' dir='ltr'>damnatam</span> <span class='ocrx_word' id='word_1_284' title='bbox 659 2046 666 2054; x_wconf 91' lang='lat'><strong>.</strong></span> 
     </span>
     <span class='ocr_line' id='line_1_42' title="bbox 326 2070 1166 2114; baseline -0.008 -5"><span class='ocrx_word' id='word_1_285' title='bbox 326 2074 479 2109; x_wconf 83' lang='lat' dir='ltr'>Abusum</span> <span class='ocrx_word' id='word_1_286' title='bbox 496 2075 528 2107; x_wconf 91' lang='lat' dir='ltr'>in</span> <span class='ocrx_word' id='word_1_287' title='bbox 545 2072 697 2108; x_wconf 76' lang='lat' dir='ltr'>Romana</span> <span class='ocrx_word' id='word_1_288' title='bbox 710 2071 807 2105; x_wconf 87' lang='lat' dir='ltr'>etiam</span> <span class='ocrx_word' id='word_1_289' title='bbox 822 2071 963 2107; x_wconf 77' lang='lat' dir='ltr'>Ecclefia</span> <span class='ocrx_word' id='word_1_290' title='bbox 979 2070 1072 2103; x_wconf 74' lang='lat' dir='ltr'>fuisse</span> <span class='ocrx_word' id='word_1_291' title='bbox 1082 2071 1166 2114; x_wconf 85' lang='lat' dir='ltr'>gras-</span> 
     </span>
     <span class='ocr_line' id='line_1_43' title="bbox 276 2118 1167 2162; baseline -0.008 -4"><span class='ocrx_word' id='word_1_292' title='bbox 276 2126 383 2159; x_wconf 76' lang='lat' dir='ltr'>satum</span> <span class='ocrx_word' id='word_1_293' title='bbox 407 2123 581 2161; x_wconf 80' lang='lat' dir='ltr'>adfirmant</span> <span class='ocrx_word' id='word_1_294' title='bbox 607 2121 711 2161; x_wconf 76' lang='lat' dir='ltr'>Graeci</span> <span class='ocrx_word' id='word_1_295' title='bbox 735 2119 962 2160; x_wconf 88' lang='lat' dir='ltr'>Schismatici,</span> <span class='ocrx_word' id='word_1_296' title='bbox 988 2120 1030 2153; x_wconf 91' lang='lat' dir='ltr'>de</span> <span class='ocrx_word' id='word_1_297' title='bbox 1050 2118 1167 2162; x_wconf 87' lang='lat' dir='ltr'>quibus</span> 
     </span>
     <span class='ocr_line' id='line_1_44' title="bbox 276 2169 1167 2219; baseline -0.008 -10"><span class='ocrx_word' id='word_1_298' title='bbox 276 2174 442 2219; x_wconf 82' lang='lat' dir='ltr'>incogniti</span> <span class='ocrx_word' id='word_1_299' title='bbox 456 2172 615 2211; x_wconf 57' lang='lat' dir='ltr'>Auctoris</span> <span class='ocrx_word' id='word_1_300' title='bbox 627 2172 800 2205; x_wconf 68' lang='lat' dir='ltr'>Tranatus</span> <span class='ocrx_word' id='word_1_301' title='bbox 813 2181 957 2214; x_wconf 80' lang='lat' dir='ltr'>repertus</span> <span class='ocrx_word' id='word_1_302' title='bbox 977 2169 1167 2206; x_wconf 82' lang='lat' dir='ltr'>Constanti-</span> 
     </span>
     <span class='ocr_line' id='line_1_45' title="bbox 280 2220 1167 2267; baseline -0.008 -9"><span class='ocrx_word' id='word_1_303' title='bbox 280 2225 394 2267; x_wconf 84' lang='lat' dir='ltr'>nopoli</span> <span class='ocrx_word' id='word_1_304' title='bbox 409 2224 442 2256; x_wconf 89' lang='lat' dir='ltr'>in</span> <span class='ocrx_word' id='word_1_305' title='bbox 459 2224 637 2257; x_wconf 89' lang='lat' dir='ltr'>Conventu</span> <span class='ocrx_word' id='word_1_306' title='bbox 652 2221 785 2258; x_wconf 81' lang='lat' dir='ltr'>Parrum</span> <span class='ocrx_word' id='word_1_307' title='bbox 797 2220 1050 2258; x_wconf 79' lang='lat' dir='ltr'>Praedicatorum</span> <span class='ocrx_word' id='word_1_308' title='bbox 1064 2232 1071 2252; x_wconf 74' lang='grc' dir='ltr'>ε</span> <span class='ocrx_word' id='word_1_309' title='bbox 1099 2221 1167 2252; x_wconf 89' lang='lat' dir='ltr'>Ter-</span> 
     </span>
     <span class='ocr_line' id='line_1_46' title="bbox 279 2270 1168 2317; baseline -0.008 -9"><span class='ocrx_word' id='word_1_310' title='bbox 279 2282 326 2308; x_wconf 87' lang='lat' dir='ltr'>tia</span> <span class='ocrx_word' id='word_1_311' title='bbox 332 2272 502 2317; x_wconf 75' lang='lat' dir='ltr'>schismatis</span> <span class='ocrx_word' id='word_1_312' title='bbox 515 2271 613 2314; x_wconf 85' lang='lat' dir='ltr'>occafio</span> <span class='ocrx_word' id='word_1_313' title='bbox 618 2271 685 2312; x_wconf 83' lang='lat' dir='ltr'>fuit</span> <span class='ocrx_word' id='word_1_314' title='bbox 700 2295 710 2311; x_wconf 89' lang='lat'><strong>,</strong></span> <span class='ocrx_word' id='word_1_315' title='bbox 732 2283 822 2316; x_wconf 87' lang='lat' dir='ltr'>quam</span> <span class='ocrx_word' id='word_1_316' title='bbox 838 2274 936 2303; x_wconf 61' lang='lat' dir='ltr'>Graeci</span> <span class='ocrx_word' id='word_1_317' title='bbox 949 2270 1112 2312; x_wconf 81' lang='lat' dir='ltr'>aliquando</span> <span class='ocrx_word' id='word_1_318' title='bbox 1122 2280 1168 2302; x_wconf 92' lang='lat' dir='ltr'>no-</span> 
     </span>
     <span class='ocr_line' id='line_1_47' title="bbox 282 2317 1169 2365; baseline -0.009 -8"><span class='ocrx_word' id='word_1_319' title='bbox 282 2325 329 2357; x_wconf 87' lang='lat' dir='ltr'>bis</span> <span class='ocrx_word' id='word_1_320' title='bbox 343 2330 375 2357; x_wconf 82' lang='lat' dir='ltr'>in</span> <span class='ocrx_word' id='word_1_321' title='bbox 381 2323 537 2365; x_wconf 82' lang='lat' dir='ltr'>familiari</span> <span class='ocrx_word' id='word_1_322' title='bbox 560 2322 694 2363; x_wconf 82' lang='lat' dir='ltr'>colloquio</span> <span class='ocrx_word' id='word_1_323' title='bbox 715 2320 970 2363; x_wconf 79' lang='lat' dir='ltr'>adfignaverunt,</span> <span class='ocrx_word' id='word_1_324' title='bbox 992 2318 1105 2362; x_wconf 78' lang='lat' dir='ltr'>ftilicet</span> <span class='ocrx_word' id='word_1_325' title='bbox 1121 2317 1169 2362; x_wconf 83' lang='lat' dir='ltr'>su.-</span> 
     </span>
     <span class='ocr_line' id='line_1_48' title="bbox 278 2368 1170 2417; baseline -0.008 -10"><span class='ocrx_word' id='word_1_326' title='bbox 278 2374 375 2417; x_wconf 84' lang='lat' dir='ltr'>perba</span> <span class='ocrx_word' id='word_1_327' title='bbox 402 2379 493 2406; x_wconf 84' lang='lat' dir='ltr'>nimis</span> <span class='ocrx_word' id='word_1_328' title='bbox 519 2372 634 2406; x_wconf 71' lang='lat' dir='ltr'>exactio</span> <span class='ocrx_word' id='word_1_329' title='bbox 662 2374 837 2414; x_wconf 78' lang='lat' dir='ltr'>Legatorum</span> <span class='ocrx_word' id='word_1_330' title='bbox 865 2372 960 2411; x_wconf 86' lang='lat' dir='ltr'>Papae</span> <span class='ocrx_word' id='word_1_331' title='bbox 978 2394 984 2400; x_wconf 90' lang='lat'><strong><em>.</em></strong></span> <span class='ocrx_word' id='word_1_332' title='bbox 1023 2368 1170 2402; x_wconf 83' lang='lat' dir='ltr'>Dicebant</span> 
     </span>
     <span class='ocr_line' id='line_1_49' title="bbox 284 2420 1169 2466; baseline -0.006 -10"><span class='ocrx_word' id='word_1_333' title='bbox 284 2435 408 2466; x_wconf 80' lang='lat' dir='ltr'>namque</span> <span class='ocrx_word' id='word_1_334' title='bbox 420 2423 582 2465; x_wconf 85' lang='lat' dir='ltr'>referentes</span> <span class='ocrx_word' id='word_1_335' title='bbox 592 2446 603 2461; x_wconf 95' lang='lat'>‚</span> <span class='ocrx_word' id='word_1_336' title='bbox 630 2421 710 2463; x_wconf 88' lang='lat' dir='ltr'>quod</span> <span class='ocrx_word' id='word_1_337' title='bbox 720 2420 837 2462; x_wconf 85' lang='lat' dir='ltr'>quando</span> <span class='ocrx_word' id='word_1_338' title='bbox 848 2423 955 2463; x_wconf 85' lang='lat' dir='ltr'>Legati</span> <span class='ocrx_word' id='word_1_339' title='bbox 967 2421 1078 2451; x_wconf 74' lang='lat' dir='ltr'>Summi</span> <span class='ocrx_word' id='word_1_340' title='bbox 1095 2421 1169 2452; x_wconf 88' lang='lat' dir='ltr'>Pon-</span> 
     </span>
     <span class='ocr_line' id='line_1_50' title="bbox 285 2465 1169 2515; baseline -0.005 -9"><span class='ocrx_word' id='word_1_341' title='bbox 285 2474 371 2515; x_wconf 79' lang='lat' dir='ltr'>tificis</span> <span class='ocrx_word' id='word_1_342' title='bbox 385 2472 499 2515; x_wconf 82' lang='lat' dir='ltr'>abipsa</span> <span class='ocrx_word' id='word_1_343' title='bbox 510 2473 584 2507; x_wconf 78' lang='lat' dir='ltr'>Sede</span> <span class='ocrx_word' id='word_1_344' title='bbox 595 2465 754 2513; x_wconf 74' lang='lat' dir='ltr'>Apostolica</span> <span class='ocrx_word' id='word_1_345' title='bbox 774 2475 932 2507; x_wconf 74' lang='lat' dir='ltr'>annuatim</span> <span class='ocrx_word' id='word_1_346' title='bbox 955 2466 1097 2512; x_wconf 78' lang='lat' dir='ltr'>chrisma</span> <span class='ocrx_word' id='word_1_347' title='bbox 1120 2470 1169 2502; x_wconf 80' lang='lat' dir='ltr'>de-</span> 
     </span>
     <span class='ocr_line' id='line_1_51' title="bbox 281 2519 1169 2565; baseline -0.006 -9"><span class='ocrx_word' id='word_1_348' title='bbox 281 2523 446 2565; x_wconf 81' lang='lat' dir='ltr'>ferebant,</span> <span class='ocrx_word' id='word_1_349' title='bbox 471 2522 677 2564; x_wconf 68' lang='lat' dir='ltr'>niiolloginta</span> <span class='ocrx_word' id='word_1_350' title='bbox 688 2521 781 2552; x_wconf 77' lang='lat' dir='ltr'>libras</span> <span class='ocrx_word' id='word_1_351' title='bbox 794 2526 859 2554; x_wconf 81' lang='lat' dir='ltr'>auri</span> <span class='ocrx_word' id='word_1_352' title='bbox 886 2521 906 2552; x_wconf 77' lang='grc' dir='ltr'><em>ἂ</em></span> <span class='ocrx_word' id='word_1_353' title='bbox 928 2520 1012 2551; x_wconf 82' lang='lat' dir='ltr'>clero</span> <span class='ocrx_word' id='word_1_354' title='bbox 1030 2520 1065 2552; x_wconf 68' lang='lat'>(⁴5</span> <span class='ocrx_word' id='word_1_355' title='bbox 1087 2519 1169 2552; x_wconf 86' lang='lat' dir='ltr'>urbis</span> 
     </span>
     <span class='ocr_line' id='line_1_52' title="bbox 284 2567 1171 2615; baseline -0.006 -10"><span class='ocrx_word' id='word_1_356' title='bbox 284 2573 392 2615; x_wconf 72' lang='lat' dir='ltr'>populo</span> <span class='ocrx_word' id='word_1_357' title='bbox 406 2596 416 2611; x_wconf 90' lang='lat'>‚</span> <span class='ocrx_word' id='word_1_358' title='bbox 439 2580 554 2613; x_wconf 78' lang='lat' dir='ltr'>praeter</span> <span class='ocrx_word' id='word_1_359' title='bbox 565 2578 626 2603; x_wconf 82' lang='lat' dir='ltr'>alia</span> <span class='ocrx_word' id='word_1_360' title='bbox 635 2570 713 2601; x_wconf 82' lang='lat' dir='ltr'>dona</span> <span class='ocrx_word' id='word_1_361' title='bbox 725 2571 759 2603; x_wconf 55' lang='grc' dir='ltr'>(θ’</span> <span class='ocrx_word' id='word_1_362' title='bbox 772 2567 941 2611; x_wconf 86' lang='lat' dir='ltr'>munuscula</span> <span class='ocrx_word' id='word_1_363' title='bbox 953 2593 963 2608; x_wconf 92' lang='lat'>,</span> <span class='ocrx_word' id='word_1_364' title='bbox 988 2567 1096 2611; x_wconf 81' lang='lat' dir='ltr'>eisdem</span> <span class='ocrx_word' id='word_1_365' title='bbox 1120 2575 1171 2601; x_wconf 86' lang='lat' dir='ltr'>im-</span> 
     </span>
     <span class='ocr_line' id='line_1_53' title="bbox 283 2619 1169 2665; baseline -0.007 -9"><span class='ocrx_word' id='word_1_366' title='bbox 283 2623 502 2665; x_wconf 75' lang='lat' dir='ltr'>penderentur,</span> <span class='ocrx_word' id='word_1_367' title='bbox 532 2632 589 2653; x_wconf 88' lang='lat' dir='ltr'>non</span> <span class='ocrx_word' id='word_1_368' title='bbox 599 2619 790 2652; x_wconf 80' lang='lat' dir='ltr'>recedebant.</span> <span class='ocrx_word' id='word_1_369' title='bbox 804 2622 896 2651; x_wconf 81' lang='lat' dir='ltr'>Taceo</span> <span class='ocrx_word' id='word_1_370' title='bbox 908 2630 993 2665; x_wconf 79' lang='lat' dir='ltr'>agere</span> <span class='ocrx_word' id='word_1_371' title='bbox 1005 2642 1015 2657; x_wconf 91' lang='lat'>,</span> <span class='ocrx_word' id='word_1_372' title='bbox 1026 2619 1149 2660; x_wconf 80' lang='lat' dir='ltr'>ajebant</span> <span class='ocrx_word' id='word_1_373' title='bbox 1160 2643 1169 2658; x_wconf 91' lang='lat'>,</span> 
     </span>
     <span class='ocr_line' id='line_1_54' title="bbox 289 2668 1171 2714; baseline -0.005 -9"><span class='ocrx_word' id='word_1_374' title='bbox 289 2674 325 2706; x_wconf 82' lang='lat' dir='ltr'>de</span> <span class='ocrx_word' id='word_1_375' title='bbox 330 2680 441 2714; x_wconf 85' lang='lat' dir='ltr'>pompa</span> <span class='ocrx_word' id='word_1_376' title='bbox 466 2673 500 2709; x_wconf 70' lang='lat'>&lt;9⁹</span> <span class='ocrx_word' id='word_1_377' title='bbox 520 2669 680 2713; x_wconf 85' lang='lat' dir='ltr'>superbia,</span> <span class='ocrx_word' id='word_1_378' title='bbox 705 2680 797 2710; x_wconf 89' lang='lat' dir='ltr'>quam</span> <span class='ocrx_word' id='word_1_379' title='bbox 820 2668 876 2711; x_wconf 85' lang='lat' dir='ltr'>ipfi</span> <span class='ocrx_word' id='word_1_380' title='bbox 890 2668 1095 2708; x_wconf 68' lang='lat' dir='ltr'>ostendebant.</span> <span class='ocrx_word' id='word_1_381' title='bbox 1124 2669 1171 2702; x_wconf 88' lang='lat' dir='ltr'>At</span> 
     </span>
     <span class='ocr_line' id='line_1_55' title="bbox 291 2716 1172 2761; baseline -0.005 -5"><span class='ocrx_word' id='word_1_382' title='bbox 291 2718 417 2756; x_wconf 86' lang='lat' dir='ltr'>certum</span> <span class='ocrx_word' id='word_1_383' title='bbox 431 2722 475 2755; x_wconf 87' lang='lat' dir='ltr'>est</span> <span class='ocrx_word' id='word_1_384' title='bbox 489 2716 551 2754; x_wconf 74' lang='lat' dir='ltr'>elle</span> <span class='ocrx_word' id='word_1_385' title='bbox 563 2720 722 2754; x_wconf 85' lang='lat' dir='ltr'>fabulam.</span> <span class='ocrx_word' id='word_1_386' title='bbox 735 2720 869 2752; x_wconf 86' lang='lat' dir='ltr'>Etenim</span> <span class='ocrx_word' id='word_1_387' title='bbox 882 2718 1032 2752; x_wconf 87' lang='lat' dir='ltr'>Chrisma</span> <span class='ocrx_word' id='word_1_388' title='bbox 1047 2729 1102 2761; x_wconf 86' lang='lat' dir='ltr'>per</span> <span class='ocrx_word' id='word_1_389' title='bbox 1112 2719 1172 2758; x_wconf 88' lang='lat' dir='ltr'>Le-</span> 
     </span>
     <span class='ocr_line' id='line_1_56' title="bbox 290 2768 1171 2817; baseline -0.005 -11"><span class='ocrx_word' id='word_1_390' title='bbox 290 2782 386 2817; x_wconf 88' lang='lat' dir='ltr'>gatos</span> <span class='ocrx_word' id='word_1_391' title='bbox 400 2770 591 2815; x_wconf 87' lang='lat' dir='ltr'>Apostolica</span> <span class='ocrx_word' id='word_1_392' title='bbox 604 2769 700 2803; x_wconf 88' lang='lat' dir='ltr'>Sedes</span> <span class='ocrx_word' id='word_1_393' title='bbox 711 2780 879 2812; x_wconf 83' lang='lat' dir='ltr'>nunquam</span> <span class='ocrx_word' id='word_1_394' title='bbox 903 2768 989 2801; x_wconf 81' lang='lat' dir='ltr'>misit</span> <span class='ocrx_word' id='word_1_395' title='bbox 1011 2768 1171 2802; x_wconf 86' lang='lat' dir='ltr'>Constan-</span> 
     </span>
     <span class='ocr_line' id='line_1_57' title="bbox 291 2818 1172 2865; baseline -0.003 -10"><span class='ocrx_word' id='word_1_396' title='bbox 291 2822 519 2865; x_wconf 81' lang='lat' dir='ltr'>tinopolitanae</span> <span class='ocrx_word' id='word_1_397' title='bbox 547 2819 695 2854; x_wconf 83' lang='lat' dir='ltr'>Ecclefiae</span> <span class='ocrx_word' id='word_1_398' title='bbox 717 2843 727 2859; x_wconf 87' lang='lat'>‚</span> <span class='ocrx_word' id='word_1_399' title='bbox 757 2831 817 2853; x_wconf 86' lang='lat' dir='ltr'>nec</span> <span class='ocrx_word' id='word_1_400' title='bbox 842 2818 901 2852; x_wconf 87' lang='lat' dir='ltr'>ulli</span> <span class='ocrx_word' id='word_1_401' title='bbox 931 2818 1048 2852; x_wconf 81' lang='lat' dir='ltr'>Graecae</span> <span class='ocrx_word' id='word_1_402' title='bbox 1065 2844 1072 2851; x_wconf 89' lang='lat'><strong>.</strong></span> <span class='ocrx_word' id='word_1_403' title='bbox 1101 2818 1172 2852; x_wconf 85' lang='lat' dir='ltr'>Nifi</span> 
     </span>
     <span class='ocr_line' id='line_1_58' title="bbox 293 2868 1172 2913; baseline -0.003 -9"><span class='ocrx_word' id='word_1_404' title='bbox 293 2872 399 2906; x_wconf 85' lang='lat' dir='ltr'>forsan</span> <span class='ocrx_word' id='word_1_405' title='bbox 420 2871 592 2905; x_wconf 84' lang='lat' dir='ltr'>Photianis</span> <span class='ocrx_word' id='word_1_406' title='bbox 612 2868 814 2913; x_wconf 87' lang='lat' dir='ltr'>temporibus</span> <span class='ocrx_word' id='word_1_407' title='bbox 844 2869 1007 2906; x_wconf 87' lang='lat' dir='ltr'>Nicolaus</span> <span class='ocrx_word' id='word_1_408' title='bbox 1027 2869 1149 2911; x_wconf 84' lang='lat' dir='ltr'>primus</span> <span class='ocrx_word' id='word_1_409' title='bbox 1162 2893 1172 2911; x_wconf 87' lang='lat'>‚</span> 
     </span>
     <span class='ocr_line' id='line_1_59' title="bbox 295 2918 1172 2963; baseline -0.005 -8"><span class='ocrx_word' id='word_1_410' title='bbox 295 2933 347 2955; x_wconf 85' lang='lat' dir='ltr'>aut</span> <span class='ocrx_word' id='word_1_411' title='bbox 362 2921 529 2956; x_wconf 85' lang='lat' dir='ltr'>Adrianus</span> <span class='ocrx_word' id='word_1_412' title='bbox 541 2920 699 2958; x_wconf 82' lang='lat' dir='ltr'>secundus</span> <span class='ocrx_word' id='word_1_413' title='bbox 712 2920 832 2953; x_wconf 88' lang='lat' dir='ltr'>miserit</span> <span class='ocrx_word' id='word_1_414' title='bbox 846 2920 880 2952; x_wconf 90' lang='lat' dir='ltr'>in</span> <span class='ocrx_word' id='word_1_415' title='bbox 902 2918 1088 2963; x_wconf 86' lang='lat' dir='ltr'>Bulgariam</span> <span class='ocrx_word' id='word_1_416' title='bbox 1103 2942 1114 2959; x_wconf 89' lang='lat'>‚</span> <span class='ocrx_word' id='word_1_417' title='bbox 1141 2919 1172 2952; x_wconf 72' lang='grc' dir='ltr'>ὃ(</span> 
     </span>
     <span class='ocr_line' id='line_1_60' title="bbox 296 2968 1174 3014; baseline 0.002 -12"><span class='ocrx_word' id='word_1_418' title='bbox 296 2982 373 3004; x_wconf 86' lang='lat' dir='ltr'>tunc</span> <span class='ocrx_word' id='word_1_419' title='bbox 385 2972 463 3014; x_wconf 91' lang='lat' dir='ltr'>quid</span> <span class='ocrx_word' id='word_1_420' title='bbox 476 2971 595 3009; x_wconf 85' lang='lat' dir='ltr'>sordidi</span> <span class='ocrx_word' id='word_1_421' title='bbox 607 2970 804 3004; x_wconf 86' lang='lat' dir='ltr'>commiserit</span> <span class='ocrx_word' id='word_1_422' title='bbox 815 2969 992 3008; x_wconf 85' lang='lat' dir='ltr'>Formosus</span> <span class='ocrx_word' id='word_1_423' title='bbox 1014 2968 1174 3005; x_wconf 89' lang='lat' dir='ltr'>Portuen-</span> 
     </span>
     <span class='ocr_line' id='line_1_61' title="bbox 298 3017 1175 3064; baseline 0.001 -12"><span class='ocrx_word' id='word_1_424' title='bbox 298 3019 335 3059; x_wconf 81' lang='lat' dir='ltr'>fis</span> <span class='ocrx_word' id='word_1_425' title='bbox 349 3021 540 3064; x_wconf 81' lang='lat' dir='ltr'>Episcopus,</span> <span class='ocrx_word' id='word_1_426' title='bbox 566 3021 607 3055; x_wconf 90' lang='lat' dir='ltr'>de</span> <span class='ocrx_word' id='word_1_427' title='bbox 626 3031 693 3063; x_wconf 90' lang='lat' dir='ltr'>quo</span> <span class='ocrx_word' id='word_1_428' title='bbox 703 3022 807 3054; x_wconf 67' lang='lat' dir='ltr'>actum</span> <span class='ocrx_word' id='word_1_429' title='bbox 818 3019 863 3053; x_wconf 91' lang='lat' dir='ltr'>est</span> <span class='ocrx_word' id='word_1_430' title='bbox 877 3017 1005 3057; x_wconf 72' lang='lat' dir='ltr'>abunde</span> <span class='ocrx_word' id='word_1_431' title='bbox 1027 3019 1068 3053; x_wconf 88' lang='lat' dir='ltr'>ad</span> <span class='ocrx_word' id='word_1_432' title='bbox 1091 3021 1175 3053; x_wconf 65' lang='lat' dir='ltr'>osta-</span> 
     </span>
     <span class='ocr_line' id='line_1_62' title="bbox 299 3069 1174 3110; baseline 0.002 -10"><span class='ocrx_word' id='word_1_433' title='bbox 299 3078 371 3101; x_wconf 90' lang='lat' dir='ltr'>vam</span> <span class='ocrx_word' id='word_1_434' title='bbox 384 3069 571 3110; x_wconf 88' lang='lat' dir='ltr'>Synodum.</span> <span class='ocrx_word' id='word_1_435' title='bbox 600 3070 673 3104; x_wconf 89' lang='lat' dir='ltr'>Nos</span> <span class='ocrx_word' id='word_1_436' title='bbox 684 3070 794 3103; x_wconf 87' lang='lat' dir='ltr'>Latini</span> <span class='ocrx_word' id='word_1_437' title='bbox 807 3081 848 3103; x_wconf 87' lang='lat' dir='ltr'>ex</span> <span class='ocrx_word' id='word_1_438' title='bbox 863 3069 935 3103; x_wconf 89' lang='lat' dir='ltr'>solo</span> <span class='ocrx_word' id='word_1_439' title='bbox 956 3069 1032 3103; x_wconf 90' lang='lat' dir='ltr'>oleo</span> <span class='ocrx_word' id='word_1_440' title='bbox 1055 3069 1088 3103; x_wconf 74' lang='grc' dir='ltr'>δε</span> <span class='ocrx_word' id='word_1_441' title='bbox 1109 3069 1174 3102; x_wconf 83' lang='lat' dir='ltr'>bal-</span> 
     </span>
     <span class='ocr_line' id='line_1_63' title="bbox 299 3117 1175 3164; baseline 0 -13"><span class='ocrx_word' id='word_1_442' title='bbox 299 3117 388 3151; x_wconf 82' lang='lat' dir='ltr'>samo</span> <span class='ocrx_word' id='word_1_443' title='bbox 401 3141 411 3156; x_wconf 85' lang='lat'>‚</span> <span class='ocrx_word' id='word_1_444' title='bbox 430 3117 531 3154; x_wconf 76' lang='lat' dir='ltr'>Graeci</span> <span class='ocrx_word' id='word_1_445' title='bbox 543 3122 666 3163; x_wconf 85' lang='lat' dir='ltr'>insuper</span> <span class='ocrx_word' id='word_1_446' title='bbox 676 3132 717 3154; x_wconf 83' lang='lat' dir='ltr'>ex</span> <span class='ocrx_word' id='word_1_447' title='bbox 731 3120 878 3164; x_wconf 82' lang='lat' dir='ltr'>plurimis</span> <span class='ocrx_word' id='word_1_448' title='bbox 889 3118 1045 3157; x_wconf 86' lang='lat' dir='ltr'>odoribus</span> <span class='ocrx_word' id='word_1_449' title='bbox 1067 3117 1175 3152; x_wconf 87' lang='lat' dir='ltr'>Chris—</span> 
     </span>
     <span class='ocr_line' id='line_1_64' title="bbox 299 3168 1173 3217; baseline 0.003 -18"><span class='ocrx_word' id='word_1_450' title='bbox 299 3178 351 3205; x_wconf 61' lang='grc' dir='ltr'>ειη</span> <span class='ocrx_word' id='word_1_451' title='bbox 376 3168 494 3209; x_wconf 86' lang='lat' dir='ltr'>semper</span> <span class='ocrx_word' id='word_1_452' title='bbox 514 3171 722 3204; x_wconf 86' lang='lat' dir='ltr'>confecerunt</span> <span class='ocrx_word' id='word_1_453' title='bbox 740 3195 747 3208; x_wconf 73' lang='grc'>,.</span> <span class='ocrx_word' id='word_1_454' title='bbox 773 3170 959 3217; x_wconf 75' lang='lat' dir='ltr'>Qomodo</span> <span class='ocrx_word' id='word_1_455' title='bbox 992 3168 1093 3213; x_wconf 82' lang='lat' dir='ltr'>igitur</span> <span class='ocrx_word' id='word_1_456' title='bbox 1113 3179 1173 3207; x_wconf 72' lang='lat' dir='ltr'>nos</span> 
     </span>
     <span class='ocr_line' id='line_1_65' title="bbox 299 3216 1175 3262; baseline 0.003 -13"><span class='ocrx_word' id='word_1_457' title='bbox 299 3217 464 3261; x_wconf 84' lang='lat' dir='ltr'>possumus</span> <span class='ocrx_word' id='word_1_458' title='bbox 474 3216 606 3258; x_wconf 87' lang='lat' dir='ltr'>adipsos</span> <span class='ocrx_word' id='word_1_459' title='bbox 617 3219 816 3255; x_wconf 75' lang='lat' dir='ltr'>transmisisse</span> <span class='ocrx_word' id='word_1_460' title='bbox 838 3220 855 3251; x_wconf 70' lang='grc' dir='ltr'><em>ἒ</em></span> <span class='ocrx_word' id='word_1_461' title='bbox 882 3218 1051 3262; x_wconf 84' lang='lat' dir='ltr'>Ejusmodi</span> <span class='ocrx_word' id='word_1_462' title='bbox 1075 3219 1175 3257; x_wconf 88' lang='lat' dir='ltr'>trans-</span> 
     </span>
     <span class='ocr_line' id='line_1_66' title="bbox 300 3265 1171 3312; baseline 0.005 -13"><span class='ocrx_word' id='word_1_463' title='bbox 300 3266 460 3301; x_wconf 75' lang='lat' dir='ltr'>missionis</span> <span class='ocrx_word' id='word_1_464' title='bbox 470 3265 556 3298; x_wconf 85' lang='lat' dir='ltr'>nulla</span> <span class='ocrx_word' id='word_1_465' title='bbox 568 3266 670 3299; x_wconf 85' lang='lat' dir='ltr'>exstat</span> <span class='ocrx_word' id='word_1_466' title='bbox 681 3268 866 3303; x_wconf 85' lang='lat' dir='ltr'>authentica</span> <span class='ocrx_word' id='word_1_467' title='bbox 879 3269 1035 3303; x_wconf 86' lang='lat' dir='ltr'>memoria</span> <span class='ocrx_word' id='word_1_468' title='bbox 1047 3294 1054 3306; x_wconf 70' lang='lat'><em>‚</em></span> <span class='ocrx_word' id='word_1_469' title='bbox 1071 3268 1171 3312; x_wconf 81' lang='lat' dir='ltr'>Apud</span> 
     </span>
     <span class='ocr_line' id='line_1_67' title="bbox 301 3313 1175 3360; baseline 0.001 -10"><span class='ocrx_word' id='word_1_470' title='bbox 301 3318 387 3360; x_wconf 83' lang='lat' dir='ltr'>ipsos</span> <span class='ocrx_word' id='word_1_471' title='bbox 410 3315 468 3348; x_wconf 87' lang='lat' dir='ltr'>soli</span> <span class='ocrx_word' id='word_1_472' title='bbox 493 3313 681 3348; x_wconf 81' lang='lat' dir='ltr'>Patriarchae</span> <span class='ocrx_word' id='word_1_473' title='bbox 701 3318 882 3351; x_wconf 86' lang='lat' dir='ltr'>conficiunt</span> <span class='ocrx_word' id='word_1_474' title='bbox 905 3343 916 3358; x_wconf 92' lang='lat'>,</span> <span class='ocrx_word' id='word_1_475' title='bbox 941 3319 975 3358; x_wconf 83' lang='lat'>&amp;</span> <span class='ocrx_word' id='word_1_476' title='bbox 998 3319 1039 3353; x_wconf 89' lang='lat' dir='ltr'>ad</span> <span class='ocrx_word' id='word_1_477' title='bbox 1061 3329 1175 3358; x_wconf 81' lang='lat' dir='ltr'>omnes</span> 
     </span>
     <span class='ocr_line' id='line_1_68' title="bbox 302 3364 1175 3411; baseline 0 -11"><span class='ocrx_word' id='word_1_478' title='bbox 302 3365 530 3400; x_wconf 77' lang='lat' dir='ltr'>suaeDioeceiis</span> <span class='ocrx_word' id='word_1_479' title='bbox 556 3364 787 3406; x_wconf 83' lang='lat' dir='ltr'>Metropolitas</span> <span class='ocrx_word' id='word_1_480' title='bbox 813 3367 847 3398; x_wconf 77' lang='grc' dir='ltr'>δε</span> <span class='ocrx_word' id='word_1_481' title='bbox 873 3368 1052 3411; x_wconf 82' lang='lat' dir='ltr'>Episcopos</span> <span class='ocrx_word' id='word_1_482' title='bbox 1078 3370 1175 3403; x_wconf 80' lang='lat' dir='ltr'>trans-</span> 
     </span>
     <span class='ocr_line' id='line_1_69' title="bbox 302 3413 1175 3462; baseline 0.005 -14"><span class='ocrx_word' id='word_1_483' title='bbox 302 3416 438 3450; x_wconf 89' lang='lat' dir='ltr'>mittunt</span> <span class='ocrx_word' id='word_1_484' title='bbox 472 3439 479 3447; x_wconf 90' lang='lat'><strong><em>.</em></strong></span> <span class='ocrx_word' id='word_1_485' title='bbox 513 3413 606 3446; x_wconf 85' lang='lat' dir='ltr'>Hinc</span> <span class='ocrx_word' id='word_1_486' title='bbox 632 3413 721 3446; x_wconf 82' lang='lat' dir='ltr'>enim</span> <span class='ocrx_word' id='word_1_487' title='bbox 759 3413 972 3458; x_wconf 86' lang='lat' dir='ltr'>Bulgarorum</span> <span class='ocrx_word' id='word_1_488' title='bbox 1009 3418 1175 3462; x_wconf 78' lang='lat' dir='ltr'>Archiepi-</span> 
     </span>
    </p>
   </div>
   <div class='ocr_carea' id='block_1_11' title="bbox 108 1851 229 1928">
    <p class='ocr_par' dir='ltr' id='par_1_11' title="bbox 108 1851 229 1928">
     <span class='ocr_line' id='line_1_70' title="bbox 110 1851 222 1893; baseline 0 -16"><span class='ocrx_word' id='word_1_489' title='bbox 110 1851 138 1893; x_wconf 55' lang='lat' dir='ltr'>if.</span> <span class='ocrx_word' id='word_1_490' title='bbox 160 1852 222 1881; x_wconf 64' lang='lat'>808.</span> 
     </span>
     <span class='ocr_line' id='line_1_71' title="bbox 108 1893 229 1928; baseline 0.008 -9"><span class='ocrx_word' id='word_1_491' title='bbox 108 1893 181 1928; x_wconf 60' lang='lat' dir='ltr'>kap.</span> <span class='ocrx_word' id='word_1_492' title='bbox 206 1903 229 1926; x_wconf 72' lang='lat'>,²-</span> 
     </span>
    </p>
   </div>
   <div class='ocr_carea' id='block_1_12' title="bbox 301 3462 1299 3520">
    <p class='ocr_par' dir='ltr' id='par_1_12' title="bbox 301 3462 1299 3520">
     <span class='ocr_line' id='line_1_72' title="bbox 301 3462 1299 3520; baseline 0.002 -20"><span class='ocrx_word' id='word_1_493' title='bbox 301 3468 400 3509; x_wconf 70' lang='lat' dir='ltr'>‚scopo</span> <span class='ocrx_word' id='word_1_494' title='bbox 418 3489 429 3506; x_wconf 87' lang='lat'>,</span> <span class='ocrx_word' id='word_1_495' title='bbox 455 3463 534 3499; x_wconf 88' lang='lat' dir='ltr'>dum</span> <span class='ocrx_word' id='word_1_496' title='bbox 561 3462 601 3497; x_wconf 89' lang='lat' dir='ltr'>ad</span> <span class='ocrx_word' id='word_1_497' title='bbox 631 3462 817 3497; x_wconf 86' lang='lat' dir='ltr'>Romanam</span> <span class='ocrx_word' id='word_1_498' title='bbox 836 3467 1106 3505; x_wconf 80' lang='lat' dir='ltr'>communionem</span> <span class='ocrx_word' id='word_1_499' title='bbox 1134 3480 1176 3503; x_wconf 89' lang='lat' dir='ltr'>re·</span> <span class='ocrx_word' id='word_1_500' title='bbox 1222 3472 1299 3520; x_wconf 53' lang='lat' dir='ltr'>‚cari</span> 
     </span>
    </p>
   </div>
   <div class='ocr_carea' id='block_1_13' title="bbox 1226 569 2291 2868">
    <p class='ocr_par' dir='ltr' id='par_1_13' title="bbox 1227 569 2117 863">
     <span class='ocr_line' id='line_1_73' title="bbox 1227 569 2114 617; baseline 0.011 -14"><span class='ocrx_word' id='word_1_501' title='bbox 1227 569 1452 603; x_wconf 87' lang='lat' dir='ltr'>consecratum</span> <span class='ocrx_word' id='word_1_502' title='bbox 1474 569 1492 603; x_wconf 76' lang='lat' dir='ltr'>a</span> <span class='ocrx_word' id='word_1_503' title='bbox 1515 570 1585 609; x_wconf 84' lang='lat' dir='ltr'>solo</span> <span class='ocrx_word' id='word_1_504' title='bbox 1614 571 1772 613; x_wconf 83' lang='lat' dir='ltr'>Romano</span> <span class='ocrx_word' id='word_1_505' title='bbox 1794 573 1960 613; x_wconf 81' lang='lat' dir='ltr'>Pontifice</span> <span class='ocrx_word' id='word_1_506' title='bbox 1978 601 1990 617; x_wconf 92' lang='lat'>‚</span> <span class='ocrx_word' id='word_1_507' title='bbox 2015 581 2114 616; x_wconf 75' lang='lat' dir='ltr'>trans-</span> 
     </span>
     <span class='ocr_line' id='line_1_74' title="bbox 1227 617 2113 670; baseline 0.014 -18"><span class='ocrx_word' id='word_1_508' title='bbox 1227 617 1424 670; x_wconf 74' lang='lat' dir='ltr'>missumque</span> <span class='ocrx_word' id='word_1_509' title='bbox 1445 617 1487 653; x_wconf 84' lang='lat' dir='ltr'>ad</span> <span class='ocrx_word' id='word_1_510' title='bbox 1507 630 1624 655; x_wconf 80' lang='lat' dir='ltr'>omnes</span> <span class='ocrx_word' id='word_1_511' title='bbox 1643 622 1764 666; x_wconf 78' lang='lat' dir='ltr'>ubique</span> <span class='ocrx_word' id='word_1_512' title='bbox 1792 624 1998 661; x_wconf 86' lang='lat' dir='ltr'>Patriarchas</span> <span class='ocrx_word' id='word_1_513' title='bbox 2019 651 2028 664; x_wconf 80' lang='grc'>,.</span> <span class='ocrx_word' id='word_1_514' title='bbox 2054 629 2113 668; x_wconf 83' lang='lat' dir='ltr'>Est</span> 
     </span>
     <span class='ocr_line' id='line_1_75' title="bbox 1228 667 2115 719; baseline 0.011 -16"><span class='ocrx_word' id='word_1_515' title='bbox 1228 667 1337 712; x_wconf 76' lang='lat' dir='ltr'>fabula</span> <span class='ocrx_word' id='word_1_516' title='bbox 1356 692 1368 716; x_wconf 50' lang='grc' dir='ltr'><strong>ρ</strong></span> <span class='ocrx_word' id='word_1_517' title='bbox 1391 668 1485 713; x_wconf 75' lang='lat' dir='ltr'>eujus</span> <span class='ocrx_word' id='word_1_518' title='bbox 1518 681 1625 714; x_wconf 67' lang='lat' dir='ltr'>neque</span> <span class='ocrx_word' id='word_1_519' title='bbox 1644 670 1786 713; x_wconf 80' lang='lat' dir='ltr'>Photius</span> <span class='ocrx_word' id='word_1_520' title='bbox 1800 699 1811 715; x_wconf 91' lang='lat'><strong><em>,</em></strong></span> <span class='ocrx_word' id='word_1_521' title='bbox 1839 687 1944 719; x_wconf 91' lang='lat' dir='ltr'>neque</span> <span class='ocrx_word' id='word_1_522' title='bbox 1965 677 2115 717; x_wconf 85' lang='lat' dir='ltr'>Michael</span> 
     </span>
     <span class='ocr_line' id='line_1_76' title="bbox 1230 719 2117 770; baseline 0.015 -20"><span class='ocrx_word' id='word_1_523' title='bbox 1230 719 1417 761; x_wconf 76' lang='lat' dir='ltr'>Cerularius</span> <span class='ocrx_word' id='word_1_524' title='bbox 1435 744 1446 761; x_wconf 91' lang='lat'>‚</span> <span class='ocrx_word' id='word_1_525' title='bbox 1472 730 1578 769; x_wconf 82' lang='lat' dir='ltr'>neque</span> <span class='ocrx_word' id='word_1_526' title='bbox 1601 720 1739 763; x_wconf 82' lang='lat' dir='ltr'>Niceras</span> <span class='ocrx_word' id='word_1_527' title='bbox 1765 724 1955 761; x_wconf 69' lang='lat' dir='ltr'>pectoratus</span> <span class='ocrx_word' id='word_1_528' title='bbox 1971 751 1982 768; x_wconf 93' lang='lat'>,</span> <span class='ocrx_word' id='word_1_529' title='bbox 2011 739 2117 770; x_wconf 83' lang='lat' dir='ltr'>neque</span> 
     </span>
     <span class='ocr_line' id='line_1_77' title="bbox 1231 768 2116 827; baseline 0.012 -24"><span class='ocrx_word' id='word_1_530' title='bbox 1231 769 1361 812; x_wconf 84' lang='lat' dir='ltr'>Marcus</span> <span class='ocrx_word' id='word_1_531' title='bbox 1373 768 1526 813; x_wconf 73' lang='lat' dir='ltr'>Ephesius</span> <span class='ocrx_word' id='word_1_532' title='bbox 1551 773 1726 821; x_wconf 66' lang='lat' dir='ltr'>meminit,</span> <span class='ocrx_word' id='word_1_533' title='bbox 1751 785 1857 827; x_wconf 66' lang='lat' dir='ltr'>neque</span> <span class='ocrx_word' id='word_1_534' title='bbox 1877 778 1990 815; x_wconf 71' lang='lat' dir='ltr'>octava</span> <span class='ocrx_word' id='word_1_535' title='bbox 2010 778 2116 827; x_wconf 82' lang='lat' dir='ltr'>Syno-</span> 
     </span>
     <span class='ocr_line' id='line_1_78' title="bbox 1229 818 1612 863; baseline 0.005 -10"><span class='ocrx_word' id='word_1_536' title='bbox 1229 818 1288 854; x_wconf 93' lang='lat' dir='ltr'>dus</span> <span class='ocrx_word' id='word_1_537' title='bbox 1301 844 1311 860; x_wconf 94' lang='lat'>‚</span> <span class='ocrx_word' id='word_1_538' title='bbox 1337 819 1612 863; x_wconf 83' lang='lat' dir='ltr'>autFlorentina.</span> 
     </span>
    </p>

    <p class='ocr_par' dir='ltr' id='par_1_14' title="bbox 1226 869 2291 2868">
     <span class='ocr_line' id='line_1_79' title="bbox 1276 869 2115 919; baseline 0.014 -17"><span class='ocrx_word' id='word_1_539' title='bbox 1276 869 1449 916; x_wconf 75' lang='lat' dir='ltr'>quuid</span> <span class='ocrx_word' id='word_1_540' title='bbox 1463 872 1498 906; x_wconf 87' lang='lat' dir='ltr'>fit</span> <span class='ocrx_word' id='word_1_541' title='bbox 1510 896 1521 912; x_wconf 93' lang='lat'>‚</span> <span class='ocrx_word' id='word_1_542' title='bbox 1547 873 1732 909; x_wconf 61' lang='lat' dir='ltr'>exactiones</span> <span class='ocrx_word' id='word_1_543' title='bbox 1746 874 1803 911; x_wconf 89' lang='lat' dir='ltr'>has</span> <span class='ocrx_word' id='word_1_544' title='bbox 1826 876 1980 912; x_wconf 80' lang='lat' dir='ltr'>Romana</span> <span class='ocrx_word' id='word_1_545' title='bbox 2002 878 2115 919; x_wconf 78' lang='lat' dir='ltr'>Eccle-</span> 
     </span>
     <span class='ocr_line' id='line_1_80' title="bbox 1229 919 2115 974; baseline 0.012 -21"><span class='ocrx_word' id='word_1_546' title='bbox 1229 919 1271 955; x_wconf 83' lang='lat' dir='ltr'>fia</span> <span class='ocrx_word' id='word_1_547' title='bbox 1281 921 1403 964; x_wconf 83' lang='lat' dir='ltr'>semper</span> <span class='ocrx_word' id='word_1_548' title='bbox 1417 922 1608 968; x_wconf 80' lang='lat' dir='ltr'>rigidiffime</span> <span class='ocrx_word' id='word_1_549' title='bbox 1617 924 1799 961; x_wconf 85' lang='lat' dir='ltr'>damnavit.</span> <span class='ocrx_word' id='word_1_550' title='bbox 1833 927 1966 968; x_wconf 80' lang='lat' dir='ltr'>Etenim</span> <span class='ocrx_word' id='word_1_551' title='bbox 1980 929 2020 963; x_wconf 87' lang='lat' dir='ltr'>ad</span> <span class='ocrx_word' id='word_1_552' title='bbox 2033 930 2115 974; x_wconf 86' lang='lat' dir='ltr'>ipsas</span> 
     </span>
     <span class='ocr_line' id='line_1_81' title="bbox 1230 970 2114 1020; baseline 0.012 -17"><span class='ocrx_word' id='word_1_553' title='bbox 1230 970 1433 1014; x_wconf 78' lang='lat' dir='ltr'>singulariter</span> <span class='ocrx_word' id='word_1_554' title='bbox 1455 971 1620 1015; x_wconf 79' lang='lat' dir='ltr'>ejerandas</span> <span class='ocrx_word' id='word_1_555' title='bbox 1643 975 1754 1020; x_wconf 82' lang='lat' dir='ltr'>adegit</span> <span class='ocrx_word' id='word_1_556' title='bbox 1778 977 1961 1017; x_wconf 86' lang='lat' dir='ltr'>Widonem</span> <span class='ocrx_word' id='word_1_557' title='bbox 1982 979 2114 1018; x_wconf 85' lang='lat' dir='ltr'>Medio-</span> 
     </span>
     <span class='ocr_line' id='line_1_82' title="bbox 1232 1019 2116 1070; baseline 0.014 -17"><span class='ocrx_word' id='word_1_558' title='bbox 1232 1019 1397 1063; x_wconf 84' lang='lat' dir='ltr'>lanensem</span> <span class='ocrx_word' id='word_1_559' title='bbox 1421 1021 1715 1069; x_wconf 82' lang='lat' dir='ltr'>Archiepiscopum</span> <span class='ocrx_word' id='word_1_560' title='bbox 1738 1051 1750 1070; x_wconf 89' lang='lat'>‚</span> <span class='ocrx_word' id='word_1_561' title='bbox 1783 1026 1864 1067; x_wconf 78' lang='lat' dir='ltr'>dum</span> <span class='ocrx_word' id='word_1_562' title='bbox 1887 1028 1930 1068; x_wconf 77' lang='lat' dir='ltr'>ab</span> <span class='ocrx_word' id='word_1_563' title='bbox 1950 1030 2045 1067; x_wconf 81' lang='lat' dir='ltr'>omni</span> <span class='ocrx_word' id='word_1_564' title='bbox 2068 1030 2116 1065; x_wconf 89' lang='lat' dir='ltr'>Si·</span> 
     </span>
     <span class='ocr_line' id='line_1_83' title="bbox 1231 1070 2115 1119; baseline 0.012 -15"><span class='ocrx_word' id='word_1_565' title='bbox 1231 1071 1342 1105; x_wconf 86' lang='lat' dir='ltr'>monia</span> <span class='ocrx_word' id='word_1_566' title='bbox 1364 1071 1457 1111; x_wconf 82' lang='lat' dir='ltr'>istam</span> <span class='ocrx_word' id='word_1_567' title='bbox 1479 1070 1639 1118; x_wconf 63' lang='lat' dir='ltr'>purgavit</span> <span class='ocrx_word' id='word_1_568' title='bbox 1654 1075 1832 1116; x_wconf 78' lang='lat' dir='ltr'>Ecclesiam</span> <span class='ocrx_word' id='word_1_569' title='bbox 1855 1103 1866 1119; x_wconf 93' lang='lat'><strong>,</strong></span> <span class='ocrx_word' id='word_1_570' title='bbox 1906 1079 2041 1117; x_wconf 87' lang='lat' dir='ltr'>Nicolai</span> <span class='ocrx_word' id='word_1_571' title='bbox 2069 1079 2115 1114; x_wconf 91' lang='lat' dir='ltr'>se·</span> 
     </span>
     <span class='ocr_line' id='line_1_84' title="bbox 1229 1120 2115 1170; baseline 0.014 -17"><span class='ocrx_word' id='word_1_572' title='bbox 1229 1120 1513 1156; x_wconf 85' lang='lat' dir='ltr'>cundiPontificis</span> <span class='ocrx_word' id='word_1_573' title='bbox 1523 1123 1667 1168; x_wconf 71' lang='lat' dir='ltr'>Legatos</span> <span class='ocrx_word' id='word_1_574' title='bbox 1681 1127 1817 1166; x_wconf 62' lang='lat' dir='ltr'>Sanetus</span> <span class='ocrx_word' id='word_1_575' title='bbox 1840 1129 1955 1163; x_wconf 87' lang='lat' dir='ltr'>Petrus</span> <span class='ocrx_word' id='word_1_576' title='bbox 1978 1130 2115 1170; x_wconf 84' lang='lat' dir='ltr'>Damia-</span> 
     </span>
     <span class='ocr_line' id='line_1_85' title="bbox 1229 1171 2115 1221; baseline 0.014 -19"><span class='ocrx_word' id='word_1_577' title='bbox 1229 1171 1262 1203; x_wconf 88' lang='lat' dir='ltr'>ni</span> <span class='ocrx_word' id='word_1_578' title='bbox 1276 1195 1282 1202; x_wconf 92' lang='lat'>.</span> <span class='ocrx_word' id='word_1_579' title='bbox 1311 1171 1413 1218; x_wconf 84' lang='lat' dir='ltr'>Qod</span> <span class='ocrx_word' id='word_1_580' title='bbox 1425 1183 1478 1206; x_wconf 90' lang='lat' dir='ltr'>eas</span> <span class='ocrx_word' id='word_1_581' title='bbox 1489 1174 1522 1206; x_wconf 90' lang='lat' dir='ltr'>in</span> <span class='ocrx_word' id='word_1_582' title='bbox 1535 1173 1726 1209; x_wconf 84' lang='lat' dir='ltr'>Placentina</span> <span class='ocrx_word' id='word_1_583' title='bbox 1739 1199 1750 1215; x_wconf 89' lang='lat'>‚</span> <span class='ocrx_word' id='word_1_584' title='bbox 1770 1176 1960 1217; x_wconf 77' lang='lat' dir='ltr'>Turonenfi</span> <span class='ocrx_word' id='word_1_585' title='bbox 1975 1180 2028 1221; x_wconf 87' lang='lat'>,&amp;</span> <span class='ocrx_word' id='word_1_586' title='bbox 2040 1180 2115 1214; x_wconf 82' lang='lat' dir='ltr'>Cla-</span> 
     </span>
     <span class='ocr_line' id='line_1_86' title="bbox 1227 1221 2265 1273; baseline 0.009 -20"><span class='ocrx_word' id='word_1_587' title='bbox 1227 1231 1424 1255; x_wconf 85' lang='lat' dir='ltr'>romontana</span> <span class='ocrx_word' id='word_1_588' title='bbox 1437 1221 1574 1265; x_wconf 84' lang='lat' dir='ltr'>synodo</span> <span class='ocrx_word' id='word_1_589' title='bbox 1585 1223 1747 1259; x_wconf 84' lang='lat' dir='ltr'>damnarit</span> <span class='ocrx_word' id='word_1_590' title='bbox 1761 1225 1920 1267; x_wconf 75' lang='lat' dir='ltr'>Urbanus</span> <span class='ocrx_word' id='word_1_591' title='bbox 1932 1228 2093 1268; x_wconf 79' lang='lat' dir='ltr'>secundus</span> <span class='ocrx_word' id='word_1_592' title='bbox 2103 1253 2116 1273; x_wconf 86' lang='lat'>,</span> <span class='ocrx_word' id='word_1_593' title='bbox 2135 1235 2171 1265; x_wconf 72' lang='lat' dir='ltr'>A.</span> <span class='ocrx_word' id='word_1_594' title='bbox 2183 1242 2265 1269; x_wconf 79' lang='lat'><strong>¹094·</strong></span> 
     </span>
     <span class='ocr_line' id='line_1_87' title="bbox 1228 1270 2221 1319; baseline 0.008 -15"><span class='ocrx_word' id='word_1_595' title='bbox 1228 1271 1359 1305; x_wconf 83' lang='lat' dir='ltr'>testatur</span> <span class='ocrx_word' id='word_1_596' title='bbox 1371 1270 1568 1314; x_wconf 82' lang='lat' dir='ltr'>Bertholdus</span> <span class='ocrx_word' id='word_1_597' title='bbox 1580 1273 1751 1319; x_wconf 86' lang='lat' dir='ltr'>Presbyter</span> <span class='ocrx_word' id='word_1_598' title='bbox 1762 1276 2027 1316; x_wconf 81' lang='lat' dir='ltr'>Constantienfis.</span> <span class='ocrx_word' id='word_1_599' title='bbox 2057 1278 2114 1312; x_wconf 86' lang='lat' dir='ltr'>Est</span> <span class='ocrx_word' id='word_1_600' title='bbox 2139 1277 2221 1311; x_wconf 69' lang='lat'>109⁶·</span> 
     </span>
     <span class='ocr_line' id='line_1_88' title="bbox 1228 1320 2116 1377; baseline 0.011 -24"><span class='ocrx_word' id='word_1_601' title='bbox 1228 1322 1262 1354; x_wconf 92' lang='lat' dir='ltr'>in</span> <span class='ocrx_word' id='word_1_602' title='bbox 1276 1320 1469 1356; x_wconf 85' lang='lat' dir='ltr'>Placentina</span> <span class='ocrx_word' id='word_1_603' title='bbox 1481 1347 1492 1362; x_wconf 91' lang='lat'><strong>,</strong></span> <span class='ocrx_word' id='word_1_604' title='bbox 1517 1334 1572 1372; x_wconf 80' lang='lat' dir='ltr'>per</span> <span class='ocrx_word' id='word_1_605' title='bbox 1580 1324 1708 1359; x_wconf 85' lang='lat' dir='ltr'>Lucam</span> <span class='ocrx_word' id='word_1_606' title='bbox 1726 1326 1950 1369; x_wconf 80' lang='lat' dir='ltr'>·Holstenium</span> <span class='ocrx_word' id='word_1_607' title='bbox 1973 1328 2116 1377; x_wconf 81' lang='lat' dir='ltr'>publica-</span> 
     </span>
     <span class='ocr_line' id='line_1_89' title="bbox 1227 1371 2116 1418; baseline 0.01 -13"><span class='ocrx_word' id='word_1_608' title='bbox 1227 1383 1257 1405; x_wconf 90' lang='lat' dir='ltr'>ta</span> <span class='ocrx_word' id='word_1_609' title='bbox 1270 1395 1282 1411; x_wconf 91' lang='lat'><em>‚</em></span> <span class='ocrx_word' id='word_1_610' title='bbox 1310 1371 1449 1414; x_wconf 88' lang='lat' dir='ltr'>Synodo</span> <span class='ocrx_word' id='word_1_611' title='bbox 1463 1373 1584 1408; x_wconf 85' lang='lat' dir='ltr'>Canon</span> <span class='ocrx_word' id='word_1_612' title='bbox 1601 1374 1716 1409; x_wconf 88' lang='lat' dir='ltr'>tertius</span> <span class='ocrx_word' id='word_1_613' title='bbox 1730 1374 1891 1412; x_wconf 80' lang='lat' dir='ltr'>decimus.</span> <span class='ocrx_word' id='word_1_614' title='bbox 1925 1379 1969 1418; x_wconf 85' lang='lat' dir='ltr'>Et</span> <span class='ocrx_word' id='word_1_615' title='bbox 1992 1379 2028 1417; x_wconf 88' lang='lat' dir='ltr'>in</span> <span class='ocrx_word' id='word_1_616' title='bbox 2051 1379 2116 1415; x_wconf 90' lang='lat' dir='ltr'>Re-</span> 
     </span>
     <span class='ocr_line' id='line_1_90' title="bbox 1228 1421 2116 1471; baseline 0.01 -17"><span class='ocrx_word' id='word_1_617' title='bbox 1228 1421 1327 1455; x_wconf 87' lang='lat' dir='ltr'>menfi</span> <span class='ocrx_word' id='word_1_618' title='bbox 1340 1422 1425 1464; x_wconf 83' lang='lat' dir='ltr'>apud</span> <span class='ocrx_word' id='word_1_619' title='bbox 1438 1422 1610 1467; x_wconf 81' lang='lat' dir='ltr'>Rogerum</span> <span class='ocrx_word' id='word_1_620' title='bbox 1632 1425 1869 1461; x_wconf 90' lang='lat' dir='ltr'>Hovedensem</span> <span class='ocrx_word' id='word_1_621' title='bbox 1894 1428 2034 1471; x_wconf 76' lang='lat' dir='ltr'>Synodo</span> <span class='ocrx_word' id='word_1_622' title='bbox 2054 1428 2116 1463; x_wconf 89' lang='lat' dir='ltr'>sta-</span> 
     </span>
     <span class='ocr_line' id='line_1_91' title="bbox 1227 1471 2118 1521; baseline 0.009 -17"><span class='ocrx_word' id='word_1_623' title='bbox 1227 1471 1289 1505; x_wconf 86' lang='lat' dir='ltr'>tuit</span> <span class='ocrx_word' id='word_1_624' title='bbox 1312 1471 1461 1506; x_wconf 89' lang='lat' dir='ltr'>Calixtus</span> <span class='ocrx_word' id='word_1_625' title='bbox 1487 1473 1669 1507; x_wconf 84' lang='lat' dir='ltr'>secundus.-</span> <span class='ocrx_word' id='word_1_626' title='bbox 1697 1478 1757 1508; x_wconf 82' lang='lat' dir='ltr'>Pro</span> <span class='ocrx_word' id='word_1_627' title='bbox 1780 1476 1962 1520; x_wconf 81' lang='lat' dir='ltr'>chrismatis</span> <span class='ocrx_word' id='word_1_628' title='bbox 1988 1479 2024 1517; x_wconf 65' lang='grc'>6·</span> <span class='ocrx_word' id='word_1_629' title='bbox 2034 1476 2118 1521; x_wconf 72' lang='lat' dir='ltr'>sacri</span> 
     </span>
     <span class='ocr_line' id='line_1_92' title="bbox 1226 1522 2117 1575; baseline 0.011 -21"><span class='ocrx_word' id='word_1_630' title='bbox 1226 1522 1289 1554; x_wconf 82' lang='lat' dir='ltr'>Olei</span> <span class='ocrx_word' id='word_1_631' title='bbox 1317 1528 1479 1563; x_wconf 72' lang='lat' dir='ltr'>receptione</span> <span class='ocrx_word' id='word_1_632' title='bbox 1517 1524 1630 1557; x_wconf 88' lang='lat' dir='ltr'>nullum</span> <span class='ocrx_word' id='word_1_633' title='bbox 1647 1531 1778 1566; x_wconf 88' lang='lat' dir='ltr'>pretium</span> <span class='ocrx_word' id='word_1_634' title='bbox 1805 1533 1944 1571; x_wconf 79' lang='lat' dir='ltr'>exigatur</span> <span class='ocrx_word' id='word_1_635' title='bbox 1967 1552 1975 1559; x_wconf 91' lang='lat'>.</span> <span class='ocrx_word' id='word_1_636' title='bbox 2011 1527 2117 1575; x_wconf 74' lang='lat' dir='ltr'>Qod</span> 
     </span>
     <span class='ocr_line' id='line_1_93' title="bbox 1227 1572 2119 1622; baseline 0.01 -18"><span class='ocrx_word' id='word_1_637' title='bbox 1227 1572 1331 1615; x_wconf 83' lang='lat' dir='ltr'>ipsum</span> <span class='ocrx_word' id='word_1_638' title='bbox 1342 1572 1463 1613; x_wconf 80' lang='lat' dir='ltr'>eisdem</span> <span class='ocrx_word' id='word_1_639' title='bbox 1474 1572 1577 1610; x_wconf 83' lang='lat' dir='ltr'>verbis</span> <span class='ocrx_word' id='word_1_640' title='bbox 1611 1574 1646 1608; x_wconf 90' lang='lat' dir='ltr'>in</span> <span class='ocrx_word' id='word_1_641' title='bbox 1669 1575 1876 1615; x_wconf 84' lang='lat' dir='ltr'>Lateranenfi</span> <span class='ocrx_word' id='word_1_642' title='bbox 1896 1576 2035 1622; x_wconf 78' lang='lat' dir='ltr'>synodo</span> <span class='ocrx_word' id='word_1_643' title='bbox 2057 1579 2119 1613; x_wconf 84' lang='lat' dir='ltr'>sta-</span> 
     </span>
     <span class='ocr_line' id='line_1_94' title="bbox 1226 1621 2118 1672; baseline 0.009 -18"><span class='ocrx_word' id='word_1_644' title='bbox 1226 1621 1289 1655; x_wconf 87' lang='lat' dir='ltr'>tuit</span> <span class='ocrx_word' id='word_1_645' title='bbox 1300 1621 1516 1663; x_wconf 85' lang='lat' dir='ltr'>Innocentius</span> <span class='ocrx_word' id='word_1_646' title='bbox 1537 1623 1698 1663; x_wconf 85' lang='lat' dir='ltr'>secundus</span> <span class='ocrx_word' id='word_1_647' title='bbox 1713 1650 1724 1666; x_wconf 91' lang='lat'><strong>,</strong></span> <span class='ocrx_word' id='word_1_648' title='bbox 1751 1626 1921 1672; x_wconf 84' lang='lat' dir='ltr'>Eugenius</span> <span class='ocrx_word' id='word_1_649' title='bbox 1944 1626 2058 1668; x_wconf 85' lang='lat' dir='ltr'>tertius</span> <span class='ocrx_word' id='word_1_650' title='bbox 2079 1628 2118 1662; x_wconf 83' lang='lat' dir='ltr'>in</span> 
     </span>
     <span class='ocr_line' id='line_1_95' title="bbox 1227 1671 2117 1720; baseline 0.009 -16"><span class='ocrx_word' id='word_1_651' title='bbox 1227 1671 1377 1713; x_wconf 79' lang='lat' dir='ltr'>Remenfi</span> <span class='ocrx_word' id='word_1_652' title='bbox 1400 1697 1410 1713; x_wconf 74' lang='grc'>,</span> <span class='ocrx_word' id='word_1_653' title='bbox 1439 1673 1625 1712; x_wconf 75' lang='lat' dir='ltr'>Alexander</span> <span class='ocrx_word' id='word_1_654' title='bbox 1645 1675 1757 1710; x_wconf 88' lang='lat' dir='ltr'>tertius</span> <span class='ocrx_word' id='word_1_655' title='bbox 1777 1676 1813 1715; x_wconf 86' lang='lat' dir='ltr'>in</span> <span class='ocrx_word' id='word_1_656' title='bbox 1837 1677 2049 1720; x_wconf 81' lang='lat' dir='ltr'>Turonenfi,</span> <span class='ocrx_word' id='word_1_657' title='bbox 2077 1689 2117 1716; x_wconf 85' lang='lat' dir='ltr'>ae</span> 
     </span>
     <span class='ocr_line' id='line_1_96' title="bbox 1227 1721 2116 1767; baseline 0.007 -12"><span class='ocrx_word' id='word_1_658' title='bbox 1227 1721 1455 1761; x_wconf 68' lang='lat' dir='ltr'>Lateranenfi,</span> <span class='ocrx_word' id='word_1_659' title='bbox 1483 1723 1528 1757; x_wconf 89' lang='lat' dir='ltr'>Et</span> <span class='ocrx_word' id='word_1_660' title='bbox 1548 1724 1592 1758; x_wconf 76' lang='lat' dir='ltr'>,ad</span> <span class='ocrx_word' id='word_1_661' title='bbox 1614 1724 1820 1765; x_wconf 75' lang='lat' dir='ltr'>Abbatiffam</span> <span class='ocrx_word' id='word_1_662' title='bbox 1844 1728 1879 1762; x_wconf 90' lang='lat'>&amp;</span> <span class='ocrx_word' id='word_1_663' title='bbox 1901 1728 2116 1767; x_wconf 75' lang='lat' dir='ltr'>conventum</span> 
     </span>
     <span class='ocr_line' id='line_1_97' title="bbox 1227 1765 2291 1816; baseline 0.009 -12"><span class='ocrx_word' id='word_1_664' title='bbox 1227 1771 1524 1816; x_wconf 80' lang='lat' dir='ltr'>Auregniacensem</span> <span class='ocrx_word' id='word_1_665' title='bbox 1546 1773 1655 1812; x_wconf 85' lang='lat' dir='ltr'>scribit</span> <span class='ocrx_word' id='word_1_666' title='bbox 1667 1776 1881 1815; x_wconf 84' lang='lat' dir='ltr'>Innocentius</span> <span class='ocrx_word' id='word_1_667' title='bbox 1891 1780 2029 1814; x_wconf 82' lang='lat' dir='ltr'>tertius:</span> <span class='ocrx_word' id='word_1_668' title='bbox 2054 1781 2116 1812; x_wconf 84' lang='lat' dir='ltr'>Pro</span> <span class='ocrx_word' id='word_1_669' title='bbox 2137 1766 2166 1795; x_wconf 74' lang='lat'>¹⁴·</span> <span class='ocrx_word' id='word_1_670' title='bbox 2189 1775 2217 1799; x_wconf 55' lang='grc' dir='ltr'>Ψ·</span> <span class='ocrx_word' id='word_1_671' title='bbox 2237 1765 2291 1804; x_wconf 75' lang='grc' dir='ltr'>ΕΡ·</span> 
     </span>
     <span class='ocr_line' id='line_1_98' title="bbox 1226 1808 2182 1868; baseline 0.012 -15"><span class='ocrx_word' id='word_1_672' title='bbox 1226 1822 1295 1855; x_wconf 83' lang='lat' dir='ltr'>oleo</span> <span class='ocrx_word' id='word_1_673' title='bbox 1307 1821 1412 1855; x_wconf 71' lang='lat' dir='ltr'>saneto</span> <span class='ocrx_word' id='word_1_674' title='bbox 1423 1847 1432 1863; x_wconf 89' lang='lat'>‚</span> <span class='ocrx_word' id='word_1_675' title='bbox 1446 1823 1498 1862; x_wconf 82' lang='lat' dir='ltr'>vel</span> <span class='ocrx_word' id='word_1_676' title='bbox 1507 1824 1565 1859; x_wconf 90' lang='lat' dir='ltr'>alio</span> <span class='ocrx_word' id='word_1_677' title='bbox 1587 1825 1716 1866; x_wconf 84' lang='lat' dir='ltr'>quolibet</span> <span class='ocrx_word' id='word_1_678' title='bbox 1725 1826 1918 1868; x_wconf 85' lang='lat' dir='ltr'>Ecclefiastico</span> <span class='ocrx_word' id='word_1_679' title='bbox 1925 1831 1944 1862; x_wconf 88' lang='lat'><em>5</em></span> <span class='ocrx_word' id='word_1_680' title='bbox 1946 1838 2116 1863; x_wconf 79' lang='lat' dir='ltr'>atramento</span> <span class='ocrx_word' id='word_1_681' title='bbox 2137 1808 2182 1839; x_wconf 65' lang='lat'>⁴⁶⁴</span> 
     </span>
     <span class='ocr_line' id='line_1_99' title="bbox 1227 1870 2117 1921; baseline 0.01 -18"><span class='ocrx_word' id='word_1_682' title='bbox 1227 1870 1412 1915; x_wconf 71' lang='lat' dir='ltr'>Episcopus,</span> <span class='ocrx_word' id='word_1_683' title='bbox 1440 1874 1491 1906; x_wconf 85' lang='lat' dir='ltr'>vel</span> <span class='ocrx_word' id='word_1_684' title='bbox 1504 1873 1749 1910; x_wconf 76' lang='lat' dir='ltr'>Archi-Diaconus</span> <span class='ocrx_word' id='word_1_685' title='bbox 1758 1875 1814 1920; x_wconf 86' lang='lat' dir='ltr'>sub</span> <span class='ocrx_word' id='word_1_686' title='bbox 1826 1878 1946 1912; x_wconf 84' lang='lat' dir='ltr'>obtentu</span> <span class='ocrx_word' id='word_1_687' title='bbox 1969 1877 2117 1921; x_wconf 85' lang='lat' dir='ltr'>consuetu-</span> 
     </span>
     <span class='ocr_line' id='line_1_100' title="bbox 1227 1923 2119 1972; baseline 0.009 -18"><span class='ocrx_word' id='word_1_688' title='bbox 1227 1923 1307 1955; x_wconf 84' lang='lat' dir='ltr'>dinis</span> <span class='ocrx_word' id='word_1_689' title='bbox 1328 1947 1338 1962; x_wconf 94' lang='lat'>,</span> <span class='ocrx_word' id='word_1_690' title='bbox 1365 1923 1418 1956; x_wconf 84' lang='lat' dir='ltr'>vel</span> <span class='ocrx_word' id='word_1_691' title='bbox 1429 1923 1555 1965; x_wconf 84' lang='lat' dir='ltr'>quolibet</span> <span class='ocrx_word' id='word_1_692' title='bbox 1567 1924 1626 1956; x_wconf 81' lang='lat' dir='ltr'>alio</span> <span class='ocrx_word' id='word_1_693' title='bbox 1638 1927 1722 1960; x_wconf 87' lang='lat' dir='ltr'>modo</span> <span class='ocrx_word' id='word_1_694' title='bbox 1749 1928 1915 1969; x_wconf 73' lang='lat' dir='ltr'>quidquam</span> <span class='ocrx_word' id='word_1_695' title='bbox 1932 1935 2047 1972; x_wconf 77' lang='lat' dir='ltr'>exigere</span> <span class='ocrx_word' id='word_1_696' title='bbox 2065 1930 2119 1962; x_wconf 84' lang='lat' dir='ltr'>vel</span> 
     </span>
     <span class='ocr_line' id='line_1_101' title="bbox 1227 1972 2115 2019; baseline 0.007 -14"><span class='ocrx_word' id='word_1_697' title='bbox 1227 1980 1400 2015; x_wconf 84' lang='lat' dir='ltr'>extorquere</span> <span class='ocrx_word' id='word_1_698' title='bbox 1420 1984 1479 2006; x_wconf 89' lang='lat' dir='ltr'>non</span> <span class='ocrx_word' id='word_1_699' title='bbox 1501 1972 1670 2017; x_wconf 74' lang='lat' dir='ltr'>praefiaemat</span> <span class='ocrx_word' id='word_1_700' title='bbox 1689 2000 1696 2007; x_wconf 90' lang='lat'>.</span> <span class='ocrx_word' id='word_1_701' title='bbox 1736 1977 1900 2019; x_wconf 79' lang='lat' dir='ltr'>Loquitur</span> <span class='ocrx_word' id='word_1_702' title='bbox 1921 1987 1964 2011; x_wconf 78' lang='lat' dir='ltr'>ex</span> <span class='ocrx_word' id='word_1_703' title='bbox 1976 1973 2115 2011; x_wconf 62' lang='lat' dir='ltr'>⁴laudata</span> 
     </span>
     <span class='ocr_line' id='line_1_102' title="bbox 1230 2021 2119 2070; baseline 0.004 -16"><span class='ocrx_word' id='word_1_704' title='bbox 1230 2021 1412 2061; x_wconf 76' lang='lat' dir='ltr'>Alexandri</span> <span class='ocrx_word' id='word_1_705' title='bbox 1427 2023 1515 2057; x_wconf 90' lang='lat' dir='ltr'>tertii</span> <span class='ocrx_word' id='word_1_706' title='bbox 1526 2024 1664 2066; x_wconf 89' lang='lat' dir='ltr'>Synodo</span> <span class='ocrx_word' id='word_1_707' title='bbox 1676 2025 1882 2066; x_wconf 77' lang='lat' dir='ltr'>Turonenii:</span> <span class='ocrx_word' id='word_1_708' title='bbox 1908 2031 1975 2060; x_wconf 87' lang='lat' dir='ltr'>Nec</span> <span class='ocrx_word' id='word_1_709' title='bbox 1991 2025 2049 2070; x_wconf 84' lang='lat' dir='ltr'>sub</span> <span class='ocrx_word' id='word_1_710' title='bbox 2066 2025 2119 2058; x_wconf 78' lang='lat' dir='ltr'>ob-</span> 
     </span>
     <span class='ocr_line' id='line_1_103' title="bbox 1228 2071 2110 2120; baseline 0.006 -17"><span class='ocrx_word' id='word_1_711' title='bbox 1228 2081 1314 2108; x_wconf 81' lang='lat' dir='ltr'>tentu</span> <span class='ocrx_word' id='word_1_712' title='bbox 1339 2071 1558 2114; x_wconf 73' lang='lat' dir='ltr'>consuetudinis</span> <span class='ocrx_word' id='word_1_713' title='bbox 1587 2083 1700 2108; x_wconf 81' lang='lat' dir='ltr'>reatum</span> <span class='ocrx_word' id='word_1_714' title='bbox 1715 2074 1804 2119; x_wconf 86' lang='lat' dir='ltr'>suum</span> <span class='ocrx_word' id='word_1_715' title='bbox 1835 2077 1946 2120; x_wconf 85' lang='lat' dir='ltr'>aliquis</span> <span class='ocrx_word' id='word_1_716' title='bbox 1976 2086 2110 2109; x_wconf 83' lang='lat' dir='ltr'>tueatur.</span> 
     </span>
     <span class='ocr_line' id='line_1_104' title="bbox 1231 2122 2116 2170; baseline 0.008 -17"><span class='ocrx_word' id='word_1_717' title='bbox 1231 2123 1317 2164; x_wconf 74' lang='lat' dir='ltr'>‚Quia</span> <span class='ocrx_word' id='word_1_718' title='bbox 1329 2122 1516 2155; x_wconf 72' lang='lat' dir='ltr'>diuturnitas</span> <span class='ocrx_word' id='word_1_719' title='bbox 1533 2131 1675 2166; x_wconf 85' lang='lat' dir='ltr'>temporis</span> <span class='ocrx_word' id='word_1_720' title='bbox 1688 2137 1746 2158; x_wconf 90' lang='lat' dir='ltr'>non</span> <span class='ocrx_word' id='word_1_721' title='bbox 1770 2132 1879 2160; x_wconf 79' lang='lat' dir='ltr'>minuit</span> <span class='ocrx_word' id='word_1_722' title='bbox 1898 2135 2037 2169; x_wconf 80' lang='lat' dir='ltr'>peccata,</span> <span class='ocrx_word' id='word_1_723' title='bbox 2055 2123 2116 2170; x_wconf 85' lang='lat' dir='ltr'>sed</span> 
     </span>
     <span class='ocr_line' id='line_1_105' title="bbox 1227 2170 2117 2223; baseline 0.011 -21"><span class='ocrx_word' id='word_1_724' title='bbox 1227 2180 1316 2215; x_wconf 85' lang='lat' dir='ltr'>auget</span> <span class='ocrx_word' id='word_1_725' title='bbox 1327 2196 1334 2203; x_wconf 97' lang='lat'>.</span> <span class='ocrx_word' id='word_1_726' title='bbox 1363 2170 1407 2205; x_wconf 90' lang='lat' dir='ltr'>Et</span> <span class='ocrx_word' id='word_1_727' title='bbox 1420 2182 1459 2204; x_wconf 87' lang='lat' dir='ltr'>ex</span> <span class='ocrx_word' id='word_1_728' title='bbox 1476 2171 1605 2212; x_wconf 81' lang='lat' dir='ltr'>laudata</span> <span class='ocrx_word' id='word_1_729' title='bbox 1617 2174 1757 2217; x_wconf 81' lang='lat' dir='ltr'>ejusdem</span> <span class='ocrx_word' id='word_1_730' title='bbox 1778 2176 1988 2215; x_wconf 81' lang='lat' dir='ltr'>Lateranenfi</span> <span class='ocrx_word' id='word_1_731' title='bbox 2007 2177 2117 2223; x_wconf 70' lang='lat' dir='ltr'>Syno-</span> 
     </span>
     <span class='ocr_line' id='line_1_106' title="bbox 1230 2221 2112 2271; baseline 0.008 -18"><span class='ocrx_word' id='word_1_732' title='bbox 1230 2221 1320 2254; x_wconf 86' lang='lat' dir='ltr'>nodo</span> <span class='ocrx_word' id='word_1_733' title='bbox 1334 2234 1347 2253; x_wconf 74' lang='lat'>.-</span> <span class='ocrx_word' id='word_1_734' title='bbox 1357 2224 1474 2258; x_wconf 78' lang='lat' dir='ltr'>Putant</span> <span class='ocrx_word' id='word_1_735' title='bbox 1479 2223 1583 2264; x_wconf 84' lang='lat' dir='ltr'>plures</span> <span class='ocrx_word' id='word_1_736' title='bbox 1596 2235 1633 2257; x_wconf 83' lang='lat' dir='ltr'>ex</span> <span class='ocrx_word' id='word_1_737' title='bbox 1647 2223 1791 2259; x_wconf 84' lang='lat' dir='ltr'>boclicere</span> <span class='ocrx_word' id='word_1_738' title='bbox 1801 2251 1811 2267; x_wconf 88' lang='lat'><strong><em>,</em></strong></span> <span class='ocrx_word' id='word_1_739' title='bbox 1822 2233 1894 2269; x_wconf 84' lang='lat' dir='ltr'>quia</span> <span class='ocrx_word' id='word_1_740' title='bbox 1904 2229 1995 2271; x_wconf 86' lang='lat' dir='ltr'>Iegem</span> <span class='ocrx_word' id='word_1_741' title='bbox 2007 2231 2112 2263; x_wconf 84' lang='lat' dir='ltr'>mortis</span> 
     </span>
     <span class='ocr_line' id='line_1_107' title="bbox 1228 2271 2110 2317; baseline 0.006 -14"><span class='ocrx_word' id='word_1_742' title='bbox 1228 2271 1316 2314; x_wconf 85' lang='lat' dir='ltr'>longa</span> <span class='ocrx_word' id='word_1_743' title='bbox 1328 2282 1379 2307; x_wconf 90' lang='lat' dir='ltr'>con</span> <span class='ocrx_word' id='word_1_744' title='bbox 1380 2271 1537 2314; x_wconf 81' lang='lat' dir='ltr'>suetudine</span> <span class='ocrx_word' id='word_1_745' title='bbox 1547 2274 1700 2317; x_wconf 82' lang='lat' dir='ltr'>invaluiffe</span> <span class='ocrx_word' id='word_1_746' title='bbox 1707 2275 1912 2317; x_wconf 83' lang='lat' dir='ltr'>arbitrantur,</span> <span class='ocrx_word' id='word_1_747' title='bbox 1931 2288 1989 2314; x_wconf 83' lang='lat' dir='ltr'>non</span> <span class='ocrx_word' id='word_1_748' title='bbox 2015 2284 2110 2309; x_wconf 83' lang='lat' dir='ltr'>atten-</span> 
     </span>
     <span class='ocr_line' id='line_1_108' title="bbox 1229 2319 2115 2370; baseline 0.006 -17"><span class='ocrx_word' id='word_1_749' title='bbox 1229 2323 1329 2359; x_wconf 78' lang='lat' dir='ltr'>dentes</span> <span class='ocrx_word' id='word_1_750' title='bbox 1340 2323 1422 2363; x_wconf 85' lang='lat' dir='ltr'>quod</span> <span class='ocrx_word' id='word_1_751' title='bbox 1430 2324 1512 2355; x_wconf 70' lang='lat' dir='ltr'>tanta</span> <span class='ocrx_word' id='word_1_752' title='bbox 1517 2329 1665 2366; x_wconf 81' lang='lat' dir='ltr'>graviora</span> <span class='ocrx_word' id='word_1_753' title='bbox 1668 2323 1741 2368; x_wconf 90' lang='lat' dir='ltr'>sunt</span> <span class='ocrx_word' id='word_1_754' title='bbox 1751 2331 1878 2363; x_wconf 84' lang='lat' dir='ltr'>crimina</span> <span class='ocrx_word' id='word_1_755' title='bbox 1890 2319 1904 2368; x_wconf 37' lang='lat'>,‘</span> <span class='ocrx_word' id='word_1_756' title='bbox 1922 2329 2038 2370; x_wconf 75' lang='lat' dir='ltr'>quanto</span> <span class='ocrx_word' id='word_1_757' title='bbox 2050 2327 2115 2359; x_wconf 77' lang='lat' dir='ltr'>ditt-</span> 
     </span>
     <span class='ocr_line' id='line_1_109' title="bbox 1228 2371 2115 2422; baseline 0.008 -20"><span class='ocrx_word' id='word_1_758' title='bbox 1228 2372 1287 2403; x_wconf 74' lang='lat' dir='ltr'>tius</span> <span class='ocrx_word' id='word_1_759' title='bbox 1316 2371 1461 2412; x_wconf 84' lang='lat' dir='ltr'>infelicem</span> <span class='ocrx_word' id='word_1_760' title='bbox 1480 2378 1614 2409; x_wconf 83' lang='lat' dir='ltr'>animam</span> <span class='ocrx_word' id='word_1_761' title='bbox 1637 2380 1786 2411; x_wconf 86' lang='lat' dir='ltr'>tenuerint</span> <span class='ocrx_word' id='word_1_762' title='bbox 1803 2377 1977 2420; x_wconf 80' lang='lat' dir='ltr'>alligatam.</span> <span class='ocrx_word' id='word_1_763' title='bbox 2003 2376 2115 2422; x_wconf 84' lang='lat' dir='ltr'>Qem</span> 
     </span>
     <span class='ocr_line' id='line_1_110' title="bbox 1233 2421 2177 2479; baseline 0.006 -25"><span class='ocrx_word' id='word_1_764' title='bbox 1233 2430 1406 2465; x_wconf 88' lang='lat' dir='ltr'>utrumque</span> <span class='ocrx_word' id='word_1_765' title='bbox 1418 2421 1592 2458; x_wconf 86' lang='lat' dir='ltr'>Canonem</span> <span class='ocrx_word' id='word_1_766' title='bbox 1603 2425 1667 2462; x_wconf 85' lang='lat' dir='ltr'>suis</span> <span class='ocrx_word' id='word_1_767' title='bbox 1691 2425 1729 2459; x_wconf 87' lang='lat' dir='ltr'>ad</span> <span class='ocrx_word' id='word_1_768' title='bbox 1752 2426 1886 2464; x_wconf 80' lang='lat' dir='ltr'>titulum</span> <span class='ocrx_word' id='word_1_769' title='bbox 1907 2426 1948 2465; x_wconf 85' lang='lat' dir='ltr'>de</span> <span class='ocrx_word' id='word_1_770' title='bbox 1968 2423 2116 2464; x_wconf 72' lang='lat' dir='ltr'>,Simonla</span> <span class='ocrx_word' id='word_1_771' title='bbox 2133 2449 2177 2479; x_wconf 56' lang='lat' dir='ltr'>ca</span> 
     </span>
     <span class='ocr_line' id='line_1_111' title="bbox 1235 2457 2207 2519; baseline 0.007 -15"><span class='ocrx_word' id='word_1_772' title='bbox 1235 2469 1462 2505; x_wconf 88' lang='lat' dir='ltr'>Decretalibus</span> <span class='ocrx_word' id='word_1_773' title='bbox 1487 2474 1621 2509; x_wconf 87' lang='lat' dir='ltr'>inseruit</span> <span class='ocrx_word' id='word_1_774' title='bbox 1640 2474 1819 2519; x_wconf 85' lang='lat' dir='ltr'>Gregorius</span> <span class='ocrx_word' id='word_1_775' title='bbox 1838 2487 1946 2511; x_wconf 83' lang='lat' dir='ltr'>nonus</span> <span class='ocrx_word' id='word_1_776' title='bbox 1968 2500 1975 2507; x_wconf 91' lang='lat'>.</span> <span class='ocrx_word' id='word_1_777' title='bbox 2011 2472 2115 2518; x_wconf 80' lang='lat' dir='ltr'>Apud</span> <span class='ocrx_word' id='word_1_778' title='bbox 2180 2457 2207 2486; x_wconf 65' lang='grc' dir='ltr'>ρ’</span> 
     </span>
     <span class='ocr_line' id='line_1_112' title="bbox 1234 2521 2115 2567; baseline 0.007 -13"><span class='ocrx_word' id='word_1_779' title='bbox 1234 2521 1376 2555; x_wconf 87' lang='lat' dir='ltr'>eundem</span> <span class='ocrx_word' id='word_1_780' title='bbox 1389 2522 1476 2556; x_wconf 88' lang='lat' dir='ltr'>idern</span> <span class='ocrx_word' id='word_1_781' title='bbox 1491 2523 1679 2559; x_wconf 83' lang='lat' dir='ltr'>Alexander</span> <span class='ocrx_word' id='word_1_782' title='bbox 1694 2522 1803 2561; x_wconf 83' lang='lat' dir='ltr'>scribit</span> <span class='ocrx_word' id='word_1_783' title='bbox 1826 2525 1868 2562; x_wconf 79' lang='lat' dir='ltr'>ad</span> <span class='ocrx_word' id='word_1_784' title='bbox 1889 2524 1998 2562; x_wconf 79' lang='lat' dir='ltr'>nescio</span> <span class='ocrx_word' id='word_1_785' title='bbox 2015 2534 2115 2567; x_wconf 82' lang='lat' dir='ltr'>quem</span> 
     </span>
     <span class='ocr_line' id='line_1_113' title="bbox 1236 2565 2288 2617; baseline 0.002 -13"><span class='ocrx_word' id='word_1_786' title='bbox 1236 2571 1454 2615; x_wconf 84' lang='lat' dir='ltr'>Episcopum:</span> <span class='ocrx_word' id='word_1_787' title='bbox 1483 2574 1747 2615; x_wconf 77' lang='lat' dir='ltr'>Audivimusquod</span> <span class='ocrx_word' id='word_1_788' title='bbox 1755 2585 1888 2608; x_wconf 84' lang='lat' dir='ltr'>nummos</span> <span class='ocrx_word' id='word_1_789' title='bbox 1895 2582 1953 2617; x_wconf 86' lang='lat' dir='ltr'>pro</span> <span class='ocrx_word' id='word_1_790' title='bbox 1962 2572 2115 2617; x_wconf 71' lang='lat' dir='ltr'>,chrisma-</span> <span class='ocrx_word' id='word_1_791' title='bbox 2134 2565 2206 2606; x_wconf 70' lang='lat' dir='ltr'>C²Pv</span> <span class='ocrx_word' id='word_1_792' title='bbox 2236 2572 2288 2599; x_wconf 51' lang='lat'><strong>⁴¹⁶·</strong></span> 
     </span>
     <span class='ocr_line' id='line_1_114' title="bbox 1234 2621 2115 2665; baseline 0.001 -11"><span class='ocrx_word' id='word_1_793' title='bbox 1234 2631 1263 2655; x_wconf 86' lang='lat' dir='ltr'>te</span> <span class='ocrx_word' id='word_1_794' title='bbox 1281 2622 1320 2654; x_wconf 88' lang='lat' dir='ltr'>ab</span> <span class='ocrx_word' id='word_1_795' title='bbox 1340 2621 1471 2663; x_wconf 77' lang='lat' dir='ltr'>Ecclesr‘is</span> <span class='ocrx_word' id='word_1_796' title='bbox 1494 2629 1675 2664; x_wconf 80' lang='lat' dir='ltr'>extorquetis</span> <span class='ocrx_word' id='word_1_797' title='bbox 1698 2647 1708 2662; x_wconf 93' lang='lat'><em>‚</em></span> <span class='ocrx_word' id='word_1_798' title='bbox 1733 2635 1805 2665; x_wconf 78' lang='lat' dir='ltr'>quos</span> <span class='ocrx_word' id='word_1_799' title='bbox 1828 2636 1903 2659; x_wconf 91' lang='lat' dir='ltr'>nunc</span> <span class='ocrx_word' id='word_1_800' title='bbox 1926 2623 2115 2659; x_wconf 72' lang='lat' dir='ltr'>cathedrati-</span> 
     </span>
     <span class='ocr_line' id='line_1_115' title="bbox 1233 2670 2114 2715; baseline 0.003 -12"><span class='ocrx_word' id='word_1_801' title='bbox 1233 2683 1294 2704; x_wconf 88' lang='lat' dir='ltr'>cum</span> <span class='ocrx_word' id='word_1_802' title='bbox 1306 2697 1317 2713; x_wconf 82' lang='lat'>‚</span> <span class='ocrx_word' id='word_1_803' title='bbox 1342 2673 1504 2713; x_wconf 84' lang='lat' dir='ltr'>aliquando</span> <span class='ocrx_word' id='word_1_804' title='bbox 1515 2670 1689 2714; x_wconf 76' lang='lat' dir='ltr'>Paftbalem</span> <span class='ocrx_word' id='word_1_805' title='bbox 1694 2673 1912 2714; x_wconf 79' lang='lat' dir='ltr'>praestationem</span> <span class='ocrx_word' id='word_1_806' title='bbox 1922 2699 1933 2715; x_wconf 93' lang='lat'><strong><em>,</em></strong></span> <span class='ocrx_word' id='word_1_807' title='bbox 1958 2675 2114 2708; x_wconf 82' lang='lat' dir='ltr'>interdum</span> 
     </span>
     <span class='ocr_line' id='line_1_116' title="bbox 1234 2720 2114 2769; baseline 0.003 -15"><span class='ocrx_word' id='word_1_808' title='bbox 1234 2720 1438 2765; x_wconf 75' lang='lat' dir='ltr'>Epist-opalem</span> <span class='ocrx_word' id='word_1_809' title='bbox 1447 2720 1684 2769; x_wconf 80' lang='lat' dir='ltr'>consuetudinem</span> <span class='ocrx_word' id='word_1_810' title='bbox 1694 2725 1851 2766; x_wconf 81' lang='lat' dir='ltr'>appellatis</span> <span class='ocrx_word' id='word_1_811' title='bbox 1863 2750 1871 2758; x_wconf 88' lang='lat'><strong>.</strong></span> <span class='ocrx_word' id='word_1_812' title='bbox 1900 2726 2114 2763; x_wconf 76' lang='lat' dir='ltr'>Exafflonem</span> 
     </span>
     <span class='ocr_line' id='line_1_117' title="bbox 1234 2771 2277 2824; baseline -0.004 -14"><span class='ocrx_word' id='word_1_813' title='bbox 1234 2771 1368 2806; x_wconf 85' lang='lat' dir='ltr'>damnat</span> <span class='ocrx_word' id='word_1_814' title='bbox 1379 2772 1419 2806; x_wconf 88' lang='lat' dir='ltr'>de</span> <span class='ocrx_word' id='word_1_815' title='bbox 1435 2773 1603 2810; x_wconf 82' lang='lat' dir='ltr'>Simonia·</span> <span class='ocrx_word' id='word_1_816' title='bbox 1631 2773 1675 2810; x_wconf 86' lang='lat' dir='ltr'>Et</span> <span class='ocrx_word' id='word_1_817' title='bbox 1695 2773 1737 2808; x_wconf 82' lang='lat' dir='ltr'>ad</span> <span class='ocrx_word' id='word_1_818' title='bbox 1760 2775 2029 2812; x_wconf 79' lang='lat' dir='ltr'>cantuariensem</span> <span class='ocrx_word' id='word_1_819' title='bbox 2054 2774 2115 2807; x_wconf 82' lang='lat' dir='ltr'>Ar·</span> <span class='ocrx_word' id='word_1_820' title='bbox 2260 2798 2277 2824; x_wconf 62' lang='lat'>6</span> 
     </span>
     <span class='ocr_line' id='line_1_118' title="bbox 1234 2799 2288 2868; baseline 0.008 -13"><span class='ocrx_word' id='word_1_821' title='bbox 1234 2821 1478 2866; x_wconf 88' lang='lat' dir='ltr'>chiepiscopum</span> <span class='ocrx_word' id='word_1_822' title='bbox 1500 2821 1713 2859; x_wconf 82' lang='lat' dir='ltr'>Innocentius</span> <span class='ocrx_word' id='word_1_823' title='bbox 1733 2826 1847 2859; x_wconf 88' lang='lat' dir='ltr'>tertius</span> <span class='ocrx_word' id='word_1_824' title='bbox 1869 2839 1877 2858; x_wconf 90' lang='lat'>:</span> <span class='ocrx_word' id='word_1_825' title='bbox 1905 2823 2115 2868; x_wconf 28' lang='lat' dir='ltr'>Pervenit-ad</span> <span class='ocrx_word' id='word_1_826' title='bbox 2133 2799 2204 2836; x_wconf 52' lang='grc' dir='ltr'>αρ’</span> <span class='ocrx_word' id='word_1_827' title='bbox 2239 2806 2253 2834; x_wconf 70' lang='lat'>³</span> <span class='ocrx_word' id='word_1_828' title='bbox 2279 2818 2288 2826; x_wconf 53' lang='lat'>⁶</span> 
     </span>
    </p>
   </div>
   <div class='ocr_carea' id='block_1_14' title="bbox 1219 2860 2114 2918">
    <p class='ocr_par' dir='ltr' id='par_1_15' title="bbox 1219 2860 2114 2918">
     <span class='ocr_line' id='line_1_119' title="bbox 1219 2860 2114 2918; baseline -0.001 -13"><span class='ocrx_word' id='word_1_829' title='bbox 1219 2860 1223 2915; x_wconf 60' lang='lat' dir='ltr'>l</span> <span class='ocrx_word' id='word_1_830' title='bbox 1234 2874 1421 2909; x_wconf 82' lang='lat' dir='ltr'>audientiam</span> <span class='ocrx_word' id='word_1_831' title='bbox 1434 2871 1567 2914; x_wconf 70' lang='lat' dir='ltr'>nestram,</span> <span class='ocrx_word' id='word_1_832' title='bbox 1578 2874 1730 2915; x_wconf 87' lang='lat' dir='ltr'>quodcum</span> <span class='ocrx_word' id='word_1_833' title='bbox 1740 2876 1808 2908; x_wconf 86' lang='lat' dir='ltr'>olim</span> <span class='ocrx_word' id='word_1_834' title='bbox 1819 2877 1945 2918; x_wconf 82' lang='lat' dir='ltr'>quidam</span> <span class='ocrx_word' id='word_1_835' title='bbox 1964 2873 2114 2915; x_wconf 62' lang='lat' dir='ltr'>Suffiutgrt-</span> 
     </span>
    </p>
   </div>
   <div class='ocr_carea' id='block_1_15' title="bbox 1221 2921 2119 3564">
    <p class='ocr_par' dir='ltr' id='par_1_16' title="bbox 1221 2921 2119 3564">
     <span class='ocr_line' id='line_1_120' title="bbox 1236 2921 2113 2968; baseline 0.001 -13"><span class='ocrx_word' id='word_1_836' title='bbox 1236 2927 1283 2956; x_wconf 84' lang='lat' dir='ltr'>nei</span> <span class='ocrx_word' id='word_1_837' title='bbox 1294 2927 1338 2956; x_wconf 84' lang='lat' dir='ltr'>tui</span> <span class='ocrx_word' id='word_1_838' title='bbox 1346 2930 1405 2965; x_wconf 81' lang='lat' dir='ltr'>pro</span> <span class='ocrx_word' id='word_1_839' title='bbox 1419 2921 1585 2966; x_wconf 73' lang='lat' dir='ltr'>chrismate</span> <span class='ocrx_word' id='word_1_840' title='bbox 1609 2933 1718 2959; x_wconf 81' lang='lat' dir='ltr'>certam</span> <span class='ocrx_word' id='word_1_841' title='bbox 1739 2923 1900 2968; x_wconf 82' lang='lat' dir='ltr'>censuerint</span> <span class='ocrx_word' id='word_1_842' title='bbox 1921 2932 2047 2965; x_wconf 81' lang='lat' dir='ltr'>accipere</span> <span class='ocrx_word' id='word_1_843' title='bbox 2062 2931 2113 2963; x_wconf 82' lang='lat' dir='ltr'>pe-</span> 
     </span>
     <span class='ocr_line' id='line_1_121' title="bbox 1234 2976 2113 3018; baseline -0.008 -9"><span class='ocrx_word' id='word_1_844' title='bbox 1234 2979 1327 3009; x_wconf 78' lang='lat' dir='ltr'>cuniae</span> <span class='ocrx_word' id='word_1_845' title='bbox 1341 2981 1542 3014; x_wconf 65' lang='lat' dir='ltr'>quantitatem</span> <span class='ocrx_word' id='word_1_846' title='bbox 1557 2998 1567 3013; x_wconf 91' lang='lat'>‚</span> <span class='ocrx_word' id='word_1_847' title='bbox 1593 2985 1650 3009; x_wconf 88' lang='lat' dir='ltr'>non</span> <span class='ocrx_word' id='word_1_848' title='bbox 1666 2984 1824 3008; x_wconf 79' lang='lat' dir='ltr'>metuentes</span> <span class='ocrx_word' id='word_1_849' title='bbox 1842 2984 1964 3018; x_wconf 68' lang='lat' dir='ltr'>panum</span> <span class='ocrx_word' id='word_1_850' title='bbox 1985 2976 2113 3008; x_wconf 77' lang='lat' dir='ltr'>canam·-</span> 
     </span>
     <span class='ocr_line' id='line_1_122' title="bbox 1234 3023 2112 3070; baseline 0.006 -17"><span class='ocrx_word' id='word_1_851' title='bbox 1234 3033 1298 3054; x_wconf 86' lang='lat' dir='ltr'>cam</span> <span class='ocrx_word' id='word_1_852' title='bbox 1310 3048 1320 3063; x_wconf 92' lang='lat'>‚</span> <span class='ocrx_word' id='word_1_853' title='bbox 1330 3024 1364 3056; x_wconf 56' lang='grc' dir='ltr'>(ν</span> <span class='ocrx_word' id='word_1_854' title='bbox 1373 3023 1572 3058; x_wconf 78' lang='lat' dir='ltr'>corrct‘lionem</span> <span class='ocrx_word' id='word_1_855' title='bbox 1584 3033 1668 3062; x_wconf 81' lang='lat' dir='ltr'>tuam</span> <span class='ocrx_word' id='word_1_856' title='bbox 1679 3025 1794 3059; x_wconf 84' lang='lat' dir='ltr'>eludere</span> <span class='ocrx_word' id='word_1_857' title='bbox 1803 3032 1950 3070; x_wconf 79' lang='lat' dir='ltr'>cupientes</span> <span class='ocrx_word' id='word_1_858' title='bbox 1962 3047 1973 3063; x_wconf 87' lang='lat'>‚</span> <span class='ocrx_word' id='word_1_859' title='bbox 1991 3030 2112 3063; x_wconf 70' lang='lat' dir='ltr'>,tempus</span> 
     </span>
     <span class='ocr_line' id='line_1_123' title="bbox 1226 3071 2114 3118; baseline 0 -15"><span class='ocrx_word' id='word_1_860' title='bbox 1226 3071 1382 3118; x_wconf 70' lang='lat' dir='ltr'>facienda</span> <span class='ocrx_word' id='word_1_861' title='bbox 1387 3071 1541 3114; x_wconf 73' lang='lat' dir='ltr'>solutionis</span> <span class='ocrx_word' id='word_1_862' title='bbox 1552 3081 1721 3116; x_wconf 82' lang='lat' dir='ltr'>anticipant</span> <span class='ocrx_word' id='word_1_863' title='bbox 1731 3099 1742 3115; x_wconf 87' lang='lat'>‚</span> <span class='ocrx_word' id='word_1_864' title='bbox 1767 3080 1937 3118; x_wconf 79' lang='lat' dir='ltr'>recipientes</span> <span class='ocrx_word' id='word_1_865' title='bbox 1961 3078 1993 3104; x_wconf 82' lang='lat' dir='ltr'>in</span> <span class='ocrx_word' id='word_1_866' title='bbox 2015 3073 2114 3104; x_wconf 83' lang='lat' dir='ltr'>media</span> 
     </span>
     <span class='ocr_line' id='line_1_124' title="bbox 1221 3119 2112 3170; baseline -0.001 -15"><span class='ocrx_word' id='word_1_867' title='bbox 1221 3124 1224 3129; x_wconf 83' lang='lat'><em>&#39;</em></span> <span class='ocrx_word' id='word_1_868' title='bbox 1236 3122 1472 3165; x_wconf 74' lang='lat' dir='ltr'>,Quadragefima</span> <span class='ocrx_word' id='word_1_869' title='bbox 1486 3126 1566 3165; x_wconf 85' lang='lat' dir='ltr'>quod</span> <span class='ocrx_word' id='word_1_870' title='bbox 1576 3132 1698 3167; x_wconf 72' lang='lat' dir='ltr'>recipere</span> <span class='ocrx_word' id='word_1_871' title='bbox 1709 3123 1880 3170; x_wconf 67' lang='lat' dir='ltr'>consuevere</span> <span class='ocrx_word' id='word_1_872' title='bbox 1894 3122 1956 3164; x_wconf 88' lang='lat' dir='ltr'>post</span> <span class='ocrx_word' id='word_1_873' title='bbox 1979 3119 2092 3164; x_wconf 84' lang='lat' dir='ltr'>Pascha</span> <span class='ocrx_word' id='word_1_874' title='bbox 2103 3146 2112 3161; x_wconf 87' lang='lat'>‚</span> 
     </span>
     <span class='ocr_line' id='line_1_125' title="bbox 1222 3169 2115 3217; baseline -0.002 -11"><span class='ocrx_word' id='word_1_875' title='bbox 1222 3169 1310 3208; x_wconf 55' lang='lat' dir='ltr'>&#39;sttui</span> <span class='ocrx_word' id='word_1_876' title='bbox 1319 3171 1439 3215; x_wconf 66' lang='lat' dir='ltr'>causam</span> <span class='ocrx_word' id='word_1_877' title='bbox 1464 3176 1624 3217; x_wconf 83' lang='lat' dir='ltr'>recipiendi</span> <span class='ocrx_word' id='word_1_878' title='bbox 1646 3174 1838 3215; x_wconf 65' lang='lat' dir='ltr'>affimant,</span> <span class='ocrx_word' id='word_1_879' title='bbox 1859 3183 1960 3205; x_wconf 90' lang='lat' dir='ltr'>nomen</span> <span class='ocrx_word' id='word_1_880' title='bbox 1980 3173 2115 3208; x_wconf 80' lang='lat' dir='ltr'>denario-</span> 
     </span>
     <span class='ocr_line' id='line_1_126' title="bbox 1236 3220 2114 3265; baseline 0.001 -10"><span class='ocrx_word' id='word_1_881' title='bbox 1236 3233 1302 3254; x_wconf 86' lang='lat' dir='ltr'>rum</span> <span class='ocrx_word' id='word_1_882' title='bbox 1329 3228 1453 3255; x_wconf 78' lang='lat' dir='ltr'>variant</span> <span class='ocrx_word' id='word_1_883' title='bbox 1473 3247 1483 3262; x_wconf 97' lang='lat'>,</span> <span class='ocrx_word' id='word_1_884' title='bbox 1509 3226 1646 3258; x_wconf 81' lang='lat' dir='ltr'>denarios</span> <span class='ocrx_word' id='word_1_885' title='bbox 1667 3247 1678 3264; x_wconf 92' lang='lat'>‚</span> <span class='ocrx_word' id='word_1_886' title='bbox 1704 3233 1774 3264; x_wconf 87' lang='lat' dir='ltr'>quos</span> <span class='ocrx_word' id='word_1_887' title='bbox 1794 3222 1882 3263; x_wconf 73' lang='lat' dir='ltr'>prius</span> <span class='ocrx_word' id='word_1_888' title='bbox 1909 3220 2114 3265; x_wconf 67' lang='lat' dir='ltr'>chrismaln,</span> 
     </span>
     <span class='ocr_line' id='line_1_127' title="bbox 1230 3269 2113 3315; baseline -0.001 -10"><span class='ocrx_word' id='word_1_889' title='bbox 1230 3269 1354 3314; x_wconf 74' lang='lat' dir='ltr'>secundo</span> <span class='ocrx_word' id='word_1_890' title='bbox 1377 3271 1536 3315; x_wconf 72' lang='lat' dir='ltr'>paschales</span> <span class='ocrx_word' id='word_1_891' title='bbox 1558 3273 1695 3311; x_wconf 80' lang='lat' dir='ltr'>dicebant</span> <span class='ocrx_word' id='word_1_892' title='bbox 1717 3295 1727 3310; x_wconf 90' lang='lat'><strong>,</strong></span> <span class='ocrx_word' id='word_1_893' title='bbox 1752 3270 1985 3314; x_wconf 80' lang='lat' dir='ltr'>consuetudinem</span> <span class='ocrx_word' id='word_1_894' title='bbox 2007 3272 2113 3307; x_wconf 70' lang='lat' dir='ltr'>medie</span> 
     </span>
     <span class='ocr_line' id='line_1_128' title="bbox 1235 3320 2118 3368; baseline -0.002 -13"><span class='ocrx_word' id='word_1_895' title='bbox 1235 3323 1476 3366; x_wconf 72' lang='lat' dir='ltr'>⁴Quadragefimae</span> <span class='ocrx_word' id='word_1_896' title='bbox 1487 3330 1690 3368; x_wconf 79' lang='lat' dir='ltr'>nuncupantes</span> <span class='ocrx_word' id='word_1_897' title='bbox 1702 3345 1710 3352; x_wconf 93' lang='lat'><strong>.</strong></span> <span class='ocrx_word' id='word_1_898' title='bbox 1734 3321 1816 3358; x_wconf 80' lang='lat' dir='ltr'>Eam</span> <span class='ocrx_word' id='word_1_899' title='bbox 1827 3323 1977 3360; x_wconf 85' lang='lat' dir='ltr'>adfirmat</span> <span class='ocrx_word' id='word_1_900' title='bbox 1990 3320 2118 3363; x_wconf 81' lang='lat' dir='ltr'>nequis-</span> 
     </span>
     <span class='ocr_line' id='line_1_129' title="bbox 1236 3369 2117 3416; baseline -0.001 -12"><span class='ocrx_word' id='word_1_901' title='bbox 1236 3374 1345 3406; x_wconf 79' lang='lat' dir='ltr'>simam</span> <span class='ocrx_word' id='word_1_902' title='bbox 1356 3396 1366 3412; x_wconf 94' lang='lat'>,</span> <span class='ocrx_word' id='word_1_903' title='bbox 1391 3384 1505 3416; x_wconf 91' lang='lat' dir='ltr'>utpote</span> <span class='ocrx_word' id='word_1_904' title='bbox 1514 3383 1584 3415; x_wconf 84' lang='lat' dir='ltr'>quae</span> <span class='ocrx_word' id='word_1_905' title='bbox 1596 3372 1652 3405; x_wconf 89' lang='lat' dir='ltr'>fiat</span> <span class='ocrx_word' id='word_1_906' title='bbox 1663 3371 1841 3415; x_wconf 87' lang='lat' dir='ltr'>anticipato</span> <span class='ocrx_word' id='word_1_907' title='bbox 1853 3373 1958 3416; x_wconf 89' lang='lat' dir='ltr'>pretio</span> <span class='ocrx_word' id='word_1_908' title='bbox 1971 3396 1982 3411; x_wconf 89' lang='lat'><strong>,</strong></span> <span class='ocrx_word' id='word_1_909' title='bbox 2003 3369 2117 3404; x_wconf 87' lang='lat' dir='ltr'>vendi·</span> 
     </span>
     <span class='ocr_line' id='line_1_130' title="bbox 1235 3419 2119 3466; baseline -0.002 -12"><span class='ocrx_word' id='word_1_910' title='bbox 1235 3423 1360 3456; x_wconf 84' lang='lat' dir='ltr'>tionem</span> <span class='ocrx_word' id='word_1_911' title='bbox 1373 3435 1411 3456; x_wconf 89' lang='lat' dir='ltr'>ac</span> <span class='ocrx_word' id='word_1_912' title='bbox 1422 3421 1602 3455; x_wconf 80' lang='lat' dir='ltr'>simoniam</span> <span class='ocrx_word' id='word_1_913' title='bbox 1612 3445 1623 3462; x_wconf 88' lang='lat'><strong>,</strong></span> <span class='ocrx_word' id='word_1_914' title='bbox 1652 3421 1850 3466; x_wconf 85' lang='lat' dir='ltr'>mandatque</span> <span class='ocrx_word' id='word_1_915' title='bbox 1861 3422 2008 3456; x_wconf 86' lang='lat' dir='ltr'>funditus</span> <span class='ocrx_word' id='word_1_916' title='bbox 2016 3419 2119 3453; x_wconf 84' lang='lat' dir='ltr'>eradi-</span> 
     </span>
     <span class='ocr_line' id='line_1_131' title="bbox 1321 3469 2117 3514; baseline -0.001 -9"><span class='ocrx_word' id='word_1_917' title='bbox 1321 3497 1330 3505; x_wconf 83' lang='grc'><strong>.</strong></span> <span class='ocrx_word' id='word_1_918' title='bbox 1367 3472 1418 3509; x_wconf 82' lang='lat' dir='ltr'>Ex</span> <span class='ocrx_word' id='word_1_919' title='bbox 1444 3469 1562 3514; x_wconf 89' lang='lat' dir='ltr'>quibus</span> <span class='ocrx_word' id='word_1_920' title='bbox 1589 3472 1742 3507; x_wconf 83' lang='lat' dir='ltr'>omnibus</span> <span class='ocrx_word' id='word_1_921' title='bbox 1769 3471 1857 3508; x_wconf 77' lang='lat' dir='ltr'>vides</span> <span class='ocrx_word' id='word_1_922' title='bbox 1882 3472 2002 3508; x_wconf 81' lang='lat' dir='ltr'>vitium</span> <span class='ocrx_word' id='word_1_923' title='bbox 2024 3469 2117 3504; x_wconf 73' lang='lat' dir='ltr'>fuisse</span> 
     </span>
     <span class='ocr_line' id='line_1_132' title="bbox 1221 3521 2067 3564; baseline -0.002 -8"><span class='ocrx_word' id='word_1_924' title='bbox 1221 3530 1226 3564; x_wconf 74' lang='grc' dir='ltr'>ι</span> <span class='ocrx_word' id='word_1_925' title='bbox 1942 3521 2067 3556; x_wconf 88' lang='lat' dir='ltr'>dudum</span> 
     </span>
    </p>
   </div>
   <div class='ocr_carea' id='block_1_16' title="bbox 1220 2715 1225 3456">
    <p class='ocr_par' dir='ltr' id='par_1_17' title="bbox 1220 2715 1225 3456">
     <span class='ocr_line' id='line_1_133' title="bbox 1220 2715 1225 3456; baseline 0 0"><span class='ocrx_word' id='word_1_926' title='bbox 1220 2715 1225 3456; x_wconf 95' lang='lat' dir='ltr'> </span> 
     </span>
    </p>
   </div>
  </div>
 </body>
</html>
