2352 3736
144 713 278 754 Epist.19‚

117 1782 165 1813 ὦ
183 1785 231 1814 ἰοὶ

320 245 374 282 vel
384 244 539 281 dubitare.
564 240 670 292 Qod
680 241 883 279 validitatem
894 242 988 278 istam
999 240 1069 275 Leo
1080 251 1201 284 nonus,

315 294 502 340 Stephanus
511 292 680 335 decimus,
704 293 865 331 Nicolaus
890 293 926 326 ὅ(
945 289 1137 326 Alexander
1156 292 1202 326 se·

319 345 463 384 candus,
483 343 663 389 Gregorius
676 343 851 386 septimus,
873 339 1054 380 Urbanus,
1065 339 1199 376 Pascha-

318 396 362 430 iis
371 419 382 434 ‚
397 394 544 429 Gelafius
553 415 566 433 ,
589 393 624 428 ἅτ
638 392 789 428 Calixtus
799 390 959 426 secundus
969 402 1028 436 pro
1037 389 1199 435 chymeri-

318 457 362 479 co
387 444 535 479 monstro
545 442 718 479 habuerint
727 465 740 481 ,
764 439 811 475 est
836 439 938 486 longe
959 442 1171 477 certiffimum
1185 466 1197 483 ‚

317 493 436 529 diserte
447 504 557 529 tamen
569 493 605 527 in
621 491 684 526 suis
699 490 850 525 Decretis
862 503 933 526 non
953 491 1174 535 expresserunt
1185 516 1197 533 ,

318 544 460 587 ideoque
480 541 656 578 libidinosa
669 539 909 586 Episcoporum
932 543 967 577 δε
988 542 1196 577 Clericorum

316 596 378 629 fax
398 592 477 630 hinc
495 590 572 626 inde
590 601 662 625 non
682 590 778 627 defiit
795 602 937 628 errorem
956 594 1196 628 contumaciter

314 644 497 680 defensare.-

363 694 485 728 Favere
496 688 666 729 videbatur
674 690 840 727 Paschalis
851 694 982 728 secundi
997 693 1038 729 ad
1050 693 1195 738 Compo-

314 743 409 779 ssella’,
434 741 632 776 Antistitem
654 741 801 787 Epistola
811 768 824 785 ,
849 745 949 788 usque
970 744 1011 779 ad
1035 744 1194 779 Romanae

312 793 395 837 legis
405 790 643 836 susceptionem
655 802 751 828 natos
764 792 783 827 ὲ
793 794 978 840 conjugatis
1002 794 1094 838 juxta
1117 794 1194 828 His-

311 843 413 886 paniae
424 841 696 878 consuetudinem
711 844 941 879 Sacerdotibus
952 843 1038 879 filios
1061 845 1187 888 permit·

311 904 382 926 tens
391 893 453 926 effe
463 902 630 936 tamquam
640 893 807 938 legitimos
837 895 948 929 omnis
969 894 1193 930 Ecclefiasticae

309 942 345 976 ἀ
356 943 461 976 civilis
472 942 644 987 dignitatis
656 954 806 987 capaces.
832 945 944 980 Etiam
965 943 1101 989 quidam
1121 957 1192 989 pro-

308 992 378 1027 bati
400 992 548 1027 ᾱοᾶοτεε
567 993 766 1038 cespitarunt
786 995 823 1029 in
836 994 926 1030 hisce
938 995 1070 1030 nebulis
1087 1021 1098 1037 ,
1125 1007 1191 1030 cre-

308 1041 423 1077 dentes
435 1043 560 1078 avitum
572 1043 700 1080 Latinae
709 1070 721 1087 ‚
749 1045 818 1080 imo
839 1045 1071 1090 Apostolicum
1096 1055 1192 1090 atque

308 1091 482 1128 Nicaenum
503 1093 691 1129 universalis
710 1095 860 1130 Ecclefiae
875 1096 1050 1131 Canonem
1071 1107 1127 1140 per
1140 1095 1191 1129 ad-

307 1144 431 1178 versam
450 1143 535 1179 tanti
555 1145 712 1189 temporis
720 1146 996 1181 consuetudinem
1017 1146 1116 1190 sopiri
1136 1157 1190 1190 po-

306 1193 401 1228 tuiffe
411 1218 422 1235 ‚
449 1192 519 1228 imo
543 1193 579 1228 δε
589 1194 741 1242 abrogari
751 1220 759 1228 .
786 1197 898 1243 Quare
921 1196 1123 1232 intolerabili
1145 1207 1190 1230 er-

304 1244 372 1278 rori
382 1255 519 1279 omnem
534 1245 648 1280 ansam
673 1256 772 1290 atque
782 1246 971 1283 fomentum
985 1247 1110 1291 praecisa
1134 1257 1189 1280 vo-

306 1292 377 1328 lens
386 1295 424 1328 In
430 1294 601 1330 nocentius
613 1295 773 1331 secundus
785 1297 819 1331 in
840 1298 895 1332 sua
905 1296 1111 1332 Lateranenli
1131 1296 1189 1339 Sy·

304 1344 395 1378 nodo
406 1343 517 1380 statuit
527 1369 541 1387 ,
565 1355 624 1380 aut
646 1345 756 1389 potius
765 1346 941 1382 declaravit
963 1344 1120 1390 istiusmodi
1144 1357 1187 1380 co·

299 1394 482 1436 palationem
494 1418 506 1435 ‚
522 1405 613 1436 quam
624 1403 728 1428 contra
739 1395 966 1437 Ecclefiasticam
975 1397 1109 1442 regulam
1121 1407 1186 1430 con-

295 1443 360 1483 stat
370 1445 422 1487 effe
431 1445 615 1477 contr-allam
624 1469 636 1484 ,
661 1450 880 1478 matrimonium
897 1458 955 1479 non
966 1446 1018 1488 effe
1033 1471 1041 1479 .
1067 1446 1186 1482 Bafilio

302 1492 428 1527 Pontio
441 1493 476 1527 δε
486 1494 559 1526 aliis
571 1492 764 1536 quibusdam
775 1491 975 1528 scholasticis
986 1495 1186 1531 Dostoribus

301 1543 389 1577 visus
398 1541 443 1577 est
453 1541 495 1578 de
505 1542 581 1577 solis
591 1543 707 1577 futuris
718 1542 1005 1585 conjunstionibus
1037 1545 1187 1581 decetne-

301 1603 337 1628 re
346 1617 357 1634 ‚
383 1601 480 1638 atque
501 1594 546 1628 ita
567 1592 710 1630 creditus
730 1593 825 1629 fuisse
849 1594 970 1641 primus
992 1595 1133 1643 ipsarum
1145 1597 1184 1631 ir-

300 1653 435 1679 ritator.

348 1695 461 1744 Qam
480 1708 614 1733 omnem
635 1696 863 1734 doetrinamin
882 1698 1022 1744 septimo
1034 1696 1184 1734 Theolo-

299 1747 381 1792 gicae
393 1745 590 1782 eruditionis
601 1748 759 1783 Trastatu
771 1749 871 1784 docet
882 1775 893 1790 ,
909 1761 1006 1794 atque
1019 1750 1185 1795 insigniter

298 1795 444 1832 elucidat
471 1798 570 1833 etiam
592 1799 699 1843 Hugo
709 1796 752 1833 de
773 1800 893 1834 Sancto
904 1800 1038 1835 Victore
1050 1815 1060 1834 :
1091 1803 1186 1844 Virgi-

298 1858 352 1881 nes
364 1848 484 1881 devotae
495 1872 506 1888 ,
527 1847 682 1891 postquam
692 1849 730 1882 ab
740 1849 883 1893 Episcopo
906 1849 1162 1895 [anteonsecratae
1172 1874 1183 1889 ‚

299 1899 335 1932 ὑ
362 1899 468 1931 viduae
480 1899 607 1938 velate,
635 1900 714 1932 nullo
735 1901 818 1933 modo
835 1901 950 1944 poffunt
965 1901 1070 1945 facere
1088 1902 1184 1942 conju-

293 1953 378 1991 gium
397 1973 404 1980 .
438 1947 563 1983 Probat
582 1959 624 1983 ex
646 1948 743 1983 Pauli
768 1949 921 1994 Apostoli
947 1976 958 1992 ,
995 1950 1183 1986 Innocentii

297 1998 490 2039 Pontificis,
516 2000 550 2033 &
570 1999 787 2044 quorumdam
806 2000 945 2036 aliorum
968 2001 1106 2036 Parrum
1120 2001 1185 2035 De-

294 2049 394 2082 cretis
414 2073 425 2088 ,
447 2060 519 2092 quae
545 2049 578 2083 δε
598 2060 660 2083 nos
681 2048 881 2085 laudavimus
916 2077 923 2085 .
951 2050 1183 2099 Qiorumdam

296 2098 490 2132 sententiam
500 2124 511 2140 ‚
536 2100 651 2134 omnia
664 2099 723 2134 ista
735 2100 890 2146 sacrilega
902 2100 1047 2135 virorum
1072 2100 1184 2134 &mu-

297 2148 413 2181 lierum
425 2148 581 2192 conjugia
591 2146 767 2184 habentem
782 2160 852 2185 rata
876 2149 911 2184 &
932 2151 1037 2186 valida
1050 2176 1063 2192 ‚
1089 2152 1184 2185 refert

296 2191 332 2231 in
344 2197 518 2232 undecima
529 2207 617 2241 parte
628 2200 763 2233 secundi
781 2200 859 2234 libri
884 2200 926 2235 de
947 2202 1184 2243 Sacramentis,

295 2248 413 2284 acriter
432 2248 623 2291 impugnat,
650 2258 765 2283 votum
777 2248 943 2293 publicum
970 2252 1023 2286 seu
1036 2251 1182 2286 solemne

295 2297 471 2342 distinguit
482 2297 523 2332 ab
531 2298 666 2331 occulto
693 2300 748 2332 seu
759 2300 893 2342 simplici
905 2325 917 2342 ‚
943 2301 1098 2347 sacrilega
1111 2302 1182 2346 post

298 2347 365 2382 hoc
376 2347 531 2393 conjugia
540 2349 659 2383 fatetur
668 2349 731 2382 ess‘e
756 2360 794 2382 ac
807 2349 929 2392 semper
940 2351 1032 2385 fuiffe
1053 2351 1160 2385 valida
1173 2376 1183 2391 ,

295 2398 332 2431 v&
343 2398 463 2443 pergit:
492 2399 583 2430 Aliud
590 2397 628 2436 est
640 2399 677 2431 de
687 2400 749 2430 illis
761 2404 812 2441 qul
823 2399 887 2441 post
896 2407 999 2433 votum
1016 2406 1107 2434 etiam
1115 2410 1183 2443 pro-

292 2447 408 2489 feffione
415 2447 536 2490 publtca
558 2447 614 2491 sub
627 2447 784 2488 testimonio
805 2447 940 2490 Ecclest‘ae
958 2462 1029 2494 erga
1040 2453 1135 2485 Deum
1150 2449 1184 2495 se

296 2498 463 2542 obligarunt
475 2522 486 2537 ‚
512 2498 632 2539 &forte
643 2497 741 2531 adhuc
753 2500 835 2540 quod
841 2500 972 2541 amplius
996 2499 1036 2541 est
1058 2502 1101 2534 ad
1120 2512 1184 2534 con-

299 2546 667 2591 tinentiaesanc‘limoniam
676 2547 832 2590 consecrati
839 2547 912 2592 sunt
922 2574 932 2589 ‚
951 2551 987 2582 de
994 2551 1099 2593 quibus
1114 2553 1183 2585 vere*

297 2600 434 2637 dit-imus,
449 2598 530 2640 quod
538 2598 598 2640 post
610 2598 671 2631 tale
686 2597 863 2641 Propqlr‘tum
875 2601 910 2633 Θ
921 2599 982 2641 post
994 2602 1054 2634 tale
1068 2610 1183 2641 votum,

297 2647 454 2690 manifesta
460 2647 625 2689 profefflone
634 2647 834 2689 confirmatum
848 2674 858 2690 ‚
885 2650 930 2682 ad
962 2651 1112 2695 conjugale
1129 2651 1183 2694 foe-

297 2700 357 2732 dus
371 2697 541 2741 descendere
551 2709 607 2731 non
613 2698 732 2741 possunt
743 2723 750 2730 .
777 2698 848 2740 Etfi
859 2699 942 2741 forte
965 2699 1014 2732 hoc
1024 2703 1184 2744 aliquando

298 2755 518 2782 attentaverint
530 2774 540 2789 ,
553 2758 611 2781 non
622 2750 753 2791 conjuges
765 2774 775 2789 ,
784 2748 845 2793 sed
851 2749 1030 2790 fornicarios
1043 2775 1054 2790 ‚
1081 2749 1183 2794 &spi-

300 2799 419 2832 mualn
429 2798 606 2838 castimoniae
617 2800 776 2832 violatores
788 2799 995 2841 adprrstinam
1003 2799 1054 2843 sui
1061 2799 1183 2843 propost-

301 2855 325 2881 η’
335 2854 536 2892 integritatem
547 2849 745 2891 reparandam
764 2850 797 2883 Θ
809 2848 1044 2893 conservandam
1054 2850 1183 2891 distridle

298 2901 489 2934 revocandos.
519 2899 618 2933 Hanc
631 2900 692 2932 effe
703 2899 784 2933 dicit
801 2908 947 2934 mentem
958 2900 1111 2934 omnium
1126 2912 1182 2935 an-

301 2949 467 2990 tiquorum
478 2949 667 2989 Canonum,
678 2950 712 2983 ἃς
725 2948 816 2983 addit
829 2949 871 2984 de
881 2951 940 2983 suo
950 2961 1096 2993 tempore
1110 2964 1120 2983 .-
1136 2953 1182 2984 Sic

307 2998 427 3036 Ecclesia
437 3007 519 3032 tenet
533 3025 540 3032 .
568 3000 680 3046 Quare
692 3010 816 3033 certum
825 2999 871 3033 est
879 3002 1067 3034 cunstarum
1078 3025 1089 3041 ‚
1112 3012 1182 3044 quae

305 3055 430 3079 mutata
442 3049 626 3083 solemniter
638 3048 723 3084 veste
733 3073 744 3089 ,
758 3058 814 3083 aut
824 3048 919 3083 fimili
930 3050 1063 3092 publico
1071 3051 1134 3084 ritu
1145 3051 1181 3083 fi-

307 3095 460 3139 gillarant
473 3099 697 3137 profeffionem
713 3100 802 3133 suam
813 3123 824 3139 ‚
845 3100 1012 3144 virginum
1023 3111 1060 3133 ac
1071 3100 1181 3135 vidua-

305 3156 378 3178 rum
389 3154 465 3177 vota
476 3143 566 3177 fuisse
578 3148 657 3181 olim
667 3149 825 3183 solemnia
836 3173 847 3189 ,
872 3150 1054 3184 &istorum
1072 3151 1180 3185 Cano-

307 3204 387 3228 num
399 3193 656 3227 reviviscentiam
662 3199 721 3230 effe
730 3198 748 3231 ὲ
757 3200 880 3233 cunctis
887 3200 1178 3249 optandaond

304 3254 375 3277 non
388 3243 447 3276 nisi
459 3242 542 3276 circa
551 3242 672 3277 laudati
682 3244 838 3289 Hugonis
846 3260 990 3293 tempora
999 3251 1129 3294 coeperit
1139 3252 1179 3284 ad

307 3292 529 3327 Monasticam
540 3292 763 3334 professionem
787 3297 818 3328 δε
835 3299 939 3333 sacros
949 3300 1092 3334 Ordines
1103 3311 1180 3334 con-

301 3340 390 3377 trahi
404 3342 460 3375 ista
473 3341 683 3382 solemnitas,
710 3343 796 3376 lucet
806 3356 847 3377 ex
874 3346 934 3380 hac
951 3349 1018 3390 ejus
1039 3350 1179 3394 disputa.

305 3393 416 3431 tione,
444 3402 504 3424 nec
528 3402 597 3424 non
616 3402 658 3424 ex
669 3393 896 3437 septuagesima
922 3397 1010 3430 sexta
1033 3399 1177 3444 Epistola

306 3441 415 3479 San&
425 3440 580 3477 Bernardi
591 3466 599 3474 .
626 3442 692 3476 Res
704 3452 772 3479 non
784 3441 827 3476 est
838 3440 932 3489 hujus
944 3445 1009 3481 loci
1022 3472 1029 3479 .

683 152 880 200 Parma
913 149 1321 201 hommum
1354 150 1654 200 Dissnnra
1671 167 1795 214 110,

1444 314 1793 366 CAPUT
1860 312 1957 367 XL

1358 452 1570 505 Solvuntur
1594 453 1767 522 adversa
1792 473 2013 522 argumenta
2026 495 2042 509 .

1329 594 1435 631 Rimo
1445 596 1541 640 poffit
1551 595 1652 640 objici
1664 595 1809 631 decimus
1819 606 1927 631 nonus
1939 596 2059 634 Canon
2069 597 2140 635 Ana

1352 656 1517 691 cyranus:
1543 648 1731 690 ,Quicumque
1750 652 1958 692 virginitatem
1963 647 2140 690 profitentes

1250 696 1447 738 profhfflonem
1465 694 1554 738 suam
1564 702 1686 730 irritam
1707 698 1839 731 reddunt
1848 721 1860 738 ,
1885 699 2080 741 Bigamorum
2087 700 2140 733 dr-

1249 746 1417 788 finitionem
1436 747 1580 788 impleant
1592 771 1599 779 .
1628 747 1760 791 Utique
1772 758 1840 782 non
1852 747 2116 782 fimultaneorum
2125 773 2139 791 ‚

1255 796 1306 831 sed
1321 798 1568 832 succeffivorum
1576 796 1790 842 Bigamorum
1803 822 1814 839 ‚
1839 808 1980 839 quorum
1993 796 2141 832 secundm

1255 847 1372 890 nuptiae
1383 849 1506 890 semper
1524 846 1697 883 valuerunt
1707 848 1791 891 apud
1802 858 1937 882 omnem
1949 847 2139 886 Ecclesiam,

1251 896 1285 930 &
1296 897 1413 941 quibus
1423 898 1464 932 ab
1476 896 1702 933 Orientalibus
1714 897 1866 932 Patribus
1883 897 2019 933 definita
2031 899 2137 942 poeni-

1252 948 1353 982 tentia
1375 949 1439 983 suit
1463 948 1560 982 unius
1580 947 1751 984 dumtaxat
1770 949 1866 982 anni.
1893 948 2069 983 Canonem
2088 948 2138 983 ita

1252 996 1508 1042 intelligendum
1524 996 1619 1032 tradit
1644 1009 1713 1032 non
1725 997 1811 1032 solus
1832 998 1868 1032 in
1880 998 1949 1040 ejus
1968 1008 2137 1033 commen-

1251 1047 1334 1082 tario
1346 1048 1550 1083 Theodorus
1564 1048 1740 1082 Balsamon
1750 1074 1761 1090 ‚
1788 1048 1842 1083 sed
1863 1049 1942 1083 &in
1953 1043 2137 1084 Canonicis

1250 1096 1291 1131 ad
1302 1098 1457 1133 San-stum
1480 1096 1757 1141 Amphilochium
1776 1098 1892 1132 litteris
1901 1098 2036 1134 Sanetus
2050 1098 2137 1133 Basr-

1250 1146 1331 1181 lius.
1359 1147 1421 1182 Ait
1447 1148 1623 1183 Canonem
1643 1147 1783 1182 statuere
1803 1149 1840 1182 in
1853 1148 1955 1184 sacras
1974 1149 2136 1195 Virgines

1250 1197 1399 1232 solemne
1409 1199 1502 1232 suum
1517 1207 1635 1232 votum
1647 1207 1811 1232 attentato
1832 1200 2047 1233 matrimonio
2060 1210 2136 1242 pra-e

1250 1247 1408 1283 varicatas
1429 1273 1437 1280 .
1464 1246 1663 1292 Respondeo
1684 1246 1753 1282 haec
1773 1258 1848 1282 vera
1869 1248 1957 1288 effe,
1981 1247 2137 1292 addeque
2151 1238 2182 1269 L·
2203 1238 2247 1268 ¹3·

1248 1296 1267 1330 a
1277 1299 1395 1333 Sansto
1407 1298 1529 1333 Basilio
1540 1297 1624 1332 reae
1633 1297 1768 1344 adjungi
1781 1297 1959 1333 Canonem
1970 1299 2033 1333 esre
2045 1296 2136 1340 justo

1249 1348 1435 1389 mitiorem,
1463 1346 1603 1389 ideoque
1624 1347 1782 1392 Virgines
1807 1347 1881 1382 istas
1902 1359 1971 1383 non
1982 1347 2137 1383 succeffi·

1249 1398 1298 1431 vis
1309 1398 1459 1442 Bigamis
1470 1422 1481 1439 ‚
1506 1397 1559 1433 sed
1571 1395 1726 1432 adulteris
1737 1398 1770 1431 in
1783 1398 1977 1440 poenitentia
1999 1397 2035 1432 ὅ(
2044 1399 2136 1433 aetus

1247 1447 1453 1482 invaliditate
1476 1446 1713 1491 comparandas
1730 1471 1736 1479 .
1763 1448 1827 1480 Eas
1842 1448 1933 1482 enim
1945 1447 1965 1482 ὲ
1975 1447 2134 1492 praetensls

1248 1498 1372 1532 maritis
1395 1497 1531 1532 mandat
1553 1497 1696 1531 omnino
1718 1496 1871 1540 separari.
1900 1497 2030 1532 Verum
2050 1497 2137 1533 solas

1248 1547 1405 1593 Virgines
1415 1570 1426 1586 ‚
1455 1558 1525 1591 quae
1536 1547 1653 1591 sponte
1670 1558 1706 1581 ac
1716 1545 1815 1581 libere
1825 1545 1897 1591 post
1907 1547 2036 1581 sextum
2048 1547 2137 1582 deci-

1247 1609 1338 1632 mum
1367 1598 1471 1632 aetatis
1493 1608 1620 1632 annum
1641 1597 1763 1632 fuerint
1782 1597 1944 1641 profeffae.
1972 1596 2136 1631 Emiffum

1246 1646 1286 1682 ab
1314 1648 1464 1683 inferiori
1485 1657 1579 1683 aetate
1603 1657 1720 1682 votum
1738 1646 1864 1682 censuit
1881 1657 1953 1681 non
1965 1646 2111 1687 solemne
2123 1671 2134 1680 .

1247 1699 1412 1741 Loquitur
1421 1697 1637 1733 conformiter
1645 1697 1686 1732 ad
1697 1698 1810 1742 regula
1819 1697 1946 1731 Latinae
1955 1696 2104 1731 Ecclesia:
2113 1722 2129 1737 ‚

1244 1749 1337 1794 aqua
1349 1748 1451 1794 lapsas
1461 1749 1498 1783 in
1514 1746 1728 1783 matrimonia
1741 1749 1842 1782 sacras
1857 1746 2013 1792 Virgines
2033 1747 2130 1782 fuiss'e

1246 1801 1369 1844 semper
1390 1799 1539 1834 tractatas
1559 1807 1597 1832 ut
1619 1797 1810 1832 fimultanee
1822 1797 2000 1842 Bigamas,
2024 1796 2071 1832 est
2083 1797 2136 1842 sug

1246 1861 1302 1894 pra
1327 1861 1368 1884 ex
1400 1847 1602 1884 Innocentio
1627 1848 1734 1893 primo
1755 1847 1919 1882 Pontifice
1945 1847 2108 1884 diuisum
2120 1870 2135 1881 .

1247 1901 1319 1935 Nec
1334 1899 1520 1944 desuntqui
1531 1898 1577 1932 ita
1598 1898 1787 1942 intelligant
1794 1897 1895 1932 etiam
1910 1895 2135 1941 Ancyranum

1245 1951 1419 1986 Canonem
1428 1975 1437 1982 .
1466 1949 1542 1994 Ego
1553 1948 1628 1983 sane
1637 1947 1680 1982 fic
1694 1947 1826 1982 mallem
1840 1945 2048 1989 intelligere,
2074 1943 2135 1980 sed

1246 2000 1352 2037 nolim
1374 2001 1492 2036 Sansto
1503 1998 1620 2034 Bafilio
1644 1997 1710 2032 fine
1731 1998 1828 2032 firmo
1837 1994 2057 2030 fundamento
2077 1991 2134 2030 ad·

1251 2051 1366 2086 versari
1387 2077 1394 2084 .

1298 2100 1449 2136 Secundo
1462 2102 1558 2145 poffit
1569 2100 1667 2146 objici
1687 2100 1811 2144 primus
1827 2097 1950 2134 Canon
1959 2094 2134 2132 Neocaesa-

1245 2151 1364 2186 reenfis
1380 2164 1388 2184 :
1416 2151 1572 2190 Presbyter
1588 2176 1599 2192 ‚
1619 2151 1649 2193 fi
1653 2161 1776 2184 uxorem
1796 2154 1940 2191 accepertt
1952 2171 1965 2189 ‚
1989 2146 2029 2180 ab
2039 2146 2130 2179 ord}-

1244 2212 1280 2234 ne
1289 2202 1454 2244 deponatur
1468 2213 1483 2243 ‚·
1500 2200 1531 2243 fi
1538 2204 1611 2235 verb
1618 2201 1790 2242 firnicatus
1811 2198 1927 2241 fuerit,
1954 2197 2009 2232 vel
2015 2195 2135 2230 adulte-

1244 2256 1321 2284 rium
1338 2257 1588 2294 perpetraverit,
1613 2252 1741 2293 amplius
1757 2249 1886 2293 propelli
1909 2247 2017 2289 debet,
2041 2244 2134 2281 &ad

1240 2300 1450 2343 penitentiam
1462 2302 1558 2344 redigt
1569 2326 1577 2333 .
1604 2301 1675 2335 Hic
1688 2310 1759 2335 non
1778 2309 1911 2334 tantum
1932 2295 2104 2342 degradati
2113 2317 2129 2335 ,

1244 2351 1297 2385 sed
1320 2353 1354 2385 δε
1374 2351 1654 2385 excommunicari
1674 2349 1772 2384 debet
1792 2374 1803 2389 ‚
1829 2348 1922 2393 adigi
1947 2347 1991 2381 ad
2011 2354 2130 2381 omnes

1246 2400 1476 2444 presbyteralis
1505 2399 1707 2444 poenitentiae
1727 2398 1868 2443 gradus,
1895 2397 1982 2430 &lic
1992 2393 2127 2428 tandem

1245 2452 1358 2494 reponi
1372 2451 1406 2484 in
1420 2450 1555 2484 Laicam
1567 2450 1738 2484 dumtaxat
1748 2445 2019 2482 communionem
2030 2467 2038 2476 .
2057 2441 2129 2475 Cur

1245 2499 1428 2544 Presbyteri
1449 2500 1644 2546 conjugium
1656 2509 1753 2541 quam
1763 2495 1940 2530 fornicatio
1952 2493 2128 2536 castigatur

1246 2551 1382 2585 mitius?
1407 2549 1510 2598 Qod
1531 2549 1675 2584 validum
1696 2556 1776 2581 tunc
1794 2544 1915 2586 fuerit,
1938 2541 2080 2584 ideoque
2089 2540 2128 2575 li-

1245 2609 1296 2635 cet
1309 2600 1536 2635 Ecclefiasticae
1545 2597 1680 2644 Regula
1691 2593 1983 2640 praevaricatorium
1997 2617 2008 2634 ,
2033 2591 2053 2625 ἃ
2064 2592 2129 2648 for·

1247 2651 1422 2686 nicationis
1434 2659 1543 2684 tamen
1558 2660 1595 2683 ac
1609 2646 1762 2682 adulterii
1777 2645 1870 2679 sorde
1891 2653 2008 2688 purum
2018 2668 2026 2676 .
2052 2641 2125 2676 Hic

1245 2701 1290 2735 est
1303 2700 1421 2734 Canon
1434 2724 1446 2738 ‚
1470 2710 1568 2743 quem
1588 2697 1674 2741 justo
1697 2695 1863 2731 mitiorem
1883 2692 2036 2728 attentati
2060 2701 2127 2726 ma-

1244 2751 1391 2785 trimonii
1407 2750 1557 2783 nullitate
1578 2747 1712 2782 adauxit
1725 2745 1923 2790 Iustinianus
1933 2740 2101 2797 Augurius
2110 2761 2124 2779 ,

1246 2801 1384 2844 ideoque
1409 2800 1473 2843 ipse
1494 2798 1581 2843 apud
1593 2799 1723 2831 Graecos
1746 2795 1876 2829 videtur
1897 2794 1989 2828 fuisse
1999 2800 2124 2835 primus

1244 2853 1354 2885 auctor
1364 2850 1454 2884 istius
1474 2848 1635 2883 nullitatis
1648 2872 1655 2879 .
1683 2846 1879 2890 Respondeo
1891 2854 1958 2878 non
1971 2840 2061 2875 hunc
2073 2840 2122 2872 so-

1243 2902 1312 2935 lum
1323 2926 1335 2942 ,
1362 2899 1416 2934 sed
1441 2900 1474 2933 &
1486 2899 1577 2943 supra
1585 2895 1878 2933 adduaumSanffi
1890 2891 1999 2927 Bafilii
2012 2890 2122 2945 Cano-

1245 2962 1341 2992 nem,
1367 2949 1425 2993 qui
1449 2948 1526 2983 talia
1537 2947 1753 2983 Matrimonia
1772 2946 1880 2991 palam
1888 2939 2122 2994 censetirflt22

1243 3002 1336 3035 fuisse
1345 3000 1517 3043 respectum
1537 2998 1572 3032 δε
1584 2998 1756 3032 αᾶειιιᾶιιῐη
1772 2998 1789 3030 ὲ
1803 2993 2005 3046 Ιιιίῑίυἱεῑξὶθ,
2030 2987 2122 3022 ldeo·

1242 3062 1306 3095 que
1319 3051 1425 3094 ipsum
1435 3049 1508 3084 talis
1518 3048 1680 3083 nullitatis
1694 3053 1893 3091 nequaquam
1905 3039 1999 3074 fuisse
2009 3038 2120 3095 autio-

1243 3111 1328 3134 rem.
1357 3099 1420 3134 Sed
1439 3111 1545 3144 neque
1567 3098 1631 3133 fuit
1654 3098 1787 3133 Sanitus
1798 3090 1953 3147 Basilius.
1977 3088 2118 3146 ‘Etenim

1243 3162 1298 3194 per
1310 3150 1345 3184 N
1348 3150 1480 3184 icaenam
1492 3149 1663 3193 Synodum
1673 3171 1685 3188 ,
1709 3148 1778 3181 imo
1795 3152 1850 3185 per
1861 3137 2119 3183 antiqulffimum

1241 3201 1416 3236 Canonem
1429 3199 1522 3234 fuiffe
1536 3201 1658 3242 semper
1665 3197 1701 3231 in
1711 3190 1868 3228 omnibus
1889 3189 1949 3224 sub
1959 3188 2045 3246 coelo
2057 3189 2120 3223 Ec-,

1240 3250 1343 3284 clefiis
1363 3250 1516 3284 damnata
1538 3249 1613 3283 talia
1623 3242 1852 3282 matrimonia,
1876 3239 1923 3273 est
1944 3249 2044 3273 nimis
2054 3238 2119 3294 cla-

1238 3311 1331 3334 rum.
1358 3299 1421 3334 Per
1432 3298 1591 3334 Acaciani
1613 3292 1793 3332 schismatis
1813 3290 1983 3325 licentiam
2000 3288 2067 3331 ipsa
2079 3297 2116 3320 m

1239 3349 1464 3385 Orientalibus
1486 3343 1634 3382 Ecclefiis
1654 3342 1875 3376 invaluerant.
1901 3340 1995 3374 Hinc
2017 3336 2114 3371 novis

1239 3400 1344 3444 poenis
1357 3424 1368 3440 ,
1393 3395 1600 3442 postmodum
1611 3404 1664 3436 per
1675 3393 1822 3426 Leonem
1834 3390 2019 3434 Sapientem
2030 3385 2120 3422 miti-

1239 3451 1322 3496 gatis
1340 3475 1352 3490 ,
1379 3449 1555 3491 Imperator
1572 3443 1770 3487 Iustinianus
1788 3439 1914 3476 censuit
1931 3439 2099 3523 ‘sgopus
2111 3460 2120 3467 .

1991 3496 2071 3522 tiam
