2352 3736
70 1250 153 1292 Epist·
166 1261 190 1286 7-

74 1899 159 1939 Epist.
176 1905 204 1930 6.

74 1942 148 1979 Cap.
166 1950 180 1977 3
190 1951 211 1969 1.

469 120 558 150 DE

223 190 332 236 frangi
348 199 408 224 non
416 191 504 234 pfft
522 214 533 230 ‚
558 190 602 222 ad
618 189 867 232 rebaptizandum
891 194 991 223 invita
1015 187 1102 220 dedu-

231 242 323 275 mur.
350 245 485 282 Cumque
494 245 526 272 in
537 241 611 273 illud
621 238 761 282 carnosum
775 242 929 273 lavacrum
949 245 984 273 vi
996 245 1113 280 cogere-⁸

234 301 282 324 rur
292 296 443 334 immergi,
469 301 503 324 ac
509 291 732 332 proclamaret,
759 289 890 324 Patrem
915 300 990 322 curn
1011 287 1103 321 Filio

627 104 666 150 S.
736 99 1373 150 Laouls‘Nonl

1443 103 1740 147 Acrls.
1869 117 1969 162 409

1168 188 1275 222 scribit
1298 187 1330 220 in
1342 185 1531 222 Gothorum
1544 185 1714 221 Chronico
1739 186 1868 221 sanans
1878 187 2036 222 Isidorus:

1168 235 1230 280 Aus
1225 249 1259 271 us
1280 237 1317 277 est
1328 243 1420 271 etiam
1429 243 1508 270 inter
1521 246 1631 271 caetera
1656 236 1769 279 baeresis
1775 235 1837 280 ficae
1851 241 1985 280 contagia
1996 249 2040 270 re-

1167 287 1320 329 baptizare
1341 288 1505 320 Catholicos
1520 312 1529 326 ,
1556 288 1589 320 (5
1607 298 1664 320 non
1680 285 1774 329 solum
1800 297 1836 320 ex
1855 286 1962 329 plebe,
1984 285 2043 329 sed

233 353 271 374 ac
282 340 437 384 Spiritum
449 340 600 374 Sanctum
613 341 709 373 unius
720 338 818 373 credo
827 341 889 373 effe
900 337 1079 372 substantiae
1092 360 1102 376 ‚
1165 343 1253 369 etiam
1275 349 1312 370 ex
1323 338 1516 370 sacerdotalis
1529 338 1654 379 Ordines
1669 338 1817 379 dignitate
1831 360 1838 367 .
1866 339 1948 369 sicut
1972 340 2043 369 Vin-

233 391 322 433 digno
341 401 439 431 aquas
457 396 585 433 unguine
606 390 725 423 candias
742 389 846 430 infecit
857 413 867 428 ,
886 390 929 421 vid
937 388 973 428 est
988 413 997 428 ‚
1021 387 1103 428 fluxu
1166 392 1289 419 centium
1301 385 1405 430 Caesar
1419 387 1613 429 augustanum
1628 411 1638 426 ,
1664 397 1747 428 quem
1770 387 1806 418 de
1816 385 1957 428 Episcopo
1969 391 2044 427 Apo·

233 445 348 474 ventris
361 438 519 485 adsperfit.
547 439 652 474 Addit
672 439 717 473 ob
737 438 821 473 istud
851 438 1036 481 Hispanicae
1055 447 1106 469 ve·

235 489 349 524 raciter
370 490 447 524 fidei
469 489 596 523 facinus
628 488 719 522 fuiffe
740 487 912 531 subjectam
937 484 1105 524 horrendis

235 540 408 574 tormentis
428 563 440 580 ,
465 540 499 573 δε
520 539 653 573 tandem
675 538 781 580 capite
808 538 937 580 plexam
960 561 967 568 .
993 535 1106 570 Simile

236 589 450 624 Constantini
471 588 639 623 Caballini
660 587 896 631 &Imperatori
922 583 1105 620 Wenceslai
1134 612 1137 613 γ

237 640 274 673 in
287 641 408 673 sacrum
420 639 546 673 fontem
559 638 708 671 infantile
728 648 810 680 opus
820 637 1017 671 demonstrat
1038 633 1106 666 istis

237 688 344 723 adhuc
354 686 552 732 temporibus
564 686 778 731 baptizandos
790 687 930 720 infantes
948 683 1041 719 fuiffe
1052 695 1105 716 na·

239 739 385 773 tui-aliter
397 737 518 771 nudos.
549 735 715 772 Laudatus
726 736 902 781 Gregorius
922 734 1045 768 ibidem
1055 733 1106 766 ad-

239 787 331 822 ducit
354 787 513 832 infignem
534 798 571 822 ac
594 786 668 821 vere
689 786 879 829 pastoralem
904 783 1082 827 Epistolam
1098 807 1107 822 ,

240 848 304 881 qua
324 838 457 871 Sanstus
467 836 772 880 Carthaginensium
793 834 918 867 Primas
942 833 1108 878 Eugenius

242 889 334 924 suum
349 887 505 930 populum
524 886 565 920 ad
579 887 705 918 firmam
728 884 762 917 in
775 882 874 931 tantis
884 882 1109 926 persecutioni-

242 937 412 972 busfidem
437 931 647 973 adhortatur,
672 934 778 976 atque'
791 933 960 978 adjungit:
988 936 1109 966 Servate

242 983 532 1027 uniciBapttsmatis
549 988 707 1027 gratiam,
733 982 918 1023 custodientes
930 981 1110 1025 chrismatis

242 1035 423 1071 andronem.
449 1037 546 1066 Nemo
550 1032 613 1075 post
624 1044 733 1075 aquam
743 1042 915 1067 revertatur
929 1034 974 1066 ad
980 1044 1090 1073 aquam
1101 1056 1110 1072 ,

241 1093 365 1118 renatus
384 1095 421 1117 ex
439 1094 519 1126 aqua
539 1108 548 1115 .
580 1082 695 1117 Tanta
719 1083 849 1117 interim
870 1083 944 1117 istic
965 1084 1045 1119 facta
1066 1082 1110 1116 est

241 1135 359 1179 strages
378 1158 389 1174 ,
415 1134 588 1176 tantusque
621 1132 911 1176 Rebaptizatorum
938 1143 1113 1173 numerus,

243 1195 279 1218 ut
301 1184 342 1218 ad
358 1182 579 1218 orthodoxos
600 1182 720 1226 ubique
747 1182 927 1226 Episcopus
952 1182 1110 1226 scripserit

243 1234 338 1269 Felix
366 1234 480 1267 tertius
491 1232 667 1266 Pontifex:
694 1234 835 1276 ,Qualiter
860 1239 893 1266 in
905 1232 1056 1274 Africanis
1067 1242 1111 1264 re·

239 1283 375 1328 gionibus
394 1281 501 1323 astutia
511 1282 628 1315 Diaboli
649 1281 787 1326 saevierit
811 1288 844 1316 in
866 1283 1008 1325 Populum
1027 1281 1113 1319 Chri·

237 1334 389 1376 stianum,
414 1342 448 1367 ut
457 1344 513 1365 non
532 1334 617 1366 modo
637 1334 743 1376 vulgus
764 1339 913 1366 incautum
926 1358 936 1374 ,
957 1332 1014 1376 sed
1036 1330 1114 1374 ipsos

243 1394 354 1426 quoque
387 1388 420 1416 in
440 1388 543 1418 mortis
557 1382 712 1425 profunda
731 1382 901 1426 demerserit
925 1384 1091 1416 Sacerdotes
1106 1406 1116 1421 ‚

244 1435 346 1468 nullus
359 1444 416 1467 non
426 1433 504 1466 orbis
513 1437 647 1476 gemuit,
673 1434 756 1468 nulla
765 1441 845 1466 terra
865 1431 1008 1475 nescivit.
1037 1430 1115 1465 Uti-

244 1493 309 1527 que
319 1494 375 1527 per
394 1483 547 1517 iteratum
558 1481 722 1526 Baptisma
735 1508 741 1514 .
769 1482 863 1517 Hinc
875 1483 976 1516 varias
987 1479 1118 1524 praescri-

245 1533 295 1569 bit
314 1532 478 1578 Regulas,
502 1533 595 1577 juxta
614 1544 694 1576 quas
717 1532 905 1575 rebaptizari
929 1530 1004 1564 Afri
1027 1529 1117 1562 debe-

246 1593 319 1619 tent
329 1583 459 1619 admitti
469 1583 503 1616 in
517 1583 752 1616 Poenitentiam
763 1582 798 1613 ὃ(
812 1579 1095 1614 communionem
1111 1602 1118 1609 .

252 1664 257 1669 ,
298 1632 408 1665 Etiam
418 1632 454 1665 in
465 1630 575 1664 Gallia
595 1629 769 1675 grassatum
788 1629 833 1663 est
846 1629 987 1663 malum.
1014 1627 1118 1660 Lucet

245 1694 290 1718 ex
301 1681 409 1717 Sancti
419 1678 711 1715 AvitiViennenfis
726 1678 878 1721 Episcopi
890 1675 1120 1711 advictorium

247 1730 596 1773 Gratianopolitanum
620 1727 835 1767 Antistitem,
861 1727 917 1770 qui
939 1726 1065 1762 anobis
1075 1726 1123 1760 fa·

247 1783 312 1816 &as
331 1780 539 1815 Basilicarum
569 1776 791 1813 dedicationes
816 1777 858 1811 ab
884 1777 1017 1811 Arianis
1045 1777 1123 1810 Bur-

250 1831 369 1877 gundis
378 1829 538 1865 exsufflari
548 1828 582 1862 &
592 1828 698 1863 iterari
712 1828 839 1872 questus
853 1828 956 1862 fuerat
967 1850 977 1866 ,
1004 1827 1126 1861 Rescri-

251 1893 329 1927 pto:
357 1885 431 1914 Non
452 1885 560 1912 mirum
579 1878 617 1917 est
627 1902 638 1918 ,
655 1877 687 1918 fi
691 1879 887 1911 dedicationes
907 1877 1061 1922 geminare
1072 1888 1125 1910 au-

251 1934 362 1971 deant,
388 1936 439 1972 qui
453 1926 647 1971 Baptismata
663 1927 905 1970 confrequentant
918 1951 925 1959 .
954 1927 1124 1961 Consonat

250 1982 345 2016 tertia
374 1979 615 2013 Aurelianensis
647 1978 799 2020 Synodus
820 1991 827 2009 :
846 1978 957 2022 Judex
982 1978 1123 2010 civitatis

251 2031 306 2065 vel
312 2031 366 2063 loci
377 2054 386 2069 ,
405 2028 434 2069 fi
443 2032 619 2061 Haereticum
634 2029 686 2060 vel
694 2024 881 2067 Bonofiacum
904 2028 956 2061 vel
969 2027 1124 2068 cujuslibet

252 2081 376 2114 alterius
394 2077 506 2119 haerefis
517 2078 702 2111 Sacerdotem
714 2101 725 2117 ,
751 2089 961 2120 quamcumque
972 2076 1125 2120 personam

252 2132 289 2164 de
309 2126 468 2162 Catholicis
491 2127 682 2170 rebaptizasse
703 2133 869 2171 cognoverit
886 2150 897 2166 ,
934 2132 1004 2170 quia
1032 2131 1125 2171 Reges

252 2191 304 2215 nos
314 2177 419 2218 constat
432 2177 538 2211 babere
549 2177 714 2211 catholicas
725 2201 736 2217 ,
763 2189 821 2211 non
823 2177 928 2218 statim
939 2177 1128 2219 rebaptizan-

252 2239 299 2264 tes
312 2227 503 2269 adstrinxerit
514 2250 525 2267 ,
548 2228 635 2260 &ad
643 2231 733 2271 Regis
746 2229 853 2261 Fidem
870 2236 959 2270 atque
963 2231 994 2272 J
997 2227 1126 2268 ustitiam

249 2287 407 2322 propterea
427 2277 642 2320 distringendos
661 2279 824 2311 adduxerit
838 2302 848 2318 ‚
875 2279 996 2311 annuali
1016 2289 1127 2312 excom-

253 2333 445 2363 municationi
471 2326 620 2371 subdatur·
638 2352 645 2359 .
687 2327 817 2371 Nempe
848 2327 1125 2373 Burgundionum

254 2389 311 2415 aut
323 2377 515 2413 Gothorum
526 2377 642 2411 Ariani
662 2378 848 2412 Sacerdotes
868 2378 1063 2422 quandoque
1073 2377 1124 2411 ad·

254 2428 431 2463 ventabant
457 2428 492 2461 in
512 2426 684 2463 Franciam
707 2451 718 2468 ,
744 2428 778 2462 &
800 2428 884 2461 istud
906 2428 1031 2462 facinus
1059 2427 1127 2461 illic

255 2478 478 2513 attentabant.
504 2476 663 2512 Notanda
685 2478 760 2511 sunt
785 2477 900 2512 verba:
928 2480 1011 2521 ,Quia
1030 2481 1125 2521 Reges

255 2526 397 2562 babemus
423 2525 588 2561 catholicos
611 2552 618 2560 .
645 2525 790 2561 Edicunt
823 2527 995 2562 licentiam
1018 2551 1028 2567 ,
1057 2539 1126 2571 quae

256 2576 315 2611 sub
325 2576 502 2622 gentilibus
511 2577 713 2611 Francorum
724 2576 869 2622 Regibus
891 2578 994 2611 fuerat
1021 2576 1128 2611 istisi-

258 2626 363 2660 cinori
385 2650 397 2667 ,
429 2626 493 2669 jam
515 2626 578 2660 effe
603 2627 810 2670 proscriptam
843 2638 939 2672 atque
963 2626 1125 2662 ablatam.

258 2674 350 2708 Nam
361 2675 451 2716 quod
470 2684 564 2709 antea
575 2675 692 2709 Ariani
716 2688 769 2718 per
782 2677 926 2712 Galliam
937 2676 1036 2711 libere
1047 2678 1128 2721 gras-

258 2725 423 2780 sarentur,
447 2722 545 2758 docet
564 2725 673 2760 Sansti
688 2726 833 2771 Remigii
846 2739 921 2762 cum
945 2727 1011 2762 illis
1023 2727 1129 2770 dispu-

262 2783 362 2809 tatio.

310 2822 450 2858 Facinus
474 2833 550 2857 cum
577 2822 710 2857 Arianis
744 2825 867 2862 Gothis
901 2828 933 2862 &
961 2827 1131 2861 Wandalis

259 2873 405 2909 transivit
414 2883 546 2916 quoque
558 2872 592 2906 in
603 2872 775 2915 Hispanias
784 2900 791 2907 .
806 2876 940 2910 Etenim
951 2877 1007 2911 sub
1018 2877 1132 2911 Theo-

260 2923 365 2958 dorici
389 2923 475 2957 tertii
490 2923 610 2966 Regno
628 2923 788 2958 celebrata
802 2924 966 2959 llerdensis
974 2927 1130 2968 synodus

260 2974 392 3009 statuit:
420 2976 467 3006 De
483 2971 552 3013 bis,
577 2977 628 3014 qui
647 2977 679 3005 in
685 2979 937 3014 praevaricatione
948 2975 1129 3017 rebaptizati

255 3021 317 3064 fine
329 3024 432 3065 aliqua
444 3022 600 3062 neceffltate
610 3023 661 3055 vel
668 3032 810 3057 tormento
823 3023 934 3066 delapsi
945 3023 1017 3067 siant
1030 3049 1041 3064 ‚
1061 3028 1128 3068 pla-

261 3077 322 3105 cuit
342 3082 377 3106 ut
398 3079 475 3106 circa
493 3083 537 3105 eos
548 3073 601 3105 illa
613 3076 750 3112 Nicaenae
759 3075 860 3112 smodi
871 3077 992 3107 statuta
1006 3073 1129 3115 serven-

260 3128 311 3154 tur
326 3145 337 3161 ,
362 3133 429 3162 quae
440 3123 764 3164 deprevaricatortbus
776 3123 881 3165 cenfita
892 3124 942 3166 esse
954 3122 1108 3167 noscuntur
1121 3150 1127 3158 .

262 3170 333 3206 Uti
343 3170 379 3204 in
399 3170 511 3205 Africa
522 3197 532 3214 ,
559 3173 605 3206 ita
621 3172 655 3206 &
667 3173 701 3207 in
714 3173 876 3216 Hispania
888 3173 1020 3207 Barbari
1039 3175 1130 3209 Aria-

262 3221 298 3253 ni
322 3230 390 3254 non
413 3219 517 3255 solum
537 3221 642 3257 verbis
665 3247 676 3263 ‚
701 3223 755 3257 sed
777 3224 877 3257 etiam
899 3223 1070 3258 tormentis
1088 3226 1127 3262 ad

261 3268 494 3312 rebaptismum
524 3272 762 3315 compellebant
783 3298 789 3305 .
819 3273 908 3307 Nam
935 3284 1034 3308 omne
1065 3273 1129 3310 hoc

262 3319 388 3356 malum
407 3330 448 3352 ex
461 3319 620 3362 Hispania
643 3322 786 3358 transivit
810 3324 842 3356 in
858 3321 1022 3356 Africam.
1050 3325 1129 3359 Om-

264 3369 358 3407 nium
370 3368 584 3403 acerbissimus
607 3370 669 3405 fuit
683 3373 755 3407 Rex
776 3372 966 3417 Levigildus
977 3398 988 3415 ‚
1014 3373 1129 3418 dequo

308 3443 328 3457 .,
364 3417 470 3460 Christ.
486 3422 563 3461 Lupi
573 3424 657 3462 oper.
672 3423 749 3454 Tom,
764 3425 815 3455 1V.

1158 685 1343 731 ⁴Valensem
1371 685 1546 718 Ecclesiam
1570 707 1581 722 ,

1162 435 1269 473 statam
1278 436 1352 477 fecit
1364 461 1374 478 ,
1401 438 1434 470 (ν’
1446 446 1602 478 tamquam
1615 438 1631 470 e*
1646 438 1725 471 coelo
1735 441 1767 471 in
1778 435 1898 477 inferna
1904 437 2043 477 proJ‘ecit.

1172 486 1384 530 Leovigildus
1406 486 1636 529 rebaptismum
1660 499 1725 520 non
1743 485 1903 524 instituit,
1930 484 1982 518 sed
1997 487 2048 523 so<

1170 535 1270 577 pirum
1296 546 1351 569 aut
1374 536 1655 571 dormitm-ientem
1678 533 1886 570 solummodo
1918 535 2046 568 resusci-

1170 587 1247 619 tavit
1272 612 1278 618 .
1308 585 1438 619 Etenim
1463 585 1504 620 de
1529 585 1713 628 Justiniano
1737 610 1748 626 ‚
1774 586 1830 629 qui
1854 584 1911 618 sub
1930 583 2046 618 Theu-

1168 635 1216 668 dis
1242 636 1363 679 Regno
1399 635 1483 669 circa
1522 635 1601 669 sexti
1635 635 1737 669 saeculi
1782 635 1925 672 medium
1961 635 2047 668 rexit

1616 683 1713 718 habet
1749 685 1783 718 in
1809 684 2047 718 Ecclesiastico-⁴

1170 745 1238 767 rum
1252 734 1448 776 Scriptorum
1472 733 1624 776 catalogo
1647 733 1793 776 laudatus
1804 734 1961 767 Isidorus:
1982 737 2049 780 Ju-

1164 783 1313 824 stinianus
1324 781 1488 825 Episcopus
1505 781 1618 825 scripsit
1641 782 1749 814 librum
1783 781 1986 824 responsionum
2007 783 2051 817 ad

1172 834 1330 876 quemdam
1363 830 1508 871 Rusticum
1544 834 1582 865 de
1607 831 1812 874 quaestionibus
1844 837 2048 874 interrogatis.

1174 886 1310 927 ,Quarum
1333 888 1421 915 tertia
1448 881 1588 924 responsio
1614 881 1651 922 est
1678 883 1715 916 de
1737 880 1894 924 Baptismo
1921 881 2050 922 Christi,

1174 934 1252 976 quod
1262 938 1370 966 iterare
1382 933 1514 965 nonlicet
1532 956 1539 963 .
1569 934 1693 975 ,Quarta
1703 930 1839 975 responsio
1854 931 1891 971 est
1903 933 1940 965 de
1953 931 2054 972 distin-

1166 980 1267 1016 'dione
1292 981 1589 1026 BaptismiJoannis
1614 983 1648 1015 (5
1662 981 1790 1021 Christi.
1818 980 1949 1024 Nempe
1961 982 2055 1015 Aria-

1178 1034 1210 1066 ni
1233 1058 1244 1073 ,
1270 1031 1460 1065 Donatistas
1485 1031 1604 1066 imitati
1628 1056 1639 1072 ,
1662 1032 1848 1066 sanctorum
1879 1030 2058 1075 Apostolo-

1178 1093 1246 1116 rum
1257 1106 1267 1122 ,
1296 1082 1352 1124 qui
1367 1081 1436 1125 post
1449 1082 1608 1124 loannem
1620 1080 1880 1126 rebaptizatum,
1900 1081 2056 1124 exemplo

1166 1131 1380 1166 ‘conabantur
1402 1131 1528 1167 facinus
1554 1142 1708 1175 purgare.
1738 1132 1836 1166 Alios
1859 1141 1920 1165 tres
1932 1142 2056 1175 germa-

1177 1193 1236 1216 nos
1249 1182 1360 1216 fratres
1383 1181 1561 1224 Episcopos
1583 1180 1696 1214 habuit
1720 1181 1918 1224 Justinianus
1937 1195 1944 1213 z
1972 1181 2055 1218 Haeo

1180 1233 1282 1267 sanita
1303 1230 1461 1276 quadriga
1482 1231 1670 1274 sacrilegam
1694 1231 1865 1265 audaciam
1891 1230 2062 1275 insigniter

1178 1281 1355 1317 contrivit.
1385 1280 1429 1314 Et
1440 1279 1507 1315 haec
1533 1292 1586 1324 per
1597 1280 1830 1325 Leovigildum
1857 1287 2000 1324 reparata
2014 1279 2063 1313 in-

1180 1331 1271 1366 venit
1281 1330 1380 1365 etiam
1393 1339 1543 1374 potentes
1557 1330 1751 1366 adversarios
1765 1355 1771 1362 .
1785 1331 1890 1365 Lucet
1902 1342 1943 1364 ex
1955 1327 2061 1364 Chre·

1183 1382 1258 1415 nico
1290 1380 1483 1415 venerabilis
1515 1381 1650 1424 Ioannis
1674 1380 1813 1415 Abbatis
1843 1380 2033 1414 Biclarenfis
2052 1393 2064 1416 ς

1182 1432 1371 1474 Leovigildus
1384 1433 1451 1463 Rex
1473 1437 1505 1463 in
1519 1430 1620 1467 urbem
1636 1433 1809 1468 Toletanam
1833 1430 1974 1468 synodum
1986 1433 2063 1471 Epi«

1179 1480 1330 1523 scaporum
1341 1483 1464 1523 Arionae
1475 1483 1495 1513 5
1496 1480 1567 1514 ec‘lae
1580 1491 1736 1525 congregat
1745 1506 1756 1521 ‚
1782 1482 1816 1514 (9⁴
1829 1485 1989 1522 antiquam
2002 1478 2069 1513 hae-

1184 1529 1263 1570 refim
1285 1530 1400 1561 novello
1411 1539 1507 1562 errore
1521 1532 1658 1563 emendat
1675 1553 1686 1569 ,
1712 1533 1814 1565 dicens
1825 1532 1861 1563 de
1874 1533 2008 1562 Romana
2020 1539 2065 1561 re·-

1185 1580 1290 1621 ligione
1312 1578 1354 1609 ad
1375 1576 1500 1616 nostram
1525 1577 1711 1611 catholicam
1731 1580 1823 1620 fidem
1836 1584 1993 1613 venientes
2005 1589 2065 1611 non

1188 1627 1292 1659 debere
1302 1626 1477 1666 baptizari,
1498 1625 1766 1668 ftdtantutnmodo
1786 1637 1842 1669 per
1855 1640 1962 1662 manus
1976 1634 2069 1670 impo-

1181 1674 1313 1717 fitioncm
1338 1675 1372 1707 ὢ·
1382 1681 1588 1708 communionis
1597 1682 1814 1717 perceptionem
1819 1679 1912 1719 pollui
1927 1702 1938 1719 ‚
1965 1681 1999 1712 Θ·
2005 1679 2070 1721 glo·

1188 1731 1266 1760 riam
1281 1726 1369 1759 Patri
1386 1733 1442 1766 per
1454 1726 1566 1758 Filium
1586 1731 1619 1760 in
1629 1728 1740 1769 spiritu
1764 1726 1867 1760 Sanno
1890 1728 1975 1760 dari.
2005 1730 2065 1760 Per

1194 1776 1271 1814 hanc
1294 1778 1360 1820 ergo
1367 1773 1563 1818 sidue‘lionem
1579 1777 1705 1818 plurimi
1725 1777 1881 1817 nostrorum
1901 1778 2067 1820 cupiditate

1187 1827 1284 1870 potius
1309 1824 1427 1868 impulsi
1446 1830 1478 1858 in
1490 1830 1634 1859 arianum
1648 1828 1753 1870 dogma
1764 1829 1915 1860 declinant
1928 1852 1935 1858 .
1964 1827 2069 1871 Repa*

1195 1886 1298 1911 ratum
1323 1875 1552 1919 rebaptismum
1576 1901 1586 1915 ,
1613 1878 1701 1918 quod
1729 1876 1853 1911 videret
1878 1873 2070 1917 Arianismo

1192 1926 1298 1961 obesse
1313 1925 1419 1968 potius
1439 1925 1535 1968 quam
1550 1926 1694 1967 prodesse
1704 1949 1716 1966 ,
1743 1926 1808 1969 ipse
1821 1926 2001 1970 desperatus
2012 1926 2071 1961 cira

1193 1976 1387 2019 cumscripsit
1400 1976 1431 2010 ὅ(
1444 1974 1603 2009 abolevit.
1631 1975 1710 2017 Ejus
1725 1975 1878 2010 novellus
1888 1986 1975 2009 error
1985 1976 2069 2021 suit,

1194 2026 1282 2071 quod
1295 2026 1420 2059 nostros
1435 2025 1608 2068 Apostatas
1628 2026 1822 2069 compulerit
1838 2025 2021 2070 glorificare
2033 2025 2070 2060 in

1195 2077 1351 2112 Arianam
1363 2075 1547 2112 formulam:
1562 2077 1662 2109 Gloria
1675 2079 1764 2110 Patri
1769 2085 1824 2118 per
1838 2076 1950 2108 Filium
1964 2082 1997 2109 in
2004 2078 2072 2118 Spi-

1192 2133 1252 2161 ritu
1261 2127 1380 2160 Sacho.
1409 2125 1566 2161 Attamen
1589 2127 1648 2162 ista
1661 2126 1798 2161 abolitio
1822 2137 1890 2160 non
1908 2124 2000 2169 plene
2013 2125 2074 2161 ob·

1194 2178 1313 2212 tinuit.
1343 2176 1460 2211 Ariani
1488 2177 1638 2220 Episcopi
1658 2176 1824 2211 &Clerici
1848 2177 2067 2212 inveteratum

1194 2228 1320 2262 facinus
1342 2226 1518 2262 noluerunt
1528 2227 1685 2261 deserere.
1713 2227 1815 2261 Lucet
1828 2238 1869 2259 ex
1894 2227 1985 2260 tertia
1998 2227 2074 2260 Tou

1195 2279 1300 2312 letana
1323 2277 1480 2321 Synodo,
1508 2276 1541 2310 in
1565 2288 1627 2320 qua
1650 2275 1839 2312 Gothorum
1853 2277 2008 2320 Episcopi
2035 2277 2071 2313 ὃς

1194 2328 1344 2362 Proceres
1366 2338 1440 2361 cum
1465 2326 1560 2371 Rege
1573 2326 1760 2365 Richatedo
1784 2328 1985 2370 susceperunt
2000 2326 2073 2363 Ro-

1193 2388 1324 2412 manam
1348 2378 1465 2417 fidem,
1492 2377 1637 2411 fecerunt
1661 2376 1829 2412 solennem
1844 2376 1938 2420 ipsius
1952 2376 2075 2420 profess

1193 2430 1335 2466 sionem,
1368 2428 1447 2461 &in
1471 2427 1536 2469 ipsa
1546 2429 1720 2470 posuerunt
1744 2426 1832 2461 hunc
1843 2427 1943 2461 etiam
1956 2426 2073 2460 articu-

1193 2480 1282 2512 lum:
1311 2480 1496 2521 ,Quicumque
1523 2477 1730 2519 rebaptizandi
1752 2476 1928 2521 sacrilegum
1938 2485 2008 2519 opus
2019 2477 2072 2518 effe

1193 2530 1298 2562 bonum
1309 2529 1402 2562 credit
1427 2536 1481 2562 aut
1493 2529 1653 2563 crediderit
1665 2552 1676 2569 ,
1701 2533 1764 2571 agit
1785 2536 1840 2561 aut
1850 2533 1940 2569 egerit
1952 2551 1963 2567 ,
1990 2530 2077 2569 Ana1

1192 2578 1291 2611 thema
1304 2576 1360 2618 fit.

1240 2628 1404 2662 Omnium
1427 2627 1628 2663 Arianorum
1651 2628 1878 2663 audacissimus
1901 2627 1933 2660 in
1946 2625 2011 2661 hoc
2029 2628 2071 2663 sa-

1192 2677 1313 2721 crilego
1331 2678 1475 2711 facinore
1497 2679 1558 2711 fuit
1582 2679 1765 2712 Eunomius
1797 2677 1981 2719 Cyzicenus
1994 2676 2072 2720 Epi-

1194 2729 1309 2770 scopus
1330 2751 1342 2767 ,
1366 2727 1458 2769 cujus
1486 2727 1606 2761 natales
1627 2751 1638 2767 ‚
1663 2738 1770 2761 mores
1793 2751 1804 2767 ,
1831 2725 1937 2759 studia
1960 2750 1972 2766 ,
1998 2737 2068 2768 pro-

1194 2777 1332 2821 gressum
1354 2775 1523 2820 insigniter
1555 2777 1705 2821 depingit
1734 2777 1866 2810 sanetus
1887 2775 2069 2819 Gregorius

1195 2828 1357 2870 Nyffenus
1383 2826 1561 2869 Episcopus
1581 2850 1591 2865 ,
1626 2837 1721 2869 atque
1747 2825 1893 2870 adjungit
1916 2839 1926 2858 .·
1953 2827 2069 2868 Qualia

1193 2878 1311 2920 quidem
1337 2879 1516 2910 Eunomiani
1537 2882 1569 2909 in
1590 2878 1692 2920 occulto
1712 2878 1832 2912 doceant
1845 2900 1856 2916 ,
1882 2876 1916 2909 <v
1929 2885 2070 2917 quaenam

1193 2927 1349 2970 evulgem,
1380 2928 1414 2960 Θ·
1430 2928 1533 2968 qualia
1545 2925 1611 2969 ipsis
1626 2929 1645 2958 ἃ
1653 2933 1746 2970 gravi
1754 2926 1862 2969 scilicet
1877 2924 2068 2965 mysteriorum

1195 2977 1328 3017 Antistite
1339 2978 1498 3009 tradantur
1511 3001 1522 3016 ‚
1548 2977 1718 3019 modumque
1738 2979 1771 3010 (9¹
1783 2982 1875 3009 ritum
1895 2973 2067 3017 Baptismu-

1194 3028 1274 3066 lcm,
1293 3025 1395 3068 siquis
1419 3028 1551 3059 accurate*
1572 3025 1643 3069 noffe
1665 3027 1739 3059 velit
1753 3051 1762 3066 ,
1790 3024 1867 3069 ipsos
1890 3031 2066 3068 interroget,

1195 3076 1298 3119 quibus
1314 3076 1396 3108 nulla
1413 3075 1450 3115 est
1462 3076 1563 3117 religio
1583 3082 1684 3118 turpia
1707 3088 1741 3108 ac
1755 3078 1891 3109 indecora
1906 3076 2040 3117 proloqui
2057 3098 2066 3107 .

1196 3131 1261 3159 Nos
1273 3125 1429 3158 tacebimus
1443 3150 1450 3157 .
1479 3130 1585 3167 Neque
1597 3131 1674 3158 enim
1697 3137 1813 3168 aequum
1837 3125 1875 3166 est
1886 3130 1974 3159 etiam
1983 3128 2068 3162 'accu-

1190 3175 1303 3219 satores
1317 3175 1418 3208 horum
1429 3175 1585 3218 meminisse
1598 3200 1608 3215 ‚
1636 3187 1701 3210 cum
1724 3181 1822 3215 norint
1835 3174 1937 3212 verbis
1956 3183 2064 3216 quoque

1195 3225 1332 3258 honorare
1353 3230 1515 3266 puritatem
1528 3250 1539 3266 ‚
1566 3236 1657 3267 neque
1672 3233 1860 3268 pretextato
1876 3222 2007 3267 sermone
2028 3224 2062 3254 lt0

1195 3276 1259 3308 bros
1280 3276 1488 3309 commaculare
1509 3299 1516 3306 .
1559 3278 1715 3319 ,Quamvis
1743 3278 1764 3308 ἃ
1784 3280 1911 3308 veritate
1935 3274 2066 3305 alienum

1195 3336 1250 3357 non
1262 3325 1326 3367 esset
1337 3326 1390 3364 id,
1416 3327 1497 3366 quod
1503 3327 1668 3358 diceretur.
1695 3324 1811 3360 Castus
1834 3321 1984 3366 Gregorii
2011 3330 2065 3352 ca·

1194 3375 1298 3410 lamus
1308 3374 1437 3409 erubuit
1449 3375 1593 3411 obscaena
1608 3374 1760 3423 mysteria
1772 3372 1941 3409 enuntiare
1955 3394 1962 3407 τ
1988 3367 2061 3411 Ipsa

1587 3424 1613 3456 F
1638 3424 1656 3457 f
1675 3423 1694 3457 f
1905 3428 2014 3455 tamen
