2352 3736
100 491 138 522 A.
158 497 236 525 ¹057·

97 2783 172 2820 Cap.
191 2792 236 2817 ¹4-

105 3018 181 3055 Cap.
197 3016 224 3044 2:

114 3206 195 3237 Orat·
205 3214 234 3240 7.

114 3478 173 3508 Lib.
184 3487 209 3514 5.

648 154 991 198 sineri.

347 157 446 220 278

275 335 370 378 fuisse
382 338 551 384 praesertim
569 342 740 384 grassatam
752 362 760 369 .

299 409 301 413 ·
325 390 439 425 Altera
460 391 592 434 quaestio
604 389 648 423 est
661 413 671 428 ‚
698 387 865 429 cujusnam
875 385 1051 423 Pontificis
1061 389 1160 423 suerit

274 442 334 476 ista
345 439 522 484 synodus?
549 439 717 474 Dominus
734 436 922 471 cardinalis
946 438 1051 472 Caesar
1061 436 1159 473 Baro-

272 489 460 535 niusipsam
480 488 634 526 adscribit
645 485 815 531 Stephano
836 487 986 523 decimo.
1013 489 1161 532 Respon-

271 542 336 575 deo
356 551 464 576 tamen
487 539 580 573 fuisse
591 537 715 572 Leonis
737 538 841 572 noni.
872 539 1008 573 Etenim
1030 550 1099 573 non
1112 541 1160 574 so·

271 593 343 626 lum
368 590 490 624 laudati
512 590 645 624 Decreti
660 613 671 628 ,
697 589 750 623 sed
774 589 808 623 &
827 589 898 632 post
922 589 1026 633 ipsum
1050 589 1159 633 scripti

272 640 418 685 opusculi
429 651 577 683 tempore
589 639 741 674 laudatus
751 639 866 673 Petrus
886 650 953 674 erat
963 640 1070 674 adhuc
1084 640 1160 674 Mo·

270 690 396 726 nachus
417 691 452 725 ὅ(
465 690 612 725 Eremita
630 715 637 722 .

269 740 398 777 nodum
419 738 505 775 istud
533 741 692 785 scripserit
713 766 724 782 ,
753 739 977 775 demonstrant
1003 738 1070 775 haec
1091 741 1159 784 ejus

1052 152 1389 201 LEONIs

263 242 342 285 >isto
365 241 523 287 opusculo
549 237 667 273 Petrus
690 239 852 274 Damiani
879 232 1060 270 vindicavit
1084 260 1092 268 .
1117 238 1162 271 Et

259 286 358 328 vhinc
379 293 463 327 lucet
483 289 606 332 pestem
618 301 719 335 prope
754 287 937 323 Auximum
960 286 996 320 iu
1032 286 1158 322 Piceno
1194 297 1196 299 ·

1207 502 1210 514 ·
1226 490 1445 527 intercurrisse
1470 517 1477 525 .

663 690 769 738 Qod
794 701 862 724 non
887 689 994 724 statim
1018 691 1088 733 post
1102 690 1176 765 ἂψ,
1207 710 1211 769 ¹

1171 767 1176 791 l
1206 770 1211 792 i

1461 159 1723 220 NON⁷1‚

1227 240 1363 272 domina
1375 240 1494 283 cessares
1505 266 1515 282 ‚
1542 243 1644 276 debita
1656 244 1822 283 bumffltate
1830 247 1958 293 *suggeffi
1968 277 1975 285 .
2000 257 2037 285 N
2039 250 2110 296 uper'

1226 290 1326 323 autem
1337 292 1422 332 apud
1436 295 1596 325 Auximum
1617 293 1813 337 constitutum*
1836 299 1856 329 ἃ
1863 300 2000 340 pluribus
2016 304 2109 336 didici
2117 317 2124 321 0
2140 320 2142 322 >

1226 345 1298 382 quta
1322 345 1417 373 intua
1441 341 1539 376 adbuc
1561 349 1724 378 intentione
1748 346 2109 395 obstinatffme‘perswe-

1223 400 1275 422 ras
1303 413 1311 420 .
1337 391 1423 438 Qae
1454 394 1567 427 omnia
1594 393 1700 428 lucide
1725 396 1869 430 clamant
1895 396 1927 430 se
1953 409 2021 433 non
2046 400 2109 437 esst

1225 440 1324 473 unius
1343 440 1412 475 diei
1433 452 1489 477 aut
1508 444 1645 485 menfis,
1675 444 1728 479 sed
1755 447 1856 491 longa
1878 446 1939 481 fibi
1962 442 2110 494 tempora

1512 494 1674 536 Synodali
1701 496 1846 530 Decreto
1871 495 2007 532 obedire
2030 522 2042 540 ,
2077 500 2110 534 δε

1222 540 1323 574 errori
1346 540 1392 575 ob
1423 542 1492 586 ejus
1517 545 1739 579 auctoritatem
1770 547 1959 582 renuntiare
1986 546 2123 584 duduun

1224 591 1335 625 noluit
1355 591 1494 627 Maurus
1518 618 1530 634 ,
1556 595 1696 639 ideoque
1718 596 1804 631 istud
1826 598 1886 631 suo
1914 597 2029 632 libello
2052 598 2112 633 Pe-

1223 650 1292 675 trus
1318 641 1414 677 duxit
1437 643 1674 687 adjuvandum.
1704 645 1810 681 Porro
1824 648 1935 691 paucis
1946 646 2112 683 mensibus

1223 690 1407 735 Stephanus
1434 694 1581 729 decimus
1606 697 1689 729 vixit
1713 697 1748 731 in
1776 697 1969 741 Apostolica
1991 697 2113 733 Cathe-

1223 740 1304 782 dra,
1329 742 1408 776 &in
1433 743 1502 788 ipso
1520 745 1634 779 statim‘
1649 745 1868 782 Pontificatus
1889 747 2027 783 exordio
2049 748 2110 783 Pe-

269 791 312 826 ad
326 793 483 826 Maurum
495 788 695 835 Episcopum
709 790 802 824 verba
816 805 826 824 .-
843 795 929 831 ΑΑηινε
940 790 1066 832 hocfere
1079 791 1159 824 bien·
1207 793 1310 837 {trum
1330 794 1441 827 evexit
1468 795 1509 829 ad
1533 797 1744 831 Cardinalem
1779 798 2012 842 Episcopatum
2035 800 2111 833 Ho-

271 847 355 876 nium
369 867 381 883 ‚
406 844 478 875 dum
501 847 534 875 in
555 840 673 885 angusto
695 841 817 873 Cellulae
836 853 909 874 meae
928 843 1035 885 angulo
1054 842 1157 874 latita-

269 904 332 926 rem
347 917 359 933 ,
376 892 525 934 sinisiram
536 894 610 934 quid
630 895 664 927 (9⁶
675 902 794 924 moerore
809 893 932 933 plenum
943 894 988 924 ‘ad
1007 903 1053 924 me
1060 893 1159 933 perla-

269 943 334 976 tum
355 943 394 984 est
415 968 426 983 ‚
466 942 601 976 videlicet
623 942 704 984 quod
723 942 857 974 nonnulli
887 943 1003 983 perditi
1026 941 1158 975 homines

269 987 475 1027 Monac-hicum
490 994 623 1026 habitum
632 991 778 1036 sacrilega
790 998 955 1024 temeritate
965 990 1131 1035 desererent
1147 1016 1155 1024 .

1206 979 1238 1029 ἑὲ
1265 991 1379 1027 Leone
1406 1005 1500 1029 nono
1527 1019 1538 1034 ‚

1222 840 1345 876 stienfis
1368 844 1539 878 Ecclefiae.
1568 847 1659 891 Ergo
1685 848 1864 882 Decretum
1888 847 1973 883 istud
1994 851 2110 892 nequit

1220 890 1265 924 ab·
1287 892 1355 936 ejus
1381 895 1526 937 synodis
1549 897 1709 931 emanasse
1737 923 1744 930 .
1771 897 1927 940 Ejusdem
1949 898 2037 933 nulla
2059 900 2108 933 est

1221 943 1379 977 memoria
1391 945 1477 987 apud
1491 947 1573 981 Aua
1587 947 1732 981 Victoris
1754 949 1903 982 secundi.
1934 949 1990 983 Est
2005 950 2108 994 igitur
2119 953 2125 980 ’-

1575 998 1632 1039 qui
1658 997 1880 1045 Monasticam
1914 999 2108 1044 apostasiam

270 1046 365 1086 Super
384 1046 469 1084 cujus
493 1049 535 1076 rei
548 1044 690 1084 Capitulo
716 1052 783 1075 runc
805 1048 946 1084 temporis
969 1043 1089 1076 brevem
1101 1042 1156 1074 tibi
1207 1040 1390 1078 'damnavit
1405 1045 1506 1079 etiam
1530 1046 1565 1079 in
1577 1047 1716 1091 Synodo
1728 1048 1902 1083 Remenfi.

273 1094 439 1137 Epmolam
461 1092 556 1138 m‘stffi’
566 1105 613 1127 me
634 1099 781 1134 memini,
806 1094 884 1127 &ut
905 1093 943 1126 ab
955 1091 1011 1126 bac
1018 1091 1158 1135 pestifera
1204 1077 1209 1124 Ι

317 1361 1162 1451 DECRE

1262 1364 2054 1454 TUMIL

758 1581 817 1622 De
866 1590 973 1622 aetate
1019 1592 1066 1622 ac
1114 1570 1310 1623 voluntate
1339 1575 1616 1645 profitentium.

366 1700 453 1738 Uod
461 1672 599 1734 Maurus
607 1696 788 1741 Episcopus
800 1706 866 1729 non
876 1695 979 1729 solam
988 1706 1029 1729 ex
1039 1693 1153 1728 mortis

266 1703 535 1813 Qpericulo
567 1759 604 1783 ac
626 1741 715 1781 metu
741 1745 910 1785 emiffam,
932 1744 987 1779 sed
1018 1745 1052 1778 ὅ(
1073 1743 1152 1778 alias

416 1801 546 1844 insuper
569 1798 779 1843 profeffiones
801 1795 963 1829 asseruerit
985 1805 1102 1828 vacuas
1123 1793 1156 1827 &

265 1854 401 1894 nullas,
425 1862 463 1886 ac
473 1849 582 1884 taliter
594 1847 737 1892 profestis
757 1845 919 1891 repetendi
943 1845 1047 1878 saeculi
1061 1845 1157 1878 licen-

266 1904 350 1938 tiam
375 1901 513 1941 fecerit,
538 1899 625 1933 lucet
636 1910 676 1933 ex
699 1896 883 1930 hislaudati
897 1895 984 1929 Petri
995 1895 1035 1929 ad
1049 1895 1154 1938 ipsum

264 1951 374 1988 verbis
390 1967 401 1987 .·
414 1946 489 1985 'Aut
501 1946 635 1992 quolibet*
650 1948 707 1980 alio
718 1947 801 1978 modo
817 1947 862 1980 ad
869 1945 1074 1986 Monachicum
1087 1953 1155 1987 per-

265 2009 386 2037 venerit
406 1999 550 2034 Ordinem
576 2025 583 2031 .
614 1997 755 2032 Annalis
777 1996 968 2030 Novitiatus
994 1995 1154 2040 probatio-

265 2048 343 2088 nem
355 2052 453 2086 duxit
474 2049 535 2085 esse
553 2047 794 2083 substantialem
806 2071 817 2086 ,
846 2045 985 2089 ideoque
1007 2046 1074 2079 fine
1088 2047 1155 2088 ipsa

265 2105 394 2138 nullam
419 2097 560 2135 omnino
582 2099 809 2142 professionem
833 2095 993 2130 sublistere
1005 2103 1060 2129 aut
1073 2096 1157 2129 vale·

265 2166 300 2189 re
313 2179 320 2187 .
350 2154 393 2189 Et
406 2151 556 2195 adjunxit
570 2163 581 2183 .·
610 2148 669 2181 sed
685 2149 734 2180 dic
751 2170 762 2186 ‚
786 2159 853 2190 rogo
865 2171 875 2186 ,
879 2146 1079 2187 ferendumne
1100 2144 1158 2184 est,

268 2208 303 2239 (5
315 2216 372 2237 non
392 2204 491 2246 potius
506 2201 605 2235 liberis
617 2198 738 2232 vocibus
753 2198 934 2243 arguendum
945 2221 955 2237 ,
981 2196 1044 2229 cum
1061 2201 1158 2238 pravi

266 2254 390 2297 quilibet
403 2251 642 2292 Monasteriorum
661 2248 817 2288 Rec‘lores,
845 2253 895 2290 qui
920 2257 971 2280 nec
982 2249 1076 2279 Deum
1089 2247 1151 2278 dili-

265 2314 365 2350 gunt,
391 2314 440 2337 nec
450 2304 560 2336 lucrum
571 2307 741 2333 animarum
753 2309 884 2342 quaerere
907 2297 1132 2339 comprobantur
1146 2321 1158 2338 ,

266 2361 366 2397 turpis
389 2356 460 2387 lucri
475 2352 604 2391 stimulis
637 2347 746 2391 accenfi
763 2373 773 2389 ,
798 2355 844 2399 ita
866 2347 1011 2392 fimplices
1035 2344 1157 2389 quosque

268 2406 385 2439 blanda
403 2402 586 2447 persuasione
609 2402 759 2443 decipiunt
776 2407 846 2440 ,rut
867 2410 912 2432 eos
934 2402 1024 2431 vanis
1033 2395 1156 2439 promis-

1219 1694 1267 1728 dit
1288 1696 1379 1739 quod
1394 1697 1452 1730 sub
1476 1697 1633 1731 faciendae
1642 1697 1855 1740 eleemosynae
1873 1697 1948 1730 fuco
1960 1695 2017 1730 ista
2031 1697 2102 1730 aeti-

1219 1753 1307 1778 tent.
1333 1744 1436 1791 Qod
1464 1746 1570 1788 ipsum
1595 1747 1709 1780 multis
1719 1748 1865 1789 queritur
1886 1747 1988 1779 etiam
2005 1747 2122 1781 Zozi-·

1220 1806 1291 1828 mus
1311 1795 1453 1829 Comes.
1482 1796 1684 1830 Maledicam
1707 1797 1873 1839 utriusque
1894 1795 2022 1840 Pagani
2042 1794 2103 1831 ho·

1219 1845 1316 1879 minis
1340 1846 1544 1881 calumniam
1568 1848 1705 1890 exponit
1717 1858 1754 1880 ac
1766 1845 1889 1880 revellit
1901 1846 1934 1878 in
1947 1844 2038 1880 libris
2049 1844 2102 1879 ad-

1221 1896 1346 1935 versum
1372 1895 1526 1929 Gentiles
1547 1896 1739 1931 Monasticoe
1770 1897 1842 1930 vitae
1869 1895 2120 1940 vituperatores*

1219 1947 1349 1979 Sanetus
1373 1945 1513 1988 Ioannes
1537 1945 1815 1989 Chrysostornus,
1841 1946 2004 1980 affirmans
2025 1946 2103 1980 Mo-

1220 1991 1333 2030 nachis'
1354 2007 1422 2030 non
1448 1998 1556 2030 solum
1579 2008 1694 2030 aeterna
1716 1997 1750 2030 in
1765 1997 1898 2036 futuro,
1925 1995 1979 2029 sed
1999 1997 2121 2030 etiam]

1219 2046 1412 2089 temporalia
1426 2047 1458 2080 in
1474 2047 1612 2090 praesenti
1625 2046 1738 2080 saeculo
1751 2045 1837 2079 bona
1850 2046 1964 2080 donari
1975 2046 1994 2079 ὲ
2006 2044 2105 2080 Chri-

1220 2095 1268 2129 sso
1283 2097 1437 2130 Domino
1450 2121 1458 2136 ‚
1486 2098 1520 2131 &
1535 2107 1641 2130 -.·otum
1654 2096 1815 2130 mundum
1835 2096 1940 2130 effein
1956 2096 2101 2139 ipsorum
2143 2132 2148 2137 ,

1218 2147 1395 2189 potestate,
1422 2157 1519 2188 atque
1544 2148 1587 2180 fic
1612 2147 1855 2180 demonstrans:
1885 2148 1938 2179 Sin
1957 2155 1990 2180 tu
2001 2150 2102 2180 minus
2118 2130 2215 2203 gb*

1217 2198 1312 2230 credis
1325 2220 1335 2235 ‚
1361 2208 1413 2239 age
1430 2206 1459 2229 te
1470 2199 1515 2230 ad
1534 2199 1615 2230 illum
1627 2221 1638 2236 ‚
1665 2196 1852 2239 quempiam
1863 2196 2013 2230 videlicet
2024 2196 2103 2231 Mo·
2119 2211 2121 2215 ¹
2153 2180 2179 2210 p'
2191 2180 2217 2208 ς’

1220 2247 1362 2280 nachum
1374 2248 1557 2280 adducamus
1569 2273 1579 2287 ‚
1606 2258 1641 2280 ac
1649 2245 1880 2289 persuadeamus
1894 2271 1904 2286 ,
1931 2256 1965 2279 ut
1977 2247 2016 2280 de
2025 2255 2105 2280 mon·
2119 2272 2124 2280 .

1217 2306 1246 2330 te
1268 2295 1445 2340 descendens
1468 2322 1478 2338 ,
1508 2302 1602 2341 magis
1626 2306 1725 2342 autem
1746 2298 1804 2329 illic
1829 2296 1956 2338 refidens
1978 2321 1989 2337 ,
2014 2298 2122 2330 alicui,

1217 2358 1253 2380 ex
1269 2347 1316 2379 his
1330 2372 1340 2388 ,
1365 2353 1414 2389 qui
1435 2349 1468 2380 o·
1483 2349 1597 2381 divites
1612 2348 1704 2381 valde
1725 2349 1758 2380 (5
1772 2345 1894 2391 religiosi
1894 2346 1969 2390 sunt
1979 2373 1988 2387 ‚
2015 2359 2103 2380 man·

1217 2398 1269 2430 det
1290 2407 1324 2430 ut
1337 2395 1390 2437 fibi
1413 2404 1516 2430 mittat
1534 2404 1600 2431 auri
1617 2399 1737 2440 pondus
1751 2420 1761 2437 ,
1786 2407 1932 2439 quantum
1957 2396 2017 2440 ipse
2029 2403 2100 2440 vis,

264 2455 392 2498 sionibus
425 2454 536 2488 illec‘los
557 2453 607 2492 ad¹
624 2450 832 2491 Monasterium
853 2449 979 2482 trahant
1009 2449 1021 2481 ?
1048 2450 1176 2503 Eritne}
1212 2446 1275 2488 five
1297 2454 1366 2490 quia
1390 2448 1469 2489 istud
1487 2460 1545 2482 non
1562 2457 1715 2490 pateretur
1729 2472 1739 2487 ,
1765 2449 1810 2480 illi
1830 2450 1881 2481 vel
1889 2449 1933 2480 illi
1952 2447 2118 2490 indigenti&

271 2503 437 2547 hujusmodi
457 2504 537 2537 reela
559 2499 700 2541 converfio
720 2525 732 2540 ,
766 2511 856 2542 quam
887 2511 945 2532 non
971 2503 1003 2530 in
1028 2498 1173 2540 Poffirffo-'l

270 2566 355 2594 rem,
376 2552 434 2596 sed
455 2559 487 2585 in
513 2553 695 2594 poffeffionem
714 2550 855 2591 praeceffit
878 2548 1068 2586 inflammata
1078 2526 1176 2596 cupi-i

273 2606 348 2638 doz?
375 2601 487 2638 Etiam
509 2600 602 2634 hasce
633 2599 844 2643 professiones
878 2598 1003 2631 censuit
1034 2597 1175 2647 nullius}

271 2654 409 2689 valoris.
439 2653 546 2696 Eique
567 2650 652 2685 favet
673 2651 708 2683 in
730 2649 812 2682 libro
826 2649 866 2681 de
890 2645 1034 2680 velandis
1049 2646 1175 2692 virgi-3

271 2705 370 2740 nibus
385 2702 632 2744 Tertullianus,
661 2700 833 2734 adversum
853 2697 1005 2741 professas
1031 2708 1074 2729 ex
1099 2695 1175 2753 hm}

272 2750 660 2799 manegloriaelibidine
672 2750 830 2794 Virgines
851 2748 1055 2782 declamans:
1085 2749 1175 2799 Por-g

274 2810 307 2839 νὸ
318 2807 368 2840 ubi
387 2806 507 2850 gloria,
530 2802 572 2834 ibi
582 2800 749 2845 solltcitatio
767 2824 777 2840 ‚
802 2798 851 2832 ubi
880 2797 1073 2842 sollicitasse,
1099 2797 1160 2829 illic'

274 2857 400 2899 coaelc'03
428 2854 477 2889 ubi
492 2853 619 2892 coaa‘lio,
646 2853 704 2885 illic
720 2851 886 2890 neceffiras:
913 2849 964 2882 ubi
987 2847 1132 2886 neceffltas
1146 2869 1156 2885 ‚

276 2907 334 2940 illic
354 2905 533 2948 infirmitas.
555 2901 746 2936 istiusmodi
774 2901 981 2943 professiones
1007 2897 1156 2930 adfirmat

278 2967 345 2989 non
366 2954 591 2993 voluntarias,
603 2979 605 2981 -
618 2953 758 2995 ideoque
778 2950 811 2983 &
826 2951 929 2983 nullas
941 2974 949 2981 .
989 2960 992 2965 ·

330 3007 430 3053 Qiod
451 3005 630 3040 castitatem
654 3001 780 3045 profeffi
793 3000 904 3043 paffim
929 2997 1073 3031 laborent
1086 3006 1157 3029 ava-

281 3055 374 3095 ritia,
400 3055 547 3089 adfirmat
565 3054 772 3089 &rationem
788 3049 878 3084 addit
904 3050 938 3083 in
951 3049 1034 3081 libro
1045 3047 1086 3080 de
1099 3046 1158 3080 Vi—

283 3105 407 3137 duitate
428 3104 546 3138 Beatus
568 3102 774 3149 Augustinus
797 3126 804 3133 .
832 3100 876 3134 Et
900 3100 1097 3133 nominatim
1118 3096 1159 3130 de

283 3153 461 3187 Monaehis
481 3154 600 3197 scripsit
612 3155 646 3187 in
660 3153 822 3189 Oratione
837 3150 877 3184 ad
888 3149 1082 3186 Heraclium
1096 3148 1165 3188 Cy·

285 3204 399 3238 uicum
420 3203 576 3244 Apostata
599 3203 776 3248 Imperator
799 3201 946 3244 Julianus
964 3213 972 3231 ε
1001 3202 1101 3232 Genus
1123 3196 1160 3242 est

285 3248 435 3297 quoddam
455 3251 601 3283 hominum
625 3276 636 3292 ,
661 3264 730 3294 quos
751 3251 884 3292 infelices
921 3251 1041 3283 Galilaei
1073 3248 1161 3290 vulgo

289 3302 445 3338 nominant
454 3304 700 3333 Renuntiatores.
729 3306 839 3332 Horum
858 3302 989 3342 plerique
1008 3298 1162 3341 postquam

291 3348 489 3397 ea²igu1s‚2se,(e
512 3349 592 3380 bonis
616 3350 820 3381 abdicaverint
843 3375 853 3390 ,
890 3351 1051 3382 admodum
1069 3350 1163 3381 multa

292 3404 344 3437 vel
373 3407 470 3439 omnia
498 3398 596 3441 potius
626 3398 752 3437 undique
787 3402 952 3431 conradum
979 3424 988 3439 ,
1027 3400 1101 3432 adeo
1134 3405 1165 3429 ut

292 3457 403 3498 ingenti
423 3452 544 3486 aliorum
561 3446 664 3481 bonore
684 3454 772 3488 atque
793 3448 877 3488 officio
893 3448 1038 3489 stipentur
1060 3471 1067 3480 .
1095 3447 1165 3482 Ad-

1219 2498 1287 2529 dari
1300 2498 1409 2538 jubeat
1438 2523 1449 2538 ‚
1475 2499 1593 2532 videbis
1617 2507 1715 2531 autem
1737 2498 1818 2529 illum
1848 2498 1914 2530 huic
1937 2499 2072 2531 devotius
2085 2520 2096 2535 ‚

1221 2550 1350 2581 alacrius
1368 2573 1378 2587 ,
1400 2556 1567 2591 promptius
1581 2549 1785 2586 obedientem,
1810 2550 1901 2589 quam
1912 2546 2030 2588 faceret
2038 2557 2096 2579 me-

1221 2607 1253 2630 tu
1282 2607 1331 2631 tuo
1341 2605 1443 2640 quivis
1454 2611 1492 2632 ex
1511 2604 1571 2632 tuis
1586 2596 1851 2642 dispensatoribus.
1880 2601 1966 2628 Nam
1977 2595 2096 2638 hicqui-

1219 2648 1285 2679 dem
1295 2660 1360 2681 cum
1369 2650 1487 2689 aliquid
1491 2649 1616 2690 jubetur
1630 2672 1639 2687 ‚
1665 2658 1791 2683 maerens,
1802 2671 1811 2686 ,
1837 2645 1946 2686 tristis,
1959 2645 2096 2689 demissus

1219 2698 1252 2728 id
1256 2697 1337 2738 facit
1349 2722 1359 2737 ,
1387 2708 1487 2731 contra
1508 2700 1558 2731 ille
1579 2699 1642 2729 cum
1664 2698 1841 2737 impenderit
1853 2706 1957 2736 „tunc
1977 2697 2119 2729 demumz

1217 2749 1349 2780 maxime
1370 2749 1502 2788 trepidat
1524 2756 1613 2788 atque
1638 2751 1747 2778 anxius
1760 2746 1818 2786 est,
1846 2745 1969 2787 neforte
1987 2753 2020 2778 in
2043 2747 2099 2779 a'li-

1217 2809 1272 2838 quo
1293 2796 1467 2837 offenderit,
1496 2799 1574 2838 quod
1585 2795 1640 2836 fibi
1662 2795 1804 2838 ejusmodi
1822 2795 1901 2829 nihil
1919 2802 2095 2837 imperetur.

1219 2852 1310 2887 Atque
1319 2857 1368 2889 ego
1373 2848 1516 2888 plurimos
1532 2848 1588 2879 tibi
1597 2848 1693 2888 poffim
1705 2846 1845 2885 ostendere
1860 2871 1870 2885 ,
1896 2857 1952 2879 non
1964 2847 2047 2878 modo
2058 2856 2095 2878 ex
2113 2862 2115 2866 ν

1217 2902 1258 2929 eis
1281 2903 1332 2938 qui
1356 2898 1574 2930 excellentiores
1593 2897 1664 2939 sunt
1676 2920 1686 2935 ,
1711 2897 1816 2929 verum
1840 2907 1876 2929 ex
1895 2894 2096 2929 humilioribus

1218 2959 1329 2988 quoque
1342 2971 1352 2986 ‚
1380 2954 1431 2989 qut
1452 2957 1541 2980 tanta
1555 2947 1610 2980 hac
1626 2947 1767 2989 potestate
1774 2946 1846 2990 sunt
1861 2947 2004 2988 praediti.
2033 2943 2098 2977 Ar-

1218 3007 1414 3041 gumentum
1437 2996 1501 3032 hoc
1526 2998 1694 3042 insigniter
1722 2998 1945 3040 prosequitur,
1970 2996 2005 3028 ὅς
2031 3006 2099 3037 per-

1220 3058 1268 3091 git
1289 3073 1295 3079 .
1325 3049 1417 3090 ‚Quod
1430 3047 1459 3089 fi
1478 3047 1623 3091 nobiscum
1658 3055 1691 3081 in
1709 3049 1855 3092 Religione
1885 3048 2072 3078 concordares
2087 3068 2097 3083 ‚

1219 3098 1392 3140 enarraffem
1414 3100 1470 3130 tibi
1481 3098 1610 3140 profedlo
1619 3101 1732 3131 multas
1745 3109 1779 3130 ac
1792 3100 1895 3138 longas
1908 3120 1919 3135 ,
1946 3093 2099 3137 novasque

1220 3150 1252 3181 (τ
1265 3158 1381 3181 veteres
1406 3148 1573 3192 hujusmodi
1594 3148 1727 3190 historias
1739 3171 1746 3177 .
1774 3147 1847 3178 Hac
1860 3146 2015 3188 potestate
2027 3156 2098 3178 non

1221 3200 1325 3241 quivis
1337 3199 1504 3242 pollebant
1517 3199 1680 3233 Monachi
1691 3222 1702 3237 ‚
1729 3194 1780 3229 sed
1794 3195 1854 3229 soli
1867 3196 2098 3239 temporalium

1222 3259 1483 3292 contemptores.
1511 3249 1614 3296 Qod
1638 3249 1723 3281 inter
1746 3247 1830 3288 ipsos
1851 3245 1971 3280 sordidi
1988 3246 2098 3279 &ava-

1224 3300 1248 3331 ri
1270 3299 1407 3339 fuerint,
1435 3300 1604 3343 profitetur
1623 3308 1661 3330 ac
1682 3295 1877 3330 lamentatur
1900 3298 1932 3329 in
1956 3295 2045 3329 libris
2056 3292 2098 3324 de

1225 3350 1330 3382 cordis
1350 3350 1605 3392 compunctione
1630 3347 1716 3380 idem
1740 3345 1993 3388 Chrysostomus
2015 3356 2026 3377 .-
2051 3344 2098 3373 Et
2118 3363 2167 3392 Hb
2188 3376 2217 3396 ἓ.

1225 3401 1341 3440 quidem
1362 3402 1442 3442 quod
1463 3397 1592 3430 homines
1618 3395 1720 3439 saeculi'
1748 3402 1833 3429 viam
1846 3391 2012 3438 spatiosam
2029 3404 2099 3434 gra·
2114 3409 2214 3443 ‘NP-⁶-

1227 3451 1349 3482 a'tantur
1364 3475 1375 3491 ‚
1402 3460 1467 3483 non·
1481 3448 1571 3481 valde
1591 3453 1697 3480 mirum
1717 3445 1754 3486 est
1777 3468 1788 3484 ,
1812 3457 1858 3478 eos
1884 3452 1983 3477 autem
2005 3464 2017 3479 ,
2046 3448 2099 3484 qui

1948 3493 2053 3527 viden-
