2352 3736
367 167 405 208 5
468 197 473 201 .

307 243 392 287 tuiff'e
403 268 414 284 ,
434 239 594 285 sedetiam
607 247 716 279 Patres
728 248 761 279 in
771 249 893 279 Ntcaeni
905 244 1027 285 Conctltt
1050 237 1183 280 tradatu

305 294 455 336 addidisse
475 317 486 334 ‚
512 304 603 336 neque
625 295 772 329 clericum
793 305 968 338 quemquam
988 293 1092 337 debere
1110 296 1182 340 effe,

308 349 364 387 qut
368 342 496 389 secunda
506 345 642 388 conjugia
655 344 845 391 fhrtttusfit.
870 345 909 377 In
932 342 1123 379 Canonicis‘
1141 347 1181 380 ad

311 395 496 435 Wulfinum
521 393 556 427 in
567 395 690 439 Anglia
718 395 914 438 Episcopum
930 393 1044 428 litteris
1071 396 1181 438 nescio

307 446 380 489 quis
403 443 566 479 AElfricus
587 445 678 479 addit
696 446 714 479 a
735 442 867 479 laudata
876 444 1013 488 Synodo
1027 445 1070 479 fic
1087 446 1180 480 fuiffe

304 494 546 534 constitutum.
574 494 697 528 Verum
720 492 859 529 labitur.
888 493 1070 541 Qomodo
1091 494 1180 530 enim

303 544 455 580 adversus
477 544 568 579 istam
590 542 858 579 constitutionem
885 544 1121 588 Theodoretus
1146 546 1180 580 ἀ

304 595 361 629 alii
372 595 476 630 Gtaeci
488 594 592 638 plures
602 593 732 627 fuissent
744 594 809 628 ausi
820 593 1004 630 constanter
1027 595 1180 630 sustinere

304 645 408 680 solam
416 644 642 679 simultaneam
656 643 834 688 bigamiam
845 647 907 679 effe
919 646 1048 679 fontem
1059 646 1182 691 irregu-

304 690 471 730 laritatis?
495 694 675 728 Dumtaxat
694 694 776 739 ergo
799 696 969 730 tractatum
992 696 1055 733 fuit
1069 720 1080 736 ‚
1105 706 1180 729 cum

303 743 448 789 praesenti
470 742 638 779 clericalis
661 744 816 780 castitatis
835 745 1012 789 quaestione
1040 747 1179 790 proposi—

300 795 374 829 tum
383 805 439 838 per
449 792 539 828 Sedis
549 794 708 828 Romana:
718 794 885 841 Legatos,
909 808 946 830 ac
957 795 1153 842 postulatum
1167 821 1178 837 ,

301 845 357 879 sed
369 845 386 878 ὲ
398 843 579 887 Paphnutii
591 845 816 880 interceffione
825 846 1013 890 suspensum
1027 858 1064 881 ac
1079 849 1178 889 irnpe-

298 894 407 930 ditum
417 920 424 927 .
453 894 606 929 Eundem
620 897 788 930 trastatum
801 895 912 931 laudat
933 908 971 931 ac
983 897 1179 940 interceffio·

301 956 378 979 nem
390 944 504 988 prohat
516 945 714 990 Gangrenfis
723 946 877 989 Synodus
886 971 896 987 ,
905 946 1054 982 adversus
1067 947 1177 987 Eusta-

298 993 385 1029 'tium
398 995 618 1030 Sebastensem
640 994 858 1040 Episcopum,
885 998 995 1041 primae
1016 997 1178 1035 Armeniae

299 1045 574 1090 Metropolitam3
600 1045 763 1081 statuens:
791 1049 822 1080 51*
843 1053 911 1089 quis
934 1045 1074 1090 discernit
1087 1050 1176 1081 Pres-

299 1095 427 1135 byterum
437 1098 623 1139 conjugatum
634 1121 645 1137 ‚
671 1096 750 1139 quafi
759 1108 816 1131 non
826 1106 961 1139 oporteat
973 1100 1036 1139 ejus
1058 1097 1178 1131 oblassto·

297 1152 332 1183 ‚nl
350 1152 580 1187 communicare,
606 1146 768 1181 anathema
775 1147 829 1189 fit.
857 1148 1015 1183 Relistam
1039 1150 1057 1182 a
1072 1148 1178 1181 Nicae-

298 1208 341 1230 na
355 1195 491 1240 Synodo
512 1197 696 1232 libertatem
719 1209 759 1232 ex
782 1199 994 1232 inconcinnis
1014 1209 1052 1232 ac
1073 1196 1178 1233 deviis

299 1246 484 1282 rationibus
493 1246 669 1282 damnabat
681 1248 847 1282 Eustatius
861 1273 872 1289 ‚
891 1248 1014 1283 addens
1025 1247 1177 1292 conjuga-

297 1299 370 1331 tur-n
383 1297 611 1341 Presbyterum
633 1298 697 1332 esse
717 1298 975 1333 abominabilem
999 1298 1033 1331 δε
1057 1297 1177 1332 ἰοειΗὶο-

297 1348 366 1381 sum
378 1373 389 1389 ‚
416 1348 544 1391 ejusque
555 1348 745 1382 sacrificium
758 1349 823 1382 fine
835 1349 994 1392 contagio
1014 1358 1082 1383 non
1106 1349 1174 1392 pos-

296 1395 460 1444 sessaudiri.
490 1398 587 1431 Hanc
600 1397 668 1440 ejus
688 1398 899 1433 temeritatem
921 1398 1090 1432 damnavit
1111 1397 1178 1433 lau-

295 1446 371 1481 data
381 1447 578 1490 Gangrensis
590 1445 765 1488 Synodus,
791 1447 974 1480 sanctissimi
998 1447 1176 1491 Paphnutii

295 1496 556 1542 intercessionem
578 1519 589 1535 ,
618 1496 739 1539 ipsique
762 1494 803 1529 ab
824 1497 998 1530 universali
1021 1498 1177 1540 Concilio

295 1547 459 1581 firmatam
471 1546 651 1580 libertatem
674 1545 791 1579 nolens
812 1545 975 1590 judicaria
987 1559 1151 1592 quoquam
1163 1573 1174 1589 ,

298 1597 398 1642 longe
423 1596 532 1630 minus
551 1594 816 1631 anathematizari
841 1623 848 1629 .
875 1596 962 1631 Istud
990 1595 1099 1632 tamen
1122 1609 1176 1632 ex-

298 1648 385 1682 stans
398 1648 455 1681 suo
467 1658 613 1689 tempore
623 1646 814 1690 Capitulum
821 1648 903 1681 reste
914 1647 1086 1690 damnavit
1099 1648 1178 1683 Gre-

299 1698 411 1742 gorius
434 1697 596 1740 Septimus
615 1709 632 1729 εν
650 1707 718 1732 erat
737 1697 827 1731 enim
853 1697 871 1730 a
891 1697 1076 1742 conjugatis
1097 1709 1178 1733 tunc

299 1747 430 1782 Latinis
440 1747 668 1781 Sacerdotibus
679 1748 854 1781 consutum
875 1748 1103 1783 mendacium.
1133 1750 1178 1783 Et

299 1798 342 1833 ab
351 1795 541 1833 authentico
554 1797 682 1833 indulta
699 1797 820 1835 Graecis
833 1797 962 1843 libertas
983 1799 1024 1834 ad
1037 1799 1178 1842 Latinos

300 1861 369 1883 non
383 1848 508 1892 poterat
521 1849 653 1883 extendi
667 1875 674 1881 .

351 1898 487 1934 Etenim
507 1900 630 1934 avitum
656 1911 692 1934 ac
706 1898 942 1944 Apostolicum
962 1902 1024 1936 suae
1035 1901 1176 1936 clerica·

300 1949 341 1984 lis
360 1948 516 1983 castitatis
535 1961 661 1984 morem
680 1951 713 1984 ὅ(
727 1950 902 1985 Canon-em
922 1950 1178 1986 constantissime

299 2001 441 2045 perrexit
461 1999 559 2034 etiam
573 2000 643 2044 post
663 2001 833 2035 Nicaenam
855 2001 1027 2044 synodum
1061 2002 1179 2042 Latina

299 2051 411 2085 omnis
431 2050 574 2084 Ecclesia
602 2050 761 2085 custodire
784 2076 792 2084 .
828 2051 931 2099 Qod
958 2052 1116 2090 Romano
1143 2051 1176 2084 in

300 2100 461 2135 Concilio
472 2126 484 2142 ,
510 2112 578 2144 quo
589 2101 723 2135 Nicaena
737 2101 819 2137 Asta
843 2100 960 2135 re'vidit
982 2113 1019 2134 ac
1030 2100 1179 2144 probavit

299 2151 434 2184 Sanetus
444 2150 604 2191 sylvester
614 2150 770 2185 Pontifex
784 2175 795 2191 ‚
821 2151 915 2186 istam
934 2151 1035 2185 etiam
1057 2150 1182 2191 castita·

300 2211 370 2237 tem
396 2199 490 2232 novis
528 2199 678 2234 adversus
703 2199 885 2243 Paphnutii
921 2200 1180 2242 intercessionem

302 2248 426 2285 Editus
450 2248 585 2282 firmarit
610 2273 621 2288 ,
647 2262 714 2283 non
737 2250 782 2283 est
810 2251 1030 2284 dubitandum
1053 2275 1060 2282 .
1087 2248 1183 2285 Licet

304 2299 386 2334 Aeta
401 2299 554 2342 perierint
565 2323 577 2339 ‚
604 2298 710 2332 lucide
721 2310 829 2332 tamen
848 2300 882 2332 id
894 2302 1074 2342 supponere
1093 2299 1186 2333 vide-

303 2348 401 2383 tutin
422 2348 504 2390 suis,
531 2347 695 2382 laudatam
718 2348 898 2382 castitatem
920 2347 1005 2392 apud
1017 2346 1184 2391 Hispanos

303 2398 548 2433 stabilientibus
570 2423 581 2440 ‚
608 2397 648 2430 ad
672 2398 862 2431 Himerium
899 2399 1184 2433 Tarraconensem

304 2449 561 2491 Metropolitam
582 2445 699 2481 litteris
711 2448 797 2490 Papa
822 2447 958 2482 Siricius
971 2472 983 2488 ,
1009 2448 1139 2482 edicens
1149 2448 1183 2481 in

307 2499 373 2543 ejus
391 2498 643 2540 praevaricatores
656 2510 666 2530 .-
695 2502 846 2530 Noverim·
862 2496 946 2540 seab
957 2503 1035 2530 omna·
1048 2497 1181 2540 Ecclesia-

292 2549 372 2592 'flico
383 2547 507 2589 bonore,
532 2559 588 2589 quo
601 2548 724 2591 indigne
743 2546 880 2590 ufisunt‚
911 2547 1077 2590 Apostolicae
1100 2544 1184 2581 sedis

310 2599 487 2633 auc‘loritate
507 2597 653 2638 deiet‘los,
680 2608 732 2631 nec-
758 2609 892 2639 unquam
907 2601 982 2641 poffe
1003 2599 1181 2631 veneranda

309 2648 473 2682 attrectare
495 2647 645 2687 mysteria,
674 2647 778 2690 quibus
798 2646 930 2690 seipsos,
957 2650 1028 2680 dum
1051 2645 1185 2690 obscoeni's

310 2698 527 2741 cupiditatibus
549 2697 668 2730 inhiant
682 2721 693 2737 ‚
714 2703 921 2739 privaverunt
946 2723 953 2730 .
981 2696 1106 2730 Lucide
1123 2697 1186 2731 lau-

311 2749 368 2784 dat
382 2772 390 2785 ‚
417 2759 483 2781 non
513 2746 743 2791 Apostolicum
758 2748 931 2782 canonem
946 2772 956 2787 ‚
986 2758 1045 2781 nec
1066 2747 1187 2782 avitam

312 2796 585 2834 consuetudinem
606 2822 616 2838 ,
643 2798 694 2832 sed
720 2809 786 2831 non
810 2797 855 2831 ita
880 2797 1038 2831 vetustum
1061 2822 1071 2838 ‚
1098 2798 1186 2841 quod

313 2858 446 2884 omnem
471 2848 567 2891 priori
580 2849 638 2882 suo
653 2847 810 2892 conjugio
821 2848 975 2891 deinceps
996 2847 1125 2881 usurum
1138 2850 1188 2882 Sa-

314 2899 480 2934 cerdotem
495 2909 550 2932 aut
566 2898 755 2932 Diaconum
774 2896 963 2942 degradarat
985 2897 1049 2930 fine
1071 2897 1126 2940 spe
1147 2905 1191 2930 re-

318 2948 494 2992 parationis
516 2973 526 2989 ‚
554 2947 752 2992 Apostolicae
779 2948 869 2982 Sedis
892 2948 1042 2981 Edic'lum
1064 2971 1075 2987 ‚
1101 2945 1190 2990 quod

319 2996 381 3030 esse
391 3008 454 3030 non
471 2998 577 3040 potuit
587 2998 676 3032 aliud
690 3023 700 3038 ‚
726 3009 822 3041 quam
837 2997 1004 3031 laudatum
1016 2997 1170 3038 Sylvestri
1185 3021 1191 3028 .

321 3045 451 3080 Laudat
463 3047 614 3082 Edictum
626 3072 635 3090 ‚
658 3048 749 3091 cujus
759 3048 892 3091 quidam
905 3046 1091 3090 allegabant
1102 3047 1194 3091 igno-

325 3090 463 3130 iamiam
477 3117 488 3133 ‚
512 3106 607 3138 quam
617 3098 658 3132 de
669 3097 865 3141 Apostolico
877 3097 1016 3132 Canone
1039 3105 1094 3130 aut
1108 3097 1194 3131 avita

324 3143 559 3181 consuetudine
592 3146 742 3191 Episcopi
773 3159 842 3182 non
881 3156 1030 3191 poterant
1057 3146 1191 3181 habere.

327 3194 425 3230 Adeo
448 3194 515 3236 ipsa
539 3204 605 3227 non
627 3195 819 3238 ignorabant
840 3222 851 3238 ‚
878 3208 914 3231 ut
933 3209 988 3240 per
1017 3196 1194 3240 Paphnutii

328 3243 494 3278 admissam
505 3243 522 3276 a
534 3242 661 3285 Nicena
675 3245 810 3286 synodo
824 3247 1079 3282 intercessionem
1092 3246 1196 3280 soluta

329 3292 557 3337 praetenderent
578 3303 633 3326 aut
655 3293 784 3333 laxata,
809 3296 967 3331 &Graecae
988 3297 1138 3331 Ecclesiae
1160 3296 1197 3329 li-

329 3343 486 3378 bertatem
507 3342 604 3376 etiam
626 3343 667 3376 ad
692 3343 830 3376 Latinos
851 3348 1015 3379 extensam
1036 3371 1043 3379 .
1072 3346 1139 3380 Eos
1160 3346 1195 3379 in

329 3392 419 3428 hunc
429 3402 567 3425 errorem
588 3392 872 3435 circumscripserat
890 3405 1012 3428 novum
1034 3395 1197 3439 Joviniani

331 3454 366 3482 ,38
378 3441 555 3487 vigilantii
568 3442 687 3486 dogma
699 3467 710 3483 ‚
736 3441 826 3487 cujux
836 3444 938 3486 prim'a
962 3444 1143 3483 rudimenta
1154 3447 1198 3480 vi-

647 144 846 211 'paim
881 144 1278 211 lssn'oossiiirfims
1313 149 1760 231 §isnin-*iim

1241 244 1356 304 dentur
1366 247 1470 283 statim
1483 250 1553 293 post
1566 248 1729 293 laudatam
1741 253 1911 301 synodum
1924 250 2107 302 pullulasse.

1244 296 1336 332 Hinc
1347 299 1412 342 ipsa
1423 301 1518 333 novis
1533 300 1656 340 Edietis
1675 306 1769 341 evelli
1780 304 1962 348 debuerunt
1971 307 1990 343 ὲ
2002 309 2112 352 Sylve-

1243 346 1306 381 stro
1330 371 1342 388 ,
1367 349 1400 383 δε
1420 350 1507 384 avita
1531 351 1661 385 castitas
1685 355 1777 393 novis
1802 357 1955 397 anchoris
1971 358 2111 398 firmari,

1241 395 1332 442 Qas
1350 397 1510 434 anchoras
1532 402 1566 434 in
1600 400 1684 436 libro
1707 402 1854 445 adversus
1887 407 2113 454 vigilantium

1234 495 1352 537 facient
1372 504 1504 533 orientis
1526 501 1679 543 Ecclestae,
1706 505 1781 545 quid
1801 506 1948 551 AEgypn,
1970 511 2006 544 ω
2026 509 2114 543 sedis

1247 546 1404 596 apostolice
1416 573 1428 590 ,
1452 561 1518 593 quae
1528 562 1581 586 aut
1602 548 1735 596 vw'rgines
1749 555 1874 592 clericos
1882 560 2028 602 acclphnt
2037 583 2048 600 ,
2059 565 2115 598 aut

1241 603 1422 632 continentes
1431 624 1441 640 ,
1459 598 1558 643 'autfi
1566 613 1670 640 uxores
1682 603 1836 637 habuerint
1845 630 1855 646 ,
1882 610 1986 641 mariti
2005 608 2053 649 effe
2063 609 2115 644 de-

1234 645 1363 687 sistunt?
1388 648 1449 683 Per
1459 648 1656 699 Apostolieae
1676 654 1763 688 Sedis
1774 654 1933 691 Ecclefias
1954 655 2114 702 intelligit

1242 706 1349 731 torum
1372 698 1562 734 Romanum
1576 701 1853 739 Patriarchatum.
1881 705 1996 739 lnnuit
2014 702 2116 743 etiam

1241 746 1411 783 Orientale
1428 749 1598 800 Illyricum
1619 753 1637 787 e
1648 753 1759 788 Graeca
1772 766 1827 797 per
1839 755 2040 801 Dionysium
2051 755 2117 792 CO·

1241 795 1342 831 rinthi
1355 799 1553 843 Episcopum
1563 803 1692 837 defensa
1713 804 1795 843 olim
1807 803 1955 845 libertate
1974 805 2014 840 ad
2026 806 2117 846 Lati-

1244 858 1317 880 nam
1340 847 1446 894 legem
1466 852 1560 886 fuisse
1581 854 1598 885 a
1612 853 1774 894 sylvestro
1795 855 1995 896 traduEtut'n.
2022 856 2117 895 Hinc

1240 898 1328 931 enim
1350 898 1385 931 ἀ
1404 898 1445 933 ad
1467 899 1672 938 Anastafium
1696 903 2021 941 Thessalonicensem
2041 905 2120 950 Epi-

1242 947 1396 990 scopum,
1422 951 1514 985 suum
1539 951 1609 987 istic
1621 954 1813 996 Vicarium,
1840 957 1959 1001 scripsit
1983 956 2118 996 Sandtus

1243 996 1314 1032 Leo
1326 998 1472 1044 Magnus
1483 1014 1494 1034 :
1521 1006 1599 1036 Cum
1610 1013 1699 1037 extra
1709 1005 1887 1039 clericorum
1897 1007 2032 1041 ordtnem
2050 1017 2118 1040 con-

1234 1046 1350 1086 fluens
1371 1057 1545 1092 nuptiarum
1562 1051 1698 1095 socmm
1719 1057 1753 1089 (ν
1770 1061 1969 1097 procreationi
1984 1056 2117 1099 filiorum

1233 1095 1393 1140 studerefit
1405 1101 1548 1142 liberum,
1575 1105 1620 1137 ad
1628 1103 1830 1138 exhibendam
1854 1116 1957 1143 tamen
1974 1106 2117 1149 per-fella

1238 1153 1428 1195 continentia
1448 1157 1613 1192 puritatem
1636 1178 1647 1194 ,
1674 1165 1726 1193 nec
1744 1155 1972 1194 subdiaconibus
1998 1158 2118 1203 quidem

1239 1198 1412 1232 connubium
1423 1200 1541 1234 carnale
1550 1203 1733 1244 conceditur,
1759 1205 1899 1248 ταύρω
1911 1205 2022 1241 babent
2041 1215 2121 1240 tam-

1240 1258 1329 1290 quam
1340 1259 1397 1281 non
1419 1249 1644 1292 babentesfint,
1677 1254 1773 1296 &qut
1786 1266 1844 1287 non
1866 1254 1981 1290 habent
1998 1263 2121 1301 perma-

1241 1297 1512 1343 neantsingulares.
1544 1301 1669 1351 ‚Quodfi
1684 1308 1716 1336 tn
1731 1305 1852 1349 ordine,
1877 1310 1927 1351 qut
1948 1315 2074 1348 quartus
2095 1307 2119 1341 ὸ

1240 1354 1336 1389 capite
1359 1348 1397 1388 est
1411 1372 1422 1389 ,
1447 1351 1571 1394 dignum
1595 1352 1634 1392 est
1653 1352 1809 1399 gufiodtrt,
1834 1358 1946 1403 quanto
1966 1361 2063 1403 magt:
2085 1361 2120 1391 in

1236 1404 1335 1439 primo
1350 1421 1361 1437 ‚
1387 1398 1593 1440 autsecundo,
1618 1401 1673 1434 vel
1688 1407 1774 1436 tertio
1792 1402 1979 1446 servandam
1997 1405 2056 1447 est,
2081 1416 2121 1442 ne

1241 1455 1294 1480 aut
1305 1450 1439 1481 Levitico
1452 1448 1610 1490 ministerio
1618 1475 1629 1490 ,
1658 1460 1712 1484 aut
1721 1452 1915 1490 Presbyteralt
1926 1453 2032 1490 bonore
2042 1479 2054 1496 ‚
2063 1448 2120 1491 aui

1243 1497 1411 1543 Episcopali
1430 1499 1603 1533 excellentia
1622 1499 1785 1544 quisquam
1794 1503 1916 1541 idoneus
1937 1502 2120 1548 ,emmeram

1242 1553 1294 1590 qut
1300 1545 1334 1590 se
1345 1550 1365 1580 a*
1377 1549 1528 1591 voluptate
1537 1555 1647 1583 uxoria
1659 1552 1784 1585 necdum
1799 1551 1943 1597 fraenaffe
1953 1553 2122 1602 detegitur?

1243 1596 1649 1642 Constantinopolitanam
1673 1600 1872 1637 Cathedram
1894 1604 2018 1647 semper
2039 1603 2124 1638 dile-

1242 1657 1358 1682 xerunt
1380 1649 1514 1692 quidam
1540 1650 1631 1685 istius
1653 1651 1798 1696 regionis
1817 1651 1971 1699 Episcopi
1992 1679 1999 1686 .
2026 1653 2124 1691 Hinc

1241 1699 1333 1732 enim
1345 1698 1386 1732 ad
1397 1699 1590 1735 firmandam
1611 1702 1673 1735 suae
1688 1700 1778 1736 Sedis
1792 1701 2043 1738 patriarchium
2055 1739 2058 1742 ,
2064 1715 2123 1747 po-

1241 1747 1388 1783 testatem
1409 1750 1543 1785 Sanctus
1564 1752 1724 1786 Damasus
1747 1752 1902 1788 Pontifex
1922 1752 1994 1788 istie
2014 1753 2123 1797 posuit

1244 1811 1363 1833 novam
1385 1799 1614 1835 Ecclesiasticae
1629 1801 1825 1836 Praefesturae
1844 1803 2004 1848 speciem,
2030 1801 2126 1849 Apo·

1243 1849 1396 1884 stolicum
1421 1849 1644 1886 vicariatum.
1679 1852 1723 1887 Et
1733 1851 1952 1891 nihilominus
1960 1853 2123 1898 Ecclesias

1243 1900 1318 1934 istas
1338 1901 1371 1934 in
1393 1900 1482 1934 suam
1509 1901 1670 1937 Dioecesin
1694 1903 1864 1938 transcribi
1885 1899 1904 1936 i
1927 1900 2124 1939 Theodosio

1243 1948 1384 1985 secundo
1406 1951 1604 1994 Imperatore
1637 1952 1825 1996 impetravit
1851 1951 1984 1987 Atticus
2009 1953 2126 1998 Regia

1242 2000 1384 2034 civitatis
1397 1999 1596 2045 Episcopus,
1625 2002 1773 2047 ipsasque
1799 2003 1927 2037 nonnisi
1950 2002 2057 2037 multo
2080 2001 2126 2036 la·

1245 2050 1323 2084 bore
1348 2050 1405 2083 fibi
1429 2049 1575 2086 reddidit
1598 2052 1731 2086 Sanctus
1759 2053 1949 2087 Bonifacius
1972 2051 2124 2086 Primus.

1244 2099 1293 2133 Ita
1305 2099 1373 2133 illic
1385 2099 1565 2142 Paphnutii
1577 2101 1761 2137 intercessio
1773 2128 1784 2144 ‚
1797 2115 1864 2138 non
1879 2103 1987 2141 solum
2000 2103 2034 2136 in
2045 2102 2126 2137 Dia-

1245 2149 1339 2186 conis
1359 2159 1414 2183 aut
1434 2149 1636 2194 presbyteris
1655 2176 1665 2192 ,
1693 2153 1745 2187 sed
1771 2154 1871 2188 etiam
1895 2152 1931 2187 in
1955 2153 2126 2196 Episcopis

1246 2199 1377 2234 revixit.
1408 2199 1503 2234 Hinc
1524 2212 1603 2246 ergo
1615 2202 1805 2237 Romanam
1826 2204 1926 2251 etjam
1948 2202 2128 2237 Subdiaco·

1246 2259 1364 2285 norum
1393 2250 1573 2285 castitatem
1595 2251 1706 2286 laudat
1725 2253 1812 2296 apud
1835 2255 1930 2288 suum
1951 2252 2127 2288 Vicat-ium

1248 2300 1340 2339 Leo,
1367 2298 1513 2342 &ipsam
1526 2301 1639 2335 saltem
1655 2302 1688 2334 in
1701 2303 1864 2338 Diaconis
1883 2313 1979 2347 atque
1989 2301 2128 2350 Presby-

1248 2348 1323 2382 teris
1334 2372 1346 2388 ‚
1372 2359 1410 2382 ac
1421 2351 1590 2391 praesertim
1602 2351 1637 2384 in
1651 2351 1822 2395 Episcopis
1845 2348 1982 2396 reparari
1992 2351 2127 2389 mandat

1248 2397 1450 2435 &custodiri
1463 2424 1470 2430 .
1499 2401 1609 2448 Qare
1630 2401 1664 2434 iu
1677 2402 1732 2436 sua
1746 2402 1893 2435 Historia
1915 2400 1997 2434 recte
2017 2399 2127 2434 scribit

1249 2448 1414 2482 Socrates:
1439 2452 1478 2480 In
1490 2451 1634 2493 Theffalt‘a
1652 2449 1888 2494 consuetudinem
1906 2450 2062 2493 invalutffe
2077 2461 2126 2482 no-

1249 2503 1305 2538 vi,
1334 2508 1367 2532 ut
1377 2498 1418 2531 lbi
1431 2504 1482 2541 qut
1496 2501 1630 2534 Clericus
1635 2499 1692 2541 fit,
1712 2499 1814 2540 ficum
1823 2511 1931 2540 uxore,
1960 2510 2051 2542 quam
2061 2509 2127 2533 cum

1248 2547 1312 2590 esset
1335 2550 1428 2581 laicus
1453 2549 1578 2582 ducebat
1596 2573 1607 2589 ‚
1631 2548 1785 2591 postquam
1807 2550 1940 2583 Clericus
1952 2548 2062 2591 fadus
2075 2547 2127 2590 fit,

1249 2599 1401 2631 dormierit
1425 2621 1436 2637 ,
1461 2599 1609 2631 Clertcatu
1631 2597 1788 2632 abdicatus
1802 2598 1841 2641 fit
1864 2625 1871 2632 .
1898 2597 2128 2643 consuetudinis

1249 2647 1420 2689 auc‘lorfuit
1430 2649 1600 2682 Heliodorus
1608 2650 1723 2689 Trtcae,
1749 2659 1816 2692 quae
1841 2649 1879 2690 est
1899 2650 1978 2683 tutus
1998 2653 2128 2693 regionis

1250 2697 1322 2730 urbs
1347 2721 1358 2736 ‚
1384 2695 1548 2740 Episcopus
1572 2722 1583 2738 ‚
1608 2700 1692 2740 cujus
1707 2698 1849 2744 feruntur
1871 2700 1941 2732 libri
1962 2703 2102 2732 amatortt
2114 2721 2128 2738 ,

1250 2758 1320 2789 quos
1339 2758 1405 2779 cum
1415 2747 1480 2790 esset
1491 2746 1656 2791 adolescens
1679 2747 1854 2792 composuit,
1881 2747 1982 2793 eosque
2004 2747 2129 2782 (Ἑώιο-

1246 2802 1317 2839 pica
1327 2795 1486 2838 inscrtpfit.
1514 2799 1635 2831 Eadem
1656 2798 1826 2841 consuetudo
1840 2804 1932 2832 etiam
1954 2797 2129 2840 Tbeffalonl-

1252 2858 1292 2880 cae
1304 2871 1314 2886 ‚
1340 2848 1418 2880 &in
1430 2849 1624 2888 Macedonia,
1649 2849 1726 2885 &ln
1740 2849 1864 2885 Hellade
1883 2848 2036 2894 servatur·
2063 2845 2128 2883 HQ

1253 2896 1342 2931 enim
1367 2907 1483 2930 omnes
1506 2898 1580 2931 sunt
1593 2897 1775 2932 Orientalis
1796 2894 2128 2941 lllyriciProvinciae·

1255 2946 1349 2980 Errat
1359 2946 1633 2984 consuetudinem
1645 2948 1708 2982 esse
1719 2948 1829 2982 nescio
1850 2947 1941 2992 eujus
1948 2943 2127 2979 Heliodori

1255 2996 1459 3031 institutum.
1488 2996 1545 3031 Est
1566 2998 1671 3032 Sancti
1699 2997 1850 3041 Sylvestri
1870 2998 1924 3030 lex
1946 3017 1957 3034 ‚
1983 3003 2128 3038 reparata

1257 3058 1310 3089 per
1320 3047 1473 3085 Sanetum
1485 3047 1633 3087 Leonem
1646 3073 1653 3080 .
1681 3047 1781 3084 Poffir
1803 3054 1911 3082 tamen
1922 3043 2128 3082 Heliodorus

1255 3096 1396 3131 consilio
1408 3096 1562 3140 adjuvisse
1574 3123 1581 3130 .

1307 3146 1433 3180 Verum
1460 3146 1631 3190 quomodo
1653 3148 1785 3182 Sanctus
1794 3143 2024 3187 Hieronymus
2045 3143 2129 3179 dicit

1258 3194 1342 3230 hanc
1354 3197 1551 3231 sanctitatem
1563 3196 1697 3243 viguisse
1705 3195 1804 3227 etiam
1817 3193 1851 3227 in
1863 3193 2130 3242 AEgyptoiQo·

1257 3296 1293 3329 fit
1304 3294 1345 3329 eo
1358 3296 1532 3340 penetrasti:
1541 3295 1562 3327 θ’
1572 3292 1778 3335 ›Respondeo
1789 3294 1998 3336 penetrassent
2011 3303 2066 3336 per
2074 3290 2132 3328 ad-

1258 3345 1368 3380 duCtas
1391 3346 1409 3380 a
1422 3342 1584 3380 Romanis
1596 3342 1730 3386 Legatis
1740 3346 1775 3376 In
1789 3342 1923 3377 Nicaena
1935 3341 2071 3386 Synodo
2083 3351 2132 3375 ra-

1258 3396 1381 3430 tiones.
1409 3393 1507 3428 Adeo
1525 3391 1692 3435 postulata:
1707 3416 1719 3432 ‚
1746 3392 1821 3427 licet
1841 3402 1909 3426 non
1934 3393 2130 3435 impetratas,

1259 3446 1339 3491 legis
1349 3445 1429 3479 saeta
1443 3453 1497 3486 pet
1508 3442 1592 3485 ipsos
1614 3441 1730 3477 relatio
1753 3453 1822 3480 non
1844 3441 2107 3479 ‚suitinfi-uetuosa
2121 3466 2130 3478 .

1257 3244 1360 3279 modo
1381 3245 1529 3280 adversus
1549 3243 1724 3288 paphnutii
1744 3243 1968 3278 interceffione
1987 3244 2042 3280 illa
2060 3242 2135 3289 pos?

1241 447 1380 481 omnino
1402 450 1528 493 respicit
1547 452 1581 486 δε
1600 451 1733 489 Sanctus
1755 452 1997 500 Hieronymus:
2025 458 2118 503 ,Quid
2132 450 2167 480 C·
2183 460 2206 481 ¹·

2138 1031 2292 1067 Ep.84.C·5.

2147 2478 2203 2507 L.8.
2225 2486 2300 2509 car.
