2352 3736
438 193 494 224 DE
530 178 707 223 S1M0NAE
742 190 954 234 camme,
990 191 1041 221 Ετ
1075 190 1162 221 VAR

234 263 369 300 Nicaena
384 288 390 295 .
417 264 473 298 Sui
485 262 639 306 temporis
652 261 831 296 Ecclesiam
844 260 928 296 avita
951 258 1107 293 felicitate

232 313 405 353 excidiffe,
428 314 462 348 ὅ(
485 313 553 356 ejus
574 313 640 346 sola
662 312 750 356 signa
771 312 908 345 retinere
928 334 938 349 ‚
966 308 1107 352 ideoque

232 365 385 404 mulieri,
406 375 477 408 quae
488 363 605 407 opibus
619 363 753 405 spoliata
777 359 894 393 habeat
910 359 992 392 solas
1015 359 1107 392 amis.-

232 415 342 448 sorum
353 423 620 449 ornamentorum
643 410 750 444 thecas
772 409 962 448 &arculas,
989 409 1051 442 effe
1072 409 1105 441 fi-

233 464 345 498 milem
358 464 505 507 deplorat
518 463 603 496 idem
615 459 751 494 Isidorus
762 459 795 492 in
818 459 935 492 litteris
946 458 986 492 ad
999 458 1104 492 Zeno-

233 525 311 548 nem
333 512 542 547 Monachum
562 536 573 551 ,
599 511 631 543 &
654 510 781 542 causam
802 507 913 542 denuo
933 508 1106 552 adjungit:

234 566 294 598 Alii
305 565 435 597 vendere
445 589 456 605 ‚
469 563 524 595 alti
534 570 626 594 emere
634 560 836 591 Sacerdotium
848 560 959 592 audent
973 583 979 590 .
1010 556 1106 592 Adeo

234 614 364 660 grassari
378 614 494 657 lepram
506 609 598 643 issam
617 609 779 651 queritur,
805 620 841 642 ut
854 607 973 643 Christi
991 608 1106 642 Domi-

234 665 272 698 ni
282 661 469 698 Divinasin
481 660 582 702 ipsam
594 659 699 693 minas
709 670 768 702 pro
783 659 893 694 fabula
917 658 1036 692 ducant
1049 659 1103 691 im-

234 715 306 757 puri
317 708 471 755 eiusmodi
485 709 640 754 Episcopi
654 733 665 748 ,
692 709 797 752 &pro
822 709 988 752 cujusdam
1005 710 1106 742 circu-

233 762 344 798 latoris
356 760 533 805 figmento.
561 760 795 802 Depauperatae
816 759 959 793 mulieris
979 769 1106 801 compa-

233 813 392 848 rationem
401 809 572 853 desumpsit
592 820 633 842 ex
646 809 761 842 Sancto
773 809 900 851 Joanne
913 807 1108 851 Chrysostor

232 873 307 898 mo.
334 860 379 893 Et
390 860 426 894 in
452 859 569 893 litteris
591 859 631 893 ad
652 859 853 895 Herminum
876 858 1043 893 Comitem
1065 859 1106 891 la-

229 920 398 949 mentatur
411 934 423 950 ,
448 921 517 943 non
538 908 708 943 dumtaxat
719 908 738 941 a
750 908 859 953 lingua
882 910 915 943 ὅ(
927 908 1084 950 obsequio
1097 931 1107 946 ‚

230 963 287 998 sed
301 961 401 995 etiam
412 970 533 994 munus
544 960 561 993 a
575 971 674 993 manu
688 960 815 1002 grassari
827 959 955 1002 pessime
971 982 981 998 ‚
991 971 1026 993 ac
1040 969 1106 1002 per-

231 1012 284 1056 git
308 1023 315 1043 :
343 1009 542 1054 ‚Quamobrem
562 1008 658 1052 sermo
679 1018 761 1042 terra
782 1015 916 1052 marique
931 1008 1107 1053 spargitur,

233 1066 347 1095 nemini
359 1061 434 1094 νεέῖἑ
443 1065 565 1093 viventi
576 1061 620 1092 ad
639 1060 837 1092 Sacerdotium
840 1062 910 1100 jam
928 1067 1034 1102 patere
1045 1060 1108 1091 adi·

232 1120 319 1152 tum,
347 1122 404 1144 non
414 1111 494 1153 quod
504 1112 587 1153 digni
601 1118 685 1143 tanto
708 1108 801 1149 defiat
810 1115 947 1149 muneri,
967 1108 1025 1152 sed
1033 1109 1111 1150 quod

234 1173 293 1195 non
311 1163 394 1195 modo
413 1167 446 1193 in
470 1160 664 1193 multitudine
684 1158 857 1202 delitefiant
869 1184 879 1199 ,
901 1158 959 1203 sed
981 1155 1115 1199 &invisi

228 1211 310 1256 fint,
337 1213 372 1245 Za·
393 1212 593 1244 traducantur
618 1218 707 1251 atque
728 1210 916 1250 expellamur
933 1233 943 1249 ‚
971 1214 1112 1241 nimirum

235 1266 288 1304 qui
298 1262 456 1294 multorum
471 1266 569 1294 vitam
590 1257 830 1300 reprehendant.
857 1259 1021 1292 Omittere
1042 1269 1110 1291 non

235 1311 354 1354 poffim
372 1308 438 1344 haec
449 1309 514 1352 ejus
538 1309 662 1343 ibidem
686 1307 797 1342 verba:
829 1312 875 1340 Et
895 1310 1060 1342 vendentes
1080 1309 1113 1341 (9¹

236 1369 368 1395 umentes
382 1362 605 1399 Sacerdotium,
631 1369 774 1402 magnum
795 1366 897 1391 contra
903 1357 937 1402 se
956 1358 1114 1400 proferunt

237 1418 444 1455 argumentum
451 1408 537 1452 fica,
564 1419 651 1451 quam
661 1409 697 1440 de
707 1407 758 1441 boc
777 1414 887 1452 negotio
898 1407 1029 1448 habent,
1056 1413 1114 1449 opi-

238 1466 359 1494 nionis.
387 1460 526 1502 Alioquin
544 1470 605 1492 non
627 1458 712 1500 effen:
732 1455 796 1498 aust
812 1468 904 1491 emere
930 1459 964 1491 &
985 1458 1115 1490 vendere

237 1522 302 1544 rem
314 1513 462 1543 Divinam
473 1531 485 1548 ,
511 1519 580 1551 que
590 1513 709 1549 optimae
723 1507 842 1541 debetur
854 1507 1115 1548 administrationi,

237 1557 378 1602 refflffque
387 1557 515 1591 moribus
526 1582 534 1590 .
563 1556 656 1591 Novi
668 1556 875 1592 Testamenti
892 1557 1113 1591 Sacerdotium

235 1608 382 1646 ostendit
394 1607 531 1652 Iudaico
551 1606 722 1651 effelonge
743 1606 901 1652 dignius,
923 1607 1062 1650 ideoque
1081 1607 1116 1640 ὃς

235 1669 315 1694 eum
338 1657 454 1701 majori
476 1657 614 1691 crimine
633 1656 750 1691 deduci
771 1657 806 1691 in
819 1656 1095 1692 nundinationem
1108 1681 1115 1689 .

230 1709 280 1744 ,Ei
294 1705 455 1742 indivulse
465 1705 620 1741 adhaerere
633 1705 760 1741 haeresin
773 1732 784 1747 ‚
811 1706 888 1741 licet
908 1719 976 1742 non
993 1709 1116 1750 semper

237 1758 359 1794 mentis
372 1758 532 1791 internam
545 1782 555 1798 ,
580 1767 688 1791 tamen
698 1767 862 1792 externam
877 1759 996 1801 operis.
1024 1759 1117 1804 Qo-

234 1806 342 1846 modo
356 1806 514 1841 Eusebius
527 1832 538 1847 ,
563 1806 679 1841 Pelusii
703 1807 920 1851 Metropolita
933 1833 943 1849 ,
969 1819 1037 1842 non
1057 1808 1118 1840 Ec-

237 1857 415 1892 clesiastica
425 1857 597 1891 dumtaxat
618 1858 748 1897 officia,
775 1859 828 1892 sed
851 1858 885 1892 ἅτ
898 1859 1002 1893 sacros
1023 1856 1116 1892 Ordi-

238 1919 300 1942 nes
320 1908 491 1947 venderet,
518 1907 661 1941 acasuis
683 1907 846 1942 Ministris
868 1907 964 1942 vendi
988 1908 1116 1952 permit-

236 1966 340 1999 teret,
361 1966 457 2001 atque
479 1955 555 1991 ideo
575 1957 672 1991 dicax
689 1957 834 2002 AEgypti
857 1959 994 2001 populus
1015 1957 1118 2001 publi-

235 2020 291 2044 cas
317 2007 353 2040 in
375 2008 481 2050 ipsum
503 2016 645 2041 cantaret
665 2007 882 2041 contumelias
909 2033 919 2048 ,
962 2009 1059 2041 refert
1079 2018 1117 2044 ac

235 2056 336 2093 deflet
347 2057 382 2090 in
407 2057 552 2100 pluribus
563 2057 735 2099 Epistolis.
766 2057 876 2091 Deflet
887 2069 927 2090 ex
955 2058 1039 2091 vitio
1055 2057 1118 2091 isto

234 2108 393 2152 plurimas
416 2107 516 2145 etiam
541 2107 621 2141 alias
643 2106 750 2141 divini
772 2105 950 2145 Sacerdotii
971 2107 1117 2145 maculas

235 2169 448 2203 promanare.

266 2237 271 2241 s
289 2208 392 2256 Qiod
404 2208 503 2242 etiam
516 2208 549 2243 in
561 2208 736 2244 Ponticam
748 2208 913 2244 Dioecesin
943 2208 1118 2253 penetrarit

240 2258 359 2299 pestis,
387 2258 474 2292 lucet
496 2271 535 2292 ex
548 2260 662 2293 litteris
686 2261 807 2304 Magni
832 2260 967 2299 Basilii,
994 2259 1118 2293 ibidem

240 2305 412 2340 Primatis.
441 2309 524 2342 Item
547 2310 582 2342 in
604 2311 768 2343 Dioecefin
801 2308 952 2343 Afianam
974 2334 980 2340 .
1011 2309 1117 2342 Lucet

241 2367 284 2389 ex
307 2356 384 2389 actis
410 2357 516 2390 Sancti
540 2358 674 2399 Ioannis
697 2358 945 2401 Chrysostomi‚
970 2360 1026 2402 qui
1046 2358 1117 2392 istic

241 2404 456 2440 Antoninum
479 2405 692 2449 Ephesiorum
714 2408 892 2442 Primatem
915 2433 927 2449 ,
953 2409 987 2443 δε
1011 2409 1115 2453 plures

238 2455 282 2490 ab
296 2455 354 2489 illo
366 2457 570 2490 consecratos
582 2458 760 2500 Episcopos
772 2458 816 2491 ob
827 2457 912 2492 idem
923 2459 1045 2493 crimen
1059 2459 1112 2493 de-

239 2505 389 2549 gradavit
402 2529 409 2536 .
436 2505 486 2538 Ea
497 2506 571 2539 vide
582 2505 667 2548 apud
681 2507 853 2542 Hermiam
869 2509 1093 2542 Zozomenum
1105 2535 1114 2549 ,

238 2556 347 2589 varios
367 2554 489 2588 laudati
516 2555 651 2597 Joannis
675 2556 922 2597 Emomiastas,
944 2560 1114 2602 praesertim

240 2604 427 2638 Palladium
440 2605 759 2649 Helenopolitanum
772 2608 970 2652 Episcopum
990 2609 1023 2642 in
1037 2609 1118 2643 Dia-

241 2654 322 2699 logo
343 2666 420 2689 cum
440 2652 624 2690 Theodoro
650 2657 804 2691 Diacono
826 2659 970 2692 Ecclefiae
995 2659 1116 2693 Roma·

243 2712 295 2736 1³ae
320 2729 326 2737 ,
365 2705 451 2740 Cum
478 2706 577 2740 trium
609 2707 894 2750 autocephalarum
923 2710 1114 2743 Dioeceseon

245 2750 408 2787 invasione
428 2755 553 2790 malum
571 2758 743 2800 occupavit
762 2759 796 2792 δε
812 2758 1117 2803 Constantinopoli-

246 2807 356 2833 tanam
381 2802 551 2839 Ecclesiam
565 2832 575 2847 ‚
603 2807 753 2841 adversus
766 2819 865 2851 quarn
888 2810 921 2842 in
935 2808 1117 2844 Chalcedo-

245 2850 336 2882 nensl
359 2850 493 2892 Syssodo
528 2857 612 2890 dixit
634 2857 790 2891 Eusebius
821 2859 962 2902 Ancyrae
986 2861 1115 2903 Episco-

72 2908 136 2943 Λξὶ.
157 2912 201 2938 16.
247 2910 307 2942 PUS
335 2923 345 2938 ³
382 2901 490 2942 primm
524 2904 658 2939 Galatiae
688 2907 905 2952 Metropolita
929 2922 935 2940 :
975 2914 1053 2953 Rogo
1083 2919 1116 2942 ut

242 2954 385 2982 civitates
401 2958 456 3000 pro
478 2952 707 2989 ordinationibus
729 2969 786 2991 non
804 2958 925 3001 solvant
951 2985 957 2991 .
985 2963 1015 2992 51·
1036 2965 1116 2993 enim

246 3009 304 3031 non
316 3004 347 3030 in
359 3001 532 3033 civitatibus
545 3000 593 3039 hi,
619 3007 988 3050 quieligunturdcivitate
1000 3035 1010 3049 ,
1037 3011 1116 3042 ordi-

247 3056 358 3082 nantur
373 3073 385 3089 2
409 3052 429 3081 ἆ
440 3051 547 3088 5ynodo
559 3054 723 3088 Provincia>
740 3059 914 3099 comprobati
927 3084 936 3099 ,
958 3058 1114 3102 solvuntur

243 3096 437 3140 ficbstannae.
466 3103 512 3131 Et
538 3099 588 3133 hoc
604 3103 760 3142 probatum
783 3107 892 3149 habeo,
916 3116 967 3150 qui
985 3118 1041 3151 pro
1063 3121 1114 3150 eo,

247 3152 300 3190 qul
322 3157 391 3181 ante
411 3160 457 3182 me
472 3149 561 3191 fuit,
587 3153 677 3183 multa
699 3154 817 3187 reddidi
840 3158 954 3191 debita.
983 3159 1065 3203 Agit
1079 3160 1111 3192 is,

247 3209 373 3231 rnorem
386 3221 396 3237 ,
421 3210 487 3242 quo
498 3200 516 3232 ὲ
526 3201 718 3234 consecratis
732 3203 898 3247 Episcopis
919 3209 1054 3251 grandes
1065 3220 1115 3251 pe-

246 3247 353 3281 cuniae
366 3249 524 3287 summas,
551 3249 636 3293 quasi
651 3251 730 3284 sedis
741 3253 799 3286 suae
825 3255 920 3288 xenia
937 3268 992 3290 aut
1005 3257 1116 3291 Anna-

246 3306 296 3330 tas
318 3297 471 3341 exigebat
493 3298 860 3344 constantinopolitana
884 3305 1047 3346 Ecclesia,
1073 3318 1115 3341 at-

246 3358 309 3390 que
322 3348 365 3381 ita
377 3346 611 3382 Catliedrarum
623 3350 766 3385 solvebat
775 3352 982 3389 substantiam
996 3378 1006 3394 ,
1033 3367 1070 3390 ae
1082 3357 1116 3390 in

248 3398 434 3440 pauperiem
455 3397 641 3443 redigebat.
668 3402 771 3450 Qod
794 3405 977 3439 exastiones
992 3405 1066 3439 istas
1085 3406 1120 3441 si·

248 3448 367 3482 moniae
378 3450 517 3492 arguerit
530 3449 685 3484 Eusebius
696 3476 706 3491 ,
731 3452 815 3488 lucet
826 3465 867 3488 ex
881 3456 1030 3499 responso
1044 3455 1120 3490 Phi-

347 3497 450 3538 Chrtst.
457 3502 534 3541 Lupa·
545 3503 763 3541 openTamJV.

63 531 116 566 ΕΡ.
132 533 195 564 406.

61 986 94 1015 1..
109 986 195 1024 5.Ep.

60 1029 125 1060 276·

67 2206 116 2242 ΕΡ.
133 2213 182 2238 70·

1165 189 1216 220 ns
1253 189 1313 220 Ao
1347 188 1470 220 11³suM
1507 171 1830 222 srzcrANrinus.
1912 188 1975 237 57

1169 258 1248 302 lippi
1260 257 1445 302 Presbyteri
1459 258 1823 302 Constantinopolitani
1836 272 1847 293 .·
1874 263 1931 293 Ex
1940 258 2040 304 regula

1169 308 1220 341 hoc
1239 314 1448 351 interemptum
1469 308 1525 355 est.
1556 315 1627 344 Haec
1646 309 1762 352 legibus
1787 312 1946 355 &regulis
1968 317 2041 343 inte-

1169 357 1386 401 remptasunt.
1415 360 1533 392 Altaria
1545 361 1658 392 munda
1674 356 1766 402 sunt'.
1796 359 1939 394 Ecclesia
1953 361 2043 395 Con-

1169 407 1459 450 stantinopolitana
1471 434 1481 449 ,
1507 408 1560 442 cui
1573 409 1777 453 septuaginta
1787 410 1857 442 auri
1879 411 1975 444 libras
1986 421 2042 454 po-

1169 459 1231 491 stea
1242 458 1334 491 fuisse
1345 459 1380 491 in
1392 469 1503 491 annuo
1522 459 1627 492 reditu
1640 459 1774 493 testatur
1784 459 1818 492 in
1831 459 2044 502 Justinianaeo

1169 507 1297 541 Codice
1310 507 1495 541 Anastasius
1509 506 1701 551 Augustus,
1730 509 1876 544 modicas
1901 520 1980 543 tunc
1991 510 2045 543 ha-

1170 556 1264 591 bebat
1283 558 1453 591 facultates
1466 581 1476 596 ,
1503 556 1641 600 ideoque
1652 558 1880 593 patriarchalis
1893 559 2046 602 Majesta-

1168 608 1209 641 tis
1221 608 1368 650 rapinam
1379 605 1558 650 cogebatur
1568 618 1622 649 per
1635 609 1841 643 simoniacam
1863 610 2046 645 invasarum

1170 658 1383 691 Ecclesiarum
1402 655 1639 699 expilationem
1663 658 1832 693 sustinere.
1859 660 1953 694 Hinc
1974 661 2046 694 Me-

1167 707 1329 750 tropolitae
1352 708 1426 740 suos
1447 706 1668 740 Provinciales
1688 707 1891 751 Episcopos‚
1918 709 1953 744 hi
1974 710 2047 745 Cle-

1169 758 1252 791 ricos
1282 765 1448 800 coeperunt
1474 757 1604 790 trastare
1634 757 1787 791 eumdem
1813 759 1848 790 in
1885 760 2048 801 modum,

1170 807 1305 842 vendere
1329 817 1388 841 aut
1413 817 1545 851 gravare
1571 808 1673 841 sacras
1703 807 1928 842 ordinationes
1950 834 1961 849 ,
1987 805 2048 844 nec

1171 868 1237 891 non
1258 858 1291 891 ὃς
1314 856 1535 891 Ecclefiastica
1558 857 1667 891 officia
1689 883 1699 898 ,
1721 858 1891 902 facereque
1912 861 2050 901 omnia,

1169 918 1238 950 quae
1259 906 1393 941 damnat
1417 907 1573 941 secundus
1604 909 1724 942 Canon
1748 907 2049 942 Chalcedonensis.

1169 956 1271 1004 Qod
1294 958 1393 992 etiam
1405 957 1610 993 orientalem
1623 959 1789 992 Dioecefin
1819 959 1939 993 scabies
1963 959 2052 993 inva-

1171 1009 1263 1048 serit,
1291 1007 1378 1042 lucet
1398 1019 1441 1041 ex
1462 1006 1565 1041 hocce
1588 1009 1621 1041 in
1644 1008 1736 1042 Ibam
1755 1008 1953 1043 Edeflenum
1976 1009 2052 1053 Epi-

1172 1059 1304 1100 scopum
1326 1081 1336 1097 ,
1377 1054 1553 1091 Osrhoenae
1574 1058 1757 1092 Provincia:
1779 1059 2027 1102 Metropolitam
2041 1082 2052 1098 ‚

1172 1108 1384 1151 accusationis
1409 1107 1564 1142 articulo.
1594 1108 1695 1141 Adhuc
1715 1110 1798 1143 &de
1812 1109 2053 1143 ordinationibus

1173 1163 1296 1200 accipit.
1323 1157 1424 1206 Qod
1436 1158 1555 1192 vitium
1575 1159 1653 1201 quia
1667 1159 1700 1192 in
1724 1159 1789 1192 suis
1812 1159 1851 1193 ad
1864 1158 2054 1193 Antiochiae

1174 1209 1330 1251 populum
1350 1207 1552 1243 sermonibus
1564 1208 1683 1244 nullibi
1695 1218 1789 1244 notat
1813 1211 1946 1243 sandius
1957 1211 2053 1253 Joan-

1177 1270 1232 1291 nes
1255 1256 1527 1302 Chrysostomus‚
1553 1261 1672 1293 censeo
1694 1269 1774 1293 tunc
1795 1259 1937 1294 necdum
1959 1259 2052 1293 fuisse

1176 1310 1368 1352 grassatum.
1397 1308 1441 1342 Et
1464 1308 1613 1343 laudatus
1632 1307 1910 1344 Chalcedonensis
1932 1309 2055 1343 Canon

1177 1357 1221 1392 est
1235 1358 1269 1392 in
1284 1359 1389 1402 ipsum
1408 1360 1549 1393 omnino
1570 1360 1707 1401 primus.
1735 1360 1822 1393 Eum
1835 1361 1926 1403 supra
1948 1358 2058 1392 lauda-

1178 1408 1224 1442 vit
1244 1409 1277 1442 ὃς
1300 1407 1471 1452 Philippus
1498 1409 1692 1451 Presbyter:
1720 1413 1775 1443 Ex
1795 1411 1895 1452 regula
1917 1409 1967 1443 hoc
1986 1414 2058 1442 inte-

1176 1467 1322 1500 remptum
1341 1458 1379 1497 est
1397 1483 1404 1489 .
1444 1457 1523 1490 Hoc
1546 1457 1591 1489 est
1616 1482 1627 1497 ‚
1664 1458 1780 1491 abusus
1814 1458 1868 1492 hic
1896 1470 1950 1501 per
1973 1458 2059 1492 hanc

1179 1508 1362 1551 praesentem
1384 1506 1558 1549 Synodum
1581 1505 1644 1548 jam
1656 1506 1797 1542 abolitus
1809 1507 1855 1541 est
1879 1508 2062 1542 &circum-

1179 1557 1337 1599 scriptus.
1368 1557 1421 1590 Ex
1443 1566 1509 1599 quo
1532 1556 1623 1590 vides
1643 1557 1742 1591 istum
1766 1558 1938 1592 Canonem
1960 1559 2060 1592 etiam

1179 1605 1328 1640 adversus
1355 1605 1766 1650 Constantinopolitanam
1789 1609 1967 1642 Ecclesiam
1992 1633 2002 1648 ,
2028 1609 2064 1640 &t

1178 1667 1289 1691 natam
1311 1668 1353 1690 ex
1372 1657 1438 1700 ipsa
1458 1682 1468 1697 ,
1496 1658 1699 1702 sparsamque
1721 1670 1777 1701 per
1801 1658 1881 1693 alias
1901 1658 2061 1693 Ecclesias

1179 1708 1300 1750 lepram
1313 1707 1505 1750 proceffiffe.
1535 1709 1626 1755 Quas
1650 1708 1800 1743 adversus
1824 1710 1997 1744 simoniam
2022 1709 2068 1743 le⁴

1179 1769 1234 1802 ges
1257 1757 1367 1791 laudet
1389 1757 1584 1801 Philippus,
1611 1758 1730 1803 ignoro
1752 1783 1759 1791 .
1788 1758 1878 1793 Nam
1902 1760 2006 1803 prima
2029 1759 2064 1792 in

1178 1808 1269 1841 illam
1281 1807 1334 1841 lex
1346 1807 1439 1841 estin
1454 1808 1626 1850 Iustiniani
1641 1809 1770 1843 Codice
1783 1810 1836 1843 lex
1853 1810 1977 1844 Leonis
1999 1809 2067 1843 Au·
2087 1830 2113 1858 L·
2131 1839 2152 1858 1·
2174 1827 2220 1860 tit*

1179 1857 1264 1902 gusti
1287 1883 1296 1898 ‚
1330 1857 1452 1900 lepram
1481 1857 1573 1890 istam
1594 1858 1747 1902 deinceps
1770 1860 1891 1894 censeri
1916 1861 2066 1893 sanciens
2084 1878 2200 1906 343¹,

1179 1909 1263 1941 inter
1284 1908 1422 1942 crimina
1447 1908 1520 1941 laesae
1544 1908 1725 1951 Majessatis
1743 1934 1750 1941 .
1791 1909 1848 1943 Ab
1874 1909 1934 1943 illo
1964 1911 2066 1954 igitur

1181 1957 1304 1992 laudari
1325 1958 1478 1991 existimo
1492 1958 1602 2002 leges,
1629 1969 1699 2002 quae
1722 1967 1832 1993 vetant
1855 1959 1938 1994 solvi
1953 1960 2067 1995 Eccle—

1179 2009 1293 2042 fiai-um
1315 2007 1507 2044 substantias
1527 2033 1538 2049 ‚
1577 2007 1609 2042 id
1630 2009 1674 2043 est
1698 2034 1710 2050 ‚
1749 2008 1886 2045 distrahi
1917 2022 1955 2046 ac
1981 2011 2066 2050 diffi-

1180 2070 1265 2102 pari.

1229 2109 1273 2143 Et
1286 2111 1419 2153 quidem
1434 2110 1710 2148 Chalcedonensis
1734 2113 1854 2147 Canon
1878 2123 1947 2147 non
1968 2112 2064 2156 plene

1178 2161 1317 2204 profecit
1338 2187 1344 2194 .
1373 2162 1459 2195 Eum
1481 2164 1602 2206 quippe
1636 2175 1690 2206 per
1716 2163 1845 2197 dolosas
1869 2161 2005 2197 technas
2029 2164 2065 2197 <Sc

1179 2211 1320 2244 versutas
1342 2210 1494 2245 humanae
1515 2213 1704 2247 subtilitatis
1730 2212 1890 2247 elusiones
1912 2212 2065 2247 incrusta-

1179 2271 1212 2293 re
1234 2261 1268 2293 &
1281 2260 1404 2293 violare
1420 2271 1627 2304 perrexerunt
1657 2263 1791 2305 quidam
1805 2262 1981 2306 Episcopi,
2008 2263 2063 2296 ad-

1180 2310 1305 2344 versum
1325 2321 1408 2353 quos
1429 2312 1614 2355 elegantem
1638 2312 1726 2347 suam
1751 2313 1953 2355 Synodicam
1973 2314 2066 2346 emit·

1180 2370 1246 2394 tere
1265 2385 1275 2400 ‚
1301 2360 1336 2393 &
1362 2360 1529 2394 laudatum
1553 2363 1727 2396 Canonem
1753 2363 1911 2398 innovare
1934 2365 2063 2397 coaestus

1181 2411 1243 2444 fuit
1265 2410 1397 2443 Sanetus
1419 2411 1613 2444 Gennadius
1639 2436 1650 2452 ,
1678 2413 1802 2455 primus
1834 2413 1904 2455 post
1930 2412 2064 2446 Chalce-

1179 2460 1358 2494 donensem
1382 2460 1552 2502 Synodum
1570 2461 1756 2496 patriarcha
1781 2462 2064 2506 Constantinopo-

1180 2511 1299 2544 litanus
1320 2535 1325 2541 .
1354 2508 1410 2543 Ab
1432 2511 1548 2544 eodem
1572 2512 1726 2546 existimo
1753 2513 1957 2555 impetratam
1973 2537 1982 2552 ‚
2011 2513 2061 2546 uti

1180 2562 1242 2594 suae
1253 2560 1426 2603 Synodicae
1446 2561 1719 2596 confirmatricem
1733 2587 1742 2602 ‚
1770 2562 1934 2597 laudatam
1956 2562 2062 2607 legem

1181 2610 1321 2655 Augusti
1342 2611 1482 2644 Leonis.
1511 2611 1676 2646 Adversus
1701 2613 1787 2646 idem
1809 2613 1927 2646 vitium
1951 2614 2063 2647 statuit

1180 2662 1214 2695 in
1238 2660 1354 2694 litteris
1372 2659 1413 2694 ad
1434 2661 1608 2702 Lucaniae,
1636 2663 1740 2697 Brutii
1758 2688 1768 2703 ,
1793 2675 1830 2698 ac
1855 2663 1972 2698 Siciliae
1986 2663 2063 2706 Epi·

1182 2713 1294 2754 scopos
1306 2713 1436 2745 Sandius
1446 2711 1532 2755 Papa
1552 2713 1696 2747 Gelasius
1713 2738 1722 2753 ,
1750 2714 1784 2746 in
1797 2714 1912 2748 litteris
1934 2712 1974 2746 ad
1985 2713 2063 2746 San·
2080 2725 2165 2765 Epist*
2188 2739 2217 2764 9·

1182 2761 1222 2794 &i
1248 2760 1376 2794 Caesarii
1398 2762 1592 2797 Arelatensis
1612 2761 1882 2807 Archi-Episcopi
1903 2764 2061 2808 querimo-

1183 2812 1253 2844 nias
1279 2810 1495 2853 Symmachus
1522 2814 1680 2847 successor
1698 2838 1709 2853 ‚
1738 2814 1878 2847 secunda
1907 2812 2061 2855 Synodus

1182 2861 1422 2895 Aurelianensis
1448 2887 1458 2903 ,
1485 2863 1629 2897 secunda
1660 2864 1865 2898 Turonensis
1888 2888 1897 2903 ‚
1927 2862 2061 2896 Cabilo-

1183 2911 1304 2953 nensis,
1333 2913 1367 2945 in
1388 2912 1502 2946 litteris
1528 2913 1568 2947 ad
1588 2914 1758 2957 Hispaniae
1779 2913 1951 2947 Antistites
1971 2913 2060 2945 Hor-

1182 2960 1281 2994 misda
1308 2961 1465 2996 Pontifex
1488 2989 1498 3003 ‚
1525 2963 1698 3007 Patresque
1723 2966 1758 2998 ὃς
1780 2962 1904 3005 Synodi
1931 2962 2057 3004 plures;

1182 3012 1352 3053 praesertim
1373 3013 1503 3047 Sanctus
1526 3015 1705 3058 Gregorius
1727 3013 1890 3055 Magnus.
1918 3011 2058 3045 Graffari

2063 492 2090 519 L.
2109 500 2130 517 r.
2148 489 2192 516 tit.

2065 538 2122 559 z-C.
2139 539 2182 564 19³

1167 3063 1323 3107 iquerirur
1346 3074 1400 3105 per
1425 3062 1568 3096 Galliam
1591 3065 1623 3096 &
1649 3061 1879 3101 Germaniam,
1911 3072 1964 3103 per
1977 3061 2058 3096 Hel-

1182 3111 1298 3150 laden,
1326 3123 1381 3154 per
1402 3112 1540 3155 Epirum
1571 3136 1582 3152 ,
1601 3122 1654 3154 per
1672 3111 1842 3150 Africam,
1869 3122 1924 3153 per
1946 3110 2058 3155 AEgy-

1184 3169 1295 3202 ptum,
1320 3171 1374 3202 per
1397 3159 1657 3194 patriarchatum
1680 3158 1930 3194 Antiochenum
1957 3186 1964 3193 .
1993 3162 2057 3196 Eo-

1181 3209 1254 3243 dem
1276 3210 1317 3243 de
1329 3209 1491 3252 Gregorio
1505 3209 1602 3244 habet
1624 3211 1814 3244 Romanum
1835 3210 2056 3245 Breviarium:

1187 3263 1300 3303 syagrio
1324 3259 1566 3302 Augustodunenfi
1583 3258 1728 3302 Epifiopo
1758 3261 1887 3294 Pallium
1912 3262 1986 3294 dare
2009 3273 2057 3294 no-

1182 3311 1258 3349 luit,
1284 3308 1339 3348 nisi
1348 3307 1511 3349 Neophytos
1533 3308 1685 3343 baereticos
1706 3311 1863 3352 expelleret
1884 3323 1921 3344 ex
1934 3311 2054 3344 Gallia.

1185 3360 1217 3392 ld
1228 3360 1270 3391 est
1286 3383 1295 3398 ‚
1308 3358 1539 3402 Episcoporum
1549 3360 1567 3393 e
1578 3359 1767 3403 Neophytis
1778 3386 1787 3401 ,
1816 3361 1975 3395 Palatinis
1985 3372 2055 3403 prz-

1185 3409 1289 3442 sertim
1303 3430 1313 3445 ,
1326 3407 1766 3452 simoniacas'promotiones.
1783 3410 1861 3453 Ejus
1875 3422 1932 3453 pro
1944 3420 2054 3449 expur⁴

1181 3458 1296 3501 gaudis
1306 3460 1322 3492 ‘a
1335 3458 1462 3502 peffima
1472 3458 1575 3494 haercfi
1588 3460 1735 3499 Ecclesiis
1747 3460 1869 3496 labores
1881 3458 1971 3495 variae
1980 3457 2056 3502 Epi,

1631 3521 1668 3554 H
1917 3507 2006 3542 ssolae
