<?xml version="1.0" encoding="UTF-8"?>
<!DOCTYPE html PUBLIC "-//W3C//DTD XHTML 1.0 Transitional//EN"
    "http://www.w3.org/TR/xhtml1/DTD/xhtml1-transitional.dtd">
<html xmlns="http://www.w3.org/1999/xhtml" xml:lang="en" lang="en">
 <head>
  <title>
</title>
<meta http-equiv="Content-Type" content="text/html;charset=utf-8" />
  <meta name='ocr-system' content='tesseract 3.04.00' />
  <meta name='ocr-capabilities' content='ocr_page ocr_carea ocr_par ocr_line ocrx_word'/>
</head>
<body>
  <div class='ocr_page' id='page_1' title='image "./operaomniastudio04lupuuoft/operaomniastudio04lupuuoft_0391.png"; bbox 0 0 2352 3736; ppageno 0'>
   <div class='ocr_carea' id='block_1_1' title="bbox 523 127 1122 173">
    <p class='ocr_par' dir='ltr' id='par_1_1' title="bbox 523 127 1122 173">
     <span class='ocr_line' id='line_1_1' title="bbox 523 127 1122 173; baseline -0.003 0"><span class='ocrx_word' id='word_1_1' title='bbox 523 142 612 173; x_wconf 67' lang='lat' dir='ltr'><em>Da</em></span> <span class='ocrx_word' id='word_1_2' title='bbox 682 128 721 172; x_wconf 88' lang='lat' dir='ltr'><em>S.</em></span> <span class='ocrx_word' id='word_1_3' title='bbox 794 127 1122 173; x_wconf 69' lang='lat' dir='ltr'><em>Leours</em></span> 
     </span>
    </p>
   </div>
   <div class='ocr_carea' id='block_1_2' title="bbox 65 207 1147 3450">
    <p class='ocr_par' dir='ltr' id='par_1_2' title="bbox 65 207 1147 3199">
     <span class='ocr_line' id='line_1_2' title="bbox 253 207 1145 256; baseline -0.007 -10"><span class='ocrx_word' id='word_1_4' title='bbox 253 212 340 256; x_wconf 82' lang='lat' dir='ltr'><em>osculo</em></span> <span class='ocrx_word' id='word_1_5' title='bbox 358 209 543 254; x_wconf 82' lang='lat' dir='ltr'><em>salutamus.</em></span> <span class='ocrx_word' id='word_1_6' title='bbox 571 215 645 244; x_wconf 87' lang='lat' dir='ltr'><em>Non</em></span> <span class='ocrx_word' id='word_1_7' title='bbox 670 210 721 244; x_wconf 83' lang='lat' dir='ltr'><em>hoc</em></span> <span class='ocrx_word' id='word_1_8' title='bbox 746 217 793 245; x_wconf 78' lang='lat' dir='ltr'><em>ita</em></span> <span class='ocrx_word' id='word_1_9' title='bbox 817 214 966 252; x_wconf 78' lang='lat' dir='ltr'><em>accipias,</em></span> <span class='ocrx_word' id='word_1_10' title='bbox 991 208 1076 251; x_wconf 85' lang='lat' dir='ltr'><em>quafi</em></span> <span class='ocrx_word' id='word_1_11' title='bbox 1105 207 1145 251; x_wconf 85' lang='lat' dir='ltr'><em>os-</em></span> 
     </span>
     <span class='ocr_line' id='line_1_3' title="bbox 251 259 1140 303; baseline -0.003 -8"><span class='ocrx_word' id='word_1_12' title='bbox 251 264 346 296; x_wconf 82' lang='lat' dir='ltr'><em>culum</em></span> <span class='ocrx_word' id='word_1_13' title='bbox 370 262 448 295; x_wconf 81' lang='lat' dir='ltr'><em>illud</em></span> <span class='ocrx_word' id='word_1_14' title='bbox 465 260 503 303; x_wconf 85' lang='lat' dir='ltr'><em>fit</em></span> <span class='ocrx_word' id='word_1_15' title='bbox 528 259 695 303; x_wconf 83' lang='lat' dir='ltr'><em>ejusmodi,</em></span> <span class='ocrx_word' id='word_1_16' title='bbox 721 260 810 303; x_wconf 86' lang='lat' dir='ltr'><em>quale</em></span> <span class='ocrx_word' id='word_1_17' title='bbox 832 267 864 293; x_wconf 87' lang='lat' dir='ltr'><em>in</em></span> <span class='ocrx_word' id='word_1_18' title='bbox 877 260 948 301; x_wconf 81' lang='lat' dir='ltr'><em>foro.</em></span> <span class='ocrx_word' id='word_1_19' title='bbox 967 264 1046 292; x_wconf 86' lang='lat' dir='ltr'><em>inter</em></span> <span class='ocrx_word' id='word_1_20' title='bbox 1070 269 1140 292; x_wconf 88' lang='lat' dir='ltr'><em>com.-</em></span> 
     </span>
     <span class='ocr_line' id='line_1_4' title="bbox 251 307 1140 354; baseline -0.006 -9"><span class='ocrx_word' id='word_1_21' title='bbox 251 323 356 346; x_wconf 87' lang='lat' dir='ltr'><em>munes</em></span> <span class='ocrx_word' id='word_1_22' title='bbox 376 317 483 345; x_wconf 84' lang='lat' dir='ltr'><em>amicos</em></span> <span class='ocrx_word' id='word_1_23' title='bbox 504 311 554 354; x_wconf 83' lang='lat' dir='ltr'><em>effi·</em></span> <span class='ocrx_word' id='word_1_24' title='bbox 583 310 751 354; x_wconf 83' lang='lat' dir='ltr'><em>consuevit.</em></span> <span class='ocrx_word' id='word_1_25' title='bbox 778 314 886 352; x_wconf 83' lang='lat' dir='ltr'><em>Neque</em></span> <span class='ocrx_word' id='word_1_26' title='bbox 906 315 984 342; x_wconf 85' lang='lat' dir='ltr'><em>em&#39;m</em></span> <span class='ocrx_word' id='word_1_27' title='bbox 1007 310 1068 342; x_wconf 89' lang='lat' dir='ltr'><em>tale</em></span> <span class='ocrx_word' id='word_1_28' title='bbox 1079 307 1117 347; x_wconf 79' lang='lat' dir='ltr'><em>est</em></span> <span class='ocrx_word' id='word_1_29' title='bbox 1133 333 1140 340; x_wconf 92' lang='lat'><strong>.</strong></span> 
     </span>
     <span class='ocr_line' id='line_1_5' title="bbox 252 359 1141 406; baseline -0.004 -12"><span class='ocrx_word' id='word_1_30' title='bbox 252 366 314 398; x_wconf 80' lang='lat' dir='ltr'><em>Hoc</em></span> <span class='ocrx_word' id='word_1_31' title='bbox 324 366 415 406; x_wconf 77' lang='lat' dir='ltr'><em>igitur</em></span> <span class='ocrx_word' id='word_1_32' title='bbox 426 359 547 404; x_wconf 64' lang='lat' dir='ltr'><em>osculum</em></span> <span class='ocrx_word' id='word_1_33' title='bbox 558 368 675 398; x_wconf 73' lang='lat' dir='ltr'><em>animas</em></span> <span class='ocrx_word' id='word_1_34' title='bbox 689 361 790 394; x_wconf 69' lang='lat' dir='ltr'><em>mutuo</em></span> <span class='ocrx_word' id='word_1_35' title='bbox 802 361 937 397; x_wconf 77' lang='lat' dir='ltr'><em>conciliat</em></span> <span class='ocrx_word' id='word_1_36' title='bbox 949 384 959 399; x_wconf 92' lang='lat'>‚</span> <span class='ocrx_word' id='word_1_37' title='bbox 971 360 1005 393; x_wconf 58' lang='grc' dir='ltr'><em>(Ὗ</em></span> <span class='ocrx_word' id='word_1_38' title='bbox 1014 364 1141 395; x_wconf 78' lang='lat' dir='ltr'><em>omnium,</em></span> 
     </span>
     <span class='ocr_line' id='line_1_6' title="bbox 251 408 1142 453; baseline -0.007 -6"><span class='ocrx_word' id='word_1_39' title='bbox 251 413 394 447; x_wconf 80' lang='lat' dir='ltr'><em>malorum</em></span> <span class='ocrx_word' id='word_1_40' title='bbox 404 411 579 453; x_wconf 71' lang='lat' dir='ltr'><em>pbiivionem</em></span> <span class='ocrx_word' id='word_1_41' title='bbox 603 412 665 444; x_wconf 81' lang='lat' dir='ltr'><em>illis</em></span> <span class='ocrx_word' id='word_1_42' title='bbox 693 409 836 453; x_wconf 70' lang='lat' dir='ltr'><em>[pandet.</em></span> <span class='ocrx_word' id='word_1_43' title='bbox 864 408 1018 444; x_wconf 77' lang='lat' dir='ltr'><em>Affirmat</em></span> <span class='ocrx_word' id='word_1_44' title='bbox 1042 409 1105 442; x_wconf 81' lang='lat' dir='ltr'><em>effe</em></span> <span class='ocrx_word' id='word_1_45' title='bbox 1125 409 1142 441; x_wconf 76' lang='grc' dir='ltr'>ὲ</span> 
     </span>
     <span class='ocr_line' id='line_1_7' title="bbox 251 458 1146 496; baseline -0.002 0"><span class='ocrx_word' id='word_1_46' title='bbox 251 459 514 496; x_wconf 86' lang='lat' dir='ltr'><em>Petro&amp;Paulo</em></span> <span class='ocrx_word' id='word_1_47' title='bbox 536 461 808 496; x_wconf 86' lang='lat' dir='ltr'><em>commendatum</em></span> <span class='ocrx_word' id='word_1_48' title='bbox 830 461 976 494; x_wconf 79' lang='lat' dir='ltr'><em>fraterna:</em></span> <span class='ocrx_word' id='word_1_49' title='bbox 999 458 1146 494; x_wconf 64' lang='lat' dir='ltr'><em>dileetio·</em></span> 
     </span>
     <span class='ocr_line' id='line_1_8' title="bbox 251 509 1146 556; baseline -0.006 -12"><span class='ocrx_word' id='word_1_50' title='bbox 251 512 302 547; x_wconf 84' lang='lat' dir='ltr'><em>nis</em></span> <span class='ocrx_word' id='word_1_51' title='bbox 312 511 483 552; x_wconf 88' lang='lat' dir='ltr'><em>osculum,</em></span> <span class='ocrx_word' id='word_1_52' title='bbox 508 512 541 546; x_wconf 90' lang='lat'>&amp;</span> <span class='ocrx_word' id='word_1_53' title='bbox 567 511 690 556; x_wconf 84' lang='lat' dir='ltr'><em>pergit:</em></span> <span class='ocrx_word' id='word_1_54' title='bbox 719 510 820 548; x_wconf 65' lang='lat' dir='ltr'><em>Postea</em></span> <span class='ocrx_word' id='word_1_55' title='bbox 842 511 955 543; x_wconf 86' lang='lat' dir='ltr'><em>clamat</em></span> <span class='ocrx_word' id='word_1_56' title='bbox 979 509 1121 543; x_wconf 77' lang='lat' dir='ltr'><em>Sacerdos</em></span> <span class='ocrx_word' id='word_1_57' title='bbox 1136 531 1146 546; x_wconf 91' lang='lat'>,</span> 
     </span>
     <span class='ocr_line' id='line_1_9' title="bbox 250 557 1146 606; baseline -0.004 -12"><span class='ocrx_word' id='word_1_58' title='bbox 250 561 481 606; x_wconf 78' lang='lat' dir='ltr'><em>Sursumcorda.</em></span> <span class='ocrx_word' id='word_1_59' title='bbox 514 561 603 596; x_wconf 69' lang='lat' dir='ltr'><em>Aita</em></span> <span class='ocrx_word' id='word_1_60' title='bbox 629 560 727 597; x_wconf 87' lang='lat' dir='ltr'><em>nobis</em></span> <span class='ocrx_word' id='word_1_61' title='bbox 749 561 793 593; x_wconf 90' lang='lat' dir='ltr'><em>ita</em></span> <span class='ocrx_word' id='word_1_62' title='bbox 819 559 948 604; x_wconf 81' lang='lat' dir='ltr'><em>impleri</em></span> <span class='ocrx_word' id='word_1_63' title='bbox 972 557 1146 602; x_wconf 83' lang='lat' dir='ltr'><em>Evangeli-</em></span> 
     </span>
     <span class='ocr_line' id='line_1_10' title="bbox 250 607 1147 654; baseline -0.007 -7"><span class='ocrx_word' id='word_1_64' title='bbox 250 622 325 647; x_wconf 84' lang='lat' dir='ltr'><em>cum</em></span> <span class='ocrx_word' id='word_1_65' title='bbox 353 612 543 649; x_wconf 83' lang='lat' dir='ltr'><em>mandatum</em></span> <span class='ocrx_word' id='word_1_66' title='bbox 559 635 570 650; x_wconf 88' lang='lat'><em>,</em></span> <span class='ocrx_word' id='word_1_67' title='bbox 596 622 664 654; x_wconf 89' lang='lat' dir='ltr'><em>quo</em></span> <span class='ocrx_word' id='word_1_68' title='bbox 686 610 855 647; x_wconf 82' lang='lat' dir='ltr'>Dominus</span> <span class='ocrx_word' id='word_1_69' title='bbox 872 622 932 645; x_wconf 88' lang='lat' dir='ltr'><em>nos</em></span> <span class='ocrx_word' id='word_1_70' title='bbox 963 609 1049 652; x_wconf 78' lang='lat' dir='ltr'><em>juffit</em></span> <span class='ocrx_word' id='word_1_71' title='bbox 1070 607 1147 641; x_wconf 74' lang='lat' dir='ltr'><em>ante</em></span> 
     </span>
     <span class='ocr_line' id='line_1_11' title="bbox 251 658 1145 706; baseline -0.004 -10"><span class='ocrx_word' id='word_1_72' title='bbox 251 662 411 698; x_wconf 82' lang='lat' dir='ltr'><em>Sacrificii</em></span> <span class='ocrx_word' id='word_1_73' title='bbox 434 661 639 697; x_wconf 89' lang='lat' dir='ltr'><em>oblationem</em></span> <span class='ocrx_word' id='word_1_74' title='bbox 660 660 866 699; x_wconf 86' lang='lat' dir='ltr'><em>reconciliari</em></span> <span class='ocrx_word' id='word_1_75' title='bbox 887 685 894 692; x_wconf 94' lang='lat'><strong>.</strong></span> <span class='ocrx_word' id='word_1_76' title='bbox 922 660 1007 706; x_wconf 76' lang='lat' dir='ltr'><em>Qae,</em></span> <span class='ocrx_word' id='word_1_77' title='bbox 1030 658 1145 692; x_wconf 89' lang='lat' dir='ltr'><em>omnia</em></span> 
     </span>
     <span class='ocr_line' id='line_1_12' title="bbox 251 707 1146 754; baseline -0.01 -6"><span class='ocrx_word' id='word_1_78' title='bbox 251 712 394 748; x_wconf 84' lang='lat' dir='ltr'><em>traditin</em></span> <span class='ocrx_word' id='word_1_79' title='bbox 409 709 576 754; x_wconf 85' lang='lat' dir='ltr'><em>publicato</em></span> <span class='ocrx_word' id='word_1_80' title='bbox 590 722 644 754; x_wconf 87' lang='lat' dir='ltr'><em>per</em></span> <span class='ocrx_word' id='word_1_81' title='bbox 655 711 864 749; x_wconf 82' lang='lat' dir='ltr'><em>Franciscum</em></span> <span class='ocrx_word' id='word_1_82' title='bbox 887 707 1057 743; x_wconf 86' lang='lat' dir='ltr'><em>Combefis</em></span> <span class='ocrx_word' id='word_1_83' title='bbox 1079 709 1146 741; x_wconf 88' lang='lat' dir='ltr'><em>Ser-.</em></span> 
     </span>
     <span class='ocr_line' id='line_1_13' title="bbox 250 758 1145 806; baseline -0.008 -8"><span class='ocrx_word' id='word_1_84' title='bbox 250 773 352 798; x_wconf 87' lang='lat' dir='ltr'><em>mone</em></span> <span class='ocrx_word' id='word_1_85' title='bbox 361 761 404 797; x_wconf 83' lang='lat' dir='ltr'><em>de</em></span> <span class='ocrx_word' id='word_1_86' title='bbox 418 762 504 795; x_wconf 84' lang='lat' dir='ltr'><em>sacra</em></span> <span class='ocrx_word' id='word_1_87' title='bbox 527 761 653 806; x_wconf 82' lang='lat' dir='ltr'><em>Synaxi</em></span> <span class='ocrx_word' id='word_1_88' title='bbox 675 762 775 799; x_wconf 85' lang='lat' dir='ltr'><em>etiam</em></span> <span class='ocrx_word' id='word_1_89' title='bbox 799 761 935 796; x_wconf 70' lang='lat' dir='ltr'><em>Sanetus</em></span> <span class='ocrx_word' id='word_1_90' title='bbox 958 758 1145 795; x_wconf 83' lang='lat' dir='ltr'><em>Anastasius</em></span> 
     </span>
     <span class='ocr_line' id='line_1_14' title="bbox 249 809 1143 851; baseline -0.006 -5"><span class='ocrx_word' id='word_1_91' title='bbox 249 812 400 851; x_wconf 65' lang='lat' dir='ltr'><em>Sinnin,</em></span> <span class='ocrx_word' id='word_1_92' title='bbox 427 810 614 846; x_wconf 84' lang='lat' dir='ltr'><em>Patriarcha</em></span> <span class='ocrx_word' id='word_1_93' title='bbox 628 809 880 851; x_wconf 73' lang='lat' dir='ltr'><em>Antiochenu55</em></span> <span class='ocrx_word' id='word_1_94' title='bbox 900 809 999 845; x_wconf 83' lang='lat' dir='ltr'><em>etiam</em></span> <span class='ocrx_word' id='word_1_95' title='bbox 1010 809 1143 847; x_wconf 79' lang='lat' dir='ltr'>Simeon</span> 
     </span>
     <span class='ocr_line' id='line_1_15' title="bbox 250 858 1146 902; baseline -0.006 -6"><span class='ocrx_word' id='word_1_96' title='bbox 250 860 550 900; x_wconf 80' lang='lat' dir='ltr'><em>Thessalonicensis</em></span> <span class='ocrx_word' id='word_1_97' title='bbox 561 859 837 902; x_wconf 86' lang='lat' dir='ltr'><em>Archiepiscopus</em></span> <span class='ocrx_word' id='word_1_98' title='bbox 860 882 872 899; x_wconf 91' lang='lat'><strong>,</strong></span> <span class='ocrx_word' id='word_1_99' title='bbox 898 858 1059 893; x_wconf 90' lang='lat' dir='ltr'><em>Nicolaus</em></span> <span class='ocrx_word' id='word_1_100' title='bbox 1085 858 1146 891; x_wconf 50' lang='grc' dir='ltr'>(ζει,</span> 
     </span>
     <span class='ocr_line' id='line_1_16' title="bbox 251 909 1144 954; baseline -0.003 -8"><span class='ocrx_word' id='word_1_101' title='bbox 251 912 388 951; x_wconf 70' lang='lat' dir='ltr'><em>bafihs,</em></span> <span class='ocrx_word' id='word_1_102' title='bbox 413 911 538 954; x_wconf 82' lang='lat' dir='ltr'><em>aliique</em></span> <span class='ocrx_word' id='word_1_103' title='bbox 571 909 766 947; x_wconf 69' lang='lat' dir='ltr'>recentiores</span> <span class='ocrx_word' id='word_1_104' title='bbox 792 909 984 950; x_wconf 77' lang='lat' dir='ltr'><em>Graecorum</em></span> <span class='ocrx_word' id='word_1_105' title='bbox 1019 910 1144 948; x_wconf 81' lang='lat' dir='ltr'><em>rituum</em></span> 
     </span>
     <span class='ocr_line' id='line_1_17' title="bbox 252 961 482 1003; baseline -0.009 -9"><span class='ocrx_word' id='word_1_106' title='bbox 252 961 482 1003; x_wconf 78' lang='lat' dir='ltr'><em>Expositores.</em></span> 
     </span>
     <span class='ocr_line' id='line_1_18' title="bbox 255 1007 1146 1054; baseline 0 -11"><span class='ocrx_word' id='word_1_107' title='bbox 255 1035 259 1038; x_wconf 84' lang='lat'><em>-</em></span> <span class='ocrx_word' id='word_1_108' title='bbox 298 1010 370 1054; x_wconf 66' lang='lat' dir='ltr'><em>Q}</em></span> <span class='ocrx_word' id='word_1_109' title='bbox 385 1020 458 1043; x_wconf 89' lang='lat' dir='ltr'><em>mos</em></span> <span class='ocrx_word' id='word_1_110' title='bbox 468 1009 551 1043; x_wconf 89' lang='lat' dir='ltr'><em>olim</em></span> <span class='ocrx_word' id='word_1_111' title='bbox 562 1009 669 1053; x_wconf 90' lang='lat' dir='ltr'><em>viguit</em></span> <span class='ocrx_word' id='word_1_112' title='bbox 690 1009 724 1042; x_wconf 91' lang='lat' dir='ltr'><em>in</em></span> <span class='ocrx_word' id='word_1_113' title='bbox 746 1007 939 1052; x_wconf 82' lang='lat' dir='ltr'><em>quibusdam</em></span> <span class='ocrx_word' id='word_1_114' title='bbox 956 1009 1034 1043; x_wconf 89' lang='lat' dir='ltr'><em>item</em></span> <span class='ocrx_word' id='word_1_115' title='bbox 1057 1009 1146 1051; x_wconf 78' lang='lat' dir='ltr'><em>Lati·</em></span> 
     </span>
     <span class='ocr_line' id='line_1_19' title="bbox 249 1057 1145 1104; baseline 0.001 -11"><span class='ocrx_word' id='word_1_116' title='bbox 249 1059 300 1093; x_wconf 85' lang='lat' dir='ltr'><em>nis</em></span> <span class='ocrx_word' id='word_1_117' title='bbox 315 1058 466 1096; x_wconf 83' lang='lat' dir='ltr'><em>Ecclefiis</em></span> <span class='ocrx_word' id='word_1_118' title='bbox 479 1085 486 1092; x_wconf 91' lang='lat'><strong>.</strong></span> <span class='ocrx_word' id='word_1_119' title='bbox 515 1059 693 1092; x_wconf 87' lang='lat' dir='ltr'><em>Etenimin</em></span> <span class='ocrx_word' id='word_1_120' title='bbox 707 1057 924 1093; x_wconf 86' lang='lat' dir='ltr'><em>Ambrosiana</em></span> <span class='ocrx_word' id='word_1_121' title='bbox 948 1059 1033 1103; x_wconf 82' lang='lat' dir='ltr'><em>apud</em></span> <span class='ocrx_word' id='word_1_122' title='bbox 1055 1060 1145 1104; x_wconf 68' lang='lat' dir='ltr'><em>jacm</em></span> 
     </span>
     <span class='ocr_line' id='line_1_20' title="bbox 248 1106 1145 1152; baseline 0.001 -9"><span class='ocrx_word' id='word_1_123' title='bbox 248 1109 327 1146; x_wconf 88' lang='lat' dir='ltr'><em>bum</em></span> <span class='ocrx_word' id='word_1_124' title='bbox 339 1108 525 1145; x_wconf 86' lang='lat' dir='ltr'><em>Pameliutn</em></span> <span class='ocrx_word' id='word_1_125' title='bbox 539 1109 638 1147; x_wconf 75' lang='lat' dir='ltr'><em>Missa</em></span> <span class='ocrx_word' id='word_1_126' title='bbox 647 1109 756 1147; x_wconf 78' lang='lat' dir='ltr'><em>statim</em></span> <span class='ocrx_word' id='word_1_127' title='bbox 769 1108 839 1152; x_wconf 85' lang='lat' dir='ltr'><em>post</em></span> <span class='ocrx_word' id='word_1_128' title='bbox 852 1106 1068 1145; x_wconf 79' lang='lat' dir='ltr'><em>offertorium</em></span> <span class='ocrx_word' id='word_1_129' title='bbox 1092 1111 1145 1144; x_wconf 89' lang='lat' dir='ltr'><em>Sa-</em></span> 
     </span>
     <span class='ocr_line' id='line_1_21' title="bbox 247 1158 1144 1203; baseline -0.003 -9"><span class='ocrx_word' id='word_1_130' title='bbox 247 1160 360 1195; x_wconf 88' lang='lat' dir='ltr'><em>cerdos</em></span> <span class='ocrx_word' id='word_1_131' title='bbox 373 1158 453 1193; x_wconf 87' lang='lat' dir='ltr'><em>dicit</em></span> <span class='ocrx_word' id='word_1_132' title='bbox 465 1159 505 1193; x_wconf 90' lang='lat' dir='ltr'><em>ad</em></span> <span class='ocrx_word' id='word_1_133' title='bbox 526 1159 703 1202; x_wconf 86' lang='lat' dir='ltr'><em>populum:</em></span> <span class='ocrx_word' id='word_1_134' title='bbox 732 1162 840 1195; x_wconf 82' lang='lat' dir='ltr'><em>Pacem</em></span> <span class='ocrx_word' id='word_1_135' title='bbox 862 1158 987 1198; x_wconf 77' lang='lat' dir='ltr'><em>habete.</em></span> <span class='ocrx_word' id='word_1_136' title='bbox 1017 1160 1060 1192; x_wconf 90' lang='lat' dir='ltr'><em>Et</em></span> <span class='ocrx_word' id='word_1_137' title='bbox 1089 1172 1144 1203; x_wconf 89' lang='lat' dir='ltr'><em>po-</em></span> 
     </span>
     <span class='ocr_line' id='line_1_22' title="bbox 247 1208 1145 1255; baseline 0 -12"><span class='ocrx_word' id='word_1_138' title='bbox 247 1210 344 1255; x_wconf 79' lang='lat' dir='ltr'><em>pulus</em></span> <span class='ocrx_word' id='word_1_139' title='bbox 366 1208 557 1252; x_wconf 57' lang='lat' dir='ltr'><em>respondete</em></span> <span class='ocrx_word' id='word_1_140' title='bbox 585 1210 635 1241; x_wconf 79' lang='lat' dir='ltr'><em>Ad</em></span> <span class='ocrx_word' id='word_1_141' title='bbox 656 1219 686 1246; x_wconf 83' lang='lat' dir='ltr'><em>te</em></span> <span class='ocrx_word' id='word_1_142' title='bbox 711 1212 853 1247; x_wconf 82' lang='lat' dir='ltr'><em>Domine.</em></span> <span class='ocrx_word' id='word_1_143' title='bbox 885 1210 929 1243; x_wconf 88' lang='lat' dir='ltr'><em>Et</em></span> <span class='ocrx_word' id='word_1_144' title='bbox 951 1209 993 1243; x_wconf 91' lang='lat' dir='ltr'><em>ad</em></span> <span class='ocrx_word' id='word_1_145' title='bbox 1016 1209 1145 1243; x_wconf 87' lang='lat' dir='ltr'><em>Decen-</em></span> 
     </span>
     <span class='ocr_line' id='line_1_23' title="bbox 247 1257 1147 1304; baseline -0.001 -12"><span class='ocrx_word' id='word_1_146' title='bbox 247 1262 333 1293; x_wconf 90' lang='lat' dir='ltr'><em>tium</em></span> <span class='ocrx_word' id='word_1_147' title='bbox 346 1258 562 1304; x_wconf 85' lang='lat' dir='ltr'><em>Eugubinum</em></span> <span class='ocrx_word' id='word_1_148' title='bbox 579 1257 778 1303; x_wconf 86' lang='lat' dir='ltr'>Episcopum</span> <span class='ocrx_word' id='word_1_149' title='bbox 797 1258 904 1294; x_wconf 85' lang='lat' dir='ltr'>scribit</span> <span class='ocrx_word' id='word_1_150' title='bbox 918 1260 1049 1298; x_wconf 55' lang='lat' dir='ltr'><em>Saucius</em></span> <span class='ocrx_word' id='word_1_151' title='bbox 1059 1258 1147 1297; x_wconf 81' lang='lat' dir='ltr'><em>Pon·</em></span> 
     </span>
     <span class='ocr_line' id='line_1_24' title="bbox 247 1309 1142 1352; baseline -0.002 -9"><span class='ocrx_word' id='word_1_152' title='bbox 247 1311 328 1343; x_wconf 83' lang='lat' dir='ltr'>tifex</span> <span class='ocrx_word' id='word_1_153' title='bbox 343 1309 560 1342; x_wconf 84' lang='lat' dir='ltr'>Innocentius</span> <span class='ocrx_word' id='word_1_154' title='bbox 572 1309 694 1352; x_wconf 82' lang='lat' dir='ltr'><em>primus</em></span> <span class='ocrx_word' id='word_1_155' title='bbox 707 1323 718 1345; x_wconf 86' lang='lat'><em>.·</em></span> <span class='ocrx_word' id='word_1_156' title='bbox 745 1312 853 1347; x_wconf 83' lang='lat' dir='ltr'><em>Pacem</em></span> <span class='ocrx_word' id='word_1_157' title='bbox 864 1310 965 1352; x_wconf 82' lang='lat' dir='ltr'><em>asseris</em></span> <span class='ocrx_word' id='word_1_158' title='bbox 989 1311 1062 1343; x_wconf 77' lang='lat' dir='ltr'><em>ante</em></span> <span class='ocrx_word' id='word_1_159' title='bbox 1082 1321 1142 1342; x_wconf 88' lang='lat' dir='ltr'><em>con·</em></span> 
     </span>
     <span class='ocr_line' id='line_1_25' title="bbox 240 1358 1142 1403; baseline -0.001 -10"><span class='ocrx_word' id='word_1_160' title='bbox 240 1360 328 1403; x_wconf 67' lang='lat' dir='ltr'><em>fella</em></span> <span class='ocrx_word' id='word_1_161' title='bbox 342 1359 473 1400; x_wconf 78' lang='lat' dir='ltr'><em>Mysteria</em></span> <span class='ocrx_word' id='word_1_162' title='bbox 485 1359 631 1403; x_wconf 84' lang='lat' dir='ltr'><em>quosdam</em></span> <span class='ocrx_word' id='word_1_163' title='bbox 638 1360 761 1402; x_wconf 81' lang='lat' dir='ltr'><em>populis</em></span> <span class='ocrx_word' id='word_1_164' title='bbox 773 1366 923 1402; x_wconf 83' lang='lat' dir='ltr'><em>imperare</em></span> <span class='ocrx_word' id='word_1_165' title='bbox 936 1384 946 1400; x_wconf 91' lang='lat'><strong>,</strong></span> <span class='ocrx_word' id='word_1_166' title='bbox 973 1358 1081 1401; x_wconf 77' lang='lat' dir='ltr'><em>velfibt&#39;</em></span> <span class='ocrx_word' id='word_1_167' title='bbox 1091 1362 1142 1395; x_wconf 76' lang='lat' dir='ltr'><em>sa-</em></span> 
     </span>
     <span class='ocr_line' id='line_1_26' title="bbox 246 1407 1144 1454; baseline -0.002 -11"><span class='ocrx_word' id='word_1_168' title='bbox 246 1412 377 1446; x_wconf 79' lang='lat' dir='ltr'><em>cerdotes</em></span> <span class='ocrx_word' id='word_1_169' title='bbox 388 1410 506 1445; x_wconf 78' lang='lat' dir='ltr'><em>tradere</em></span> <span class='ocrx_word' id='word_1_170' title='bbox 518 1434 531 1449; x_wconf 91' lang='lat'><em>‚</em></span> <span class='ocrx_word' id='word_1_171' title='bbox 543 1407 545 1409; x_wconf 73' lang='grc'><strong>’</strong></span> <span class='ocrx_word' id='word_1_172' title='bbox 557 1411 622 1442; x_wconf 74' lang='lat' dir='ltr'><em>cum</em></span> <span class='ocrx_word' id='word_1_173' title='bbox 631 1410 693 1451; x_wconf 83' lang='lat' dir='ltr'><em>post</em></span> <span class='ocrx_word' id='word_1_174' title='bbox 714 1417 813 1446; x_wconf 73' lang='lat' dir='ltr'><em>omnia</em></span> <span class='ocrx_word' id='word_1_175' title='bbox 827 1434 838 1450; x_wconf 88' lang='lat'>,</span> <span class='ocrx_word' id='word_1_176' title='bbox 865 1421 932 1454; x_wconf 72' lang='lat' dir='ltr'><em>quae</em></span> <span class='ocrx_word' id='word_1_177' title='bbox 951 1415 1064 1451; x_wconf 76' lang='lat' dir='ltr'><em>aperire</em></span> <span class='ocrx_word' id='word_1_178' title='bbox 1086 1421 1144 1442; x_wconf 87' lang='lat' dir='ltr'><em>non</em></span> 
     </span>
     <span class='ocr_line' id='line_1_27' title="bbox 246 1458 1145 1502; baseline -0.002 -9"><span class='ocrx_word' id='word_1_179' title='bbox 246 1460 334 1495; x_wconf 84' lang='lat' dir='ltr'><em>debeo</em></span> <span class='ocrx_word' id='word_1_180' title='bbox 349 1484 360 1499; x_wconf 84' lang='lat'>,</span> <span class='ocrx_word' id='word_1_181' title='bbox 381 1459 495 1501; x_wconf 76' lang='lat' dir='ltr'><em>paxfit</em></span> <span class='ocrx_word' id='word_1_182' title='bbox 506 1459 657 1502; x_wconf 72' lang='lat' dir='ltr'><em>necessario</em></span> <span class='ocrx_word' id='word_1_183' title='bbox 672 1461 854 1499; x_wconf 81' lang='lat' dir='ltr'><em>indicenda,</em></span> <span class='ocrx_word' id='word_1_184' title='bbox 875 1469 931 1502; x_wconf 89' lang='lat' dir='ltr'><em>per</em></span> <span class='ocrx_word' id='word_1_185' title='bbox 942 1472 1033 1502; x_wconf 87' lang='lat' dir='ltr'><em>quam</em></span> <span class='ocrx_word' id='word_1_186' title='bbox 1043 1458 1145 1498; x_wconf 73' lang='lat' dir='ltr'><em>constet</em></span> 
     </span>
     <span class='ocr_line' id='line_1_28' title="bbox 241 1510 1142 1553; baseline -0.004 -9"><span class='ocrx_word' id='word_1_187' title='bbox 241 1511 386 1553; x_wconf 81' lang='lat' dir='ltr'><em>populum</em></span> <span class='ocrx_word' id='word_1_188' title='bbox 394 1511 440 1543; x_wconf 87' lang='lat' dir='ltr'><em>ad</em></span> <span class='ocrx_word' id='word_1_189' title='bbox 447 1515 567 1550; x_wconf 90' lang='lat' dir='ltr'><em>omnia,</em></span> <span class='ocrx_word' id='word_1_190' title='bbox 599 1521 666 1552; x_wconf 66' lang='lat' dir='ltr'><em>quse</em></span> <span class='ocrx_word' id='word_1_191' title='bbox 677 1514 710 1546; x_wconf 82' lang='lat' dir='ltr'><em>in</em></span> <span class='ocrx_word' id='word_1_192' title='bbox 723 1510 864 1550; x_wconf 70' lang='lat' dir='ltr'><em>Mysteriis</em></span> <span class='ocrx_word' id='word_1_193' title='bbox 878 1517 1028 1552; x_wconf 85' lang='lat' dir='ltr'><em>aguntur,</em></span> <span class='ocrx_word' id='word_1_194' title='bbox 1054 1518 1142 1550; x_wconf 87' lang='lat' dir='ltr'><em>atque</em></span> 
     </span>
     <span class='ocr_line' id='line_1_29' title="bbox 246 1557 1145 1603; baseline -0.006 -10"><span class='ocrx_word' id='word_1_195' title='bbox 246 1566 280 1593; x_wconf 79' lang='lat' dir='ltr'><em>in</em></span> <span class='ocrx_word' id='word_1_196' title='bbox 304 1558 432 1603; x_wconf 75' lang='lat' dir='ltr'><em>Ecclefia</em></span> <span class='ocrx_word' id='word_1_197' title='bbox 441 1559 646 1598; x_wconf 79' lang='lat' dir='ltr'><em>celebrantur,</em></span> <span class='ocrx_word' id='word_1_198' title='bbox 668 1560 824 1600; x_wconf 75' lang='lat' dir='ltr'><em>praebuiffe</em></span> <span class='ocrx_word' id='word_1_199' title='bbox 834 1557 1004 1600; x_wconf 73' lang='lat' dir='ltr'><em>consensum</em></span> <span class='ocrx_word' id='word_1_200' title='bbox 1018 1581 1028 1598; x_wconf 90' lang='lat'>,</span> <span class='ocrx_word' id='word_1_201' title='bbox 1054 1568 1088 1589; x_wconf 88' lang='lat' dir='ltr'><em>ac</em></span> <span class='ocrx_word' id='word_1_202' title='bbox 1107 1557 1145 1599; x_wconf 80' lang='lat' dir='ltr'><em>fi-</em></span> 
     </span>
     <span class='ocr_line' id='line_1_30' title="bbox 245 1606 1143 1652; baseline -0.004 -9"><span class='ocrx_word' id='word_1_203' title='bbox 245 1609 373 1652; x_wconf 66' lang='lat' dir='ltr'><em>nitaff</em></span> <span class='ocrx_word' id='word_1_204' title='bbox 394 1615 484 1650; x_wconf 81' lang='lat' dir='ltr'><em>pacis</em></span> <span class='ocrx_word' id='word_1_205' title='bbox 505 1608 704 1641; x_wconf 79' lang='lat' dir='ltr'><em>concludentis</em></span> <span class='ocrx_word' id='word_1_206' title='bbox 720 1606 867 1651; x_wconf 85' lang='lat' dir='ltr'><em>fignaculo</em></span> <span class='ocrx_word' id='word_1_207' title='bbox 889 1606 1143 1648; x_wconf 83' lang='lat' dir='ltr'><em>demonstrentur.</em></span> 
     </span>
     <span class='ocr_line' id='line_1_31' title="bbox 244 1655 1144 1702; baseline -0.004 -11"><span class='ocrx_word' id='word_1_208' title='bbox 244 1658 283 1693; x_wconf 81' lang='lat' dir='ltr'><em>ln</em></span> <span class='ocrx_word' id='word_1_209' title='bbox 295 1657 540 1702; x_wconf 84' lang='lat' dir='ltr'><em>quibusdam&amp;</em></span> <span class='ocrx_word' id='word_1_210' title='bbox 564 1656 680 1693; x_wconf 82' lang='lat' dir='ltr'><em>Clerus</em></span> <span class='ocrx_word' id='word_1_211' title='bbox 701 1658 735 1691; x_wconf 89' lang='lat'>&amp;</span> <span class='ocrx_word' id='word_1_212' title='bbox 755 1656 902 1699; x_wconf 87' lang='lat' dir='ltr'><em>Populus</em></span> <span class='ocrx_word' id='word_1_213' title='bbox 915 1680 925 1695; x_wconf 90' lang='lat'><em>,</em></span> <span class='ocrx_word' id='word_1_214' title='bbox 953 1657 989 1691; x_wconf 83' lang='lat' dir='ltr'><em>in</em></span> <span class='ocrx_word' id='word_1_215' title='bbox 1012 1655 1144 1697; x_wconf 79' lang='lat' dir='ltr'><em>quibus-</em></span> 
     </span>
     <span class='ocr_line' id='line_1_32' title="bbox 242 1704 1143 1745; baseline -0.007 -3"><span class='ocrx_word' id='word_1_216' title='bbox 242 1707 320 1742; x_wconf 88' lang='lat' dir='ltr'><em>dam</em></span> <span class='ocrx_word' id='word_1_217' title='bbox 344 1706 495 1745; x_wconf 83' lang='lat' dir='ltr'><em>Ecclefiis</em></span> <span class='ocrx_word' id='word_1_218' title='bbox 522 1707 583 1742; x_wconf 87' lang='lat' dir='ltr'><em>soli</em></span> <span class='ocrx_word' id='word_1_219' title='bbox 605 1706 666 1741; x_wconf 86' lang='lat' dir='ltr'><em>fibi</em></span> <span class='ocrx_word' id='word_1_220' title='bbox 687 1704 827 1744; x_wconf 81' lang='lat' dir='ltr'><em>invicem</em></span> <span class='ocrx_word' id='word_1_221' title='bbox 848 1704 1037 1742; x_wconf 79' lang='lat' dir='ltr'><em>Sacerdotes</em></span> <span class='ocrx_word' id='word_1_222' title='bbox 1058 1704 1143 1741; x_wconf 80' lang='lat' dir='ltr'><em>inter</em></span> 
     </span>
     <span class='ocr_line' id='line_1_33' title="bbox 241 1752 1141 1799; baseline -0.006 -6"><span class='ocrx_word' id='word_1_223' title='bbox 241 1753 460 1793; x_wconf 79' lang='lat' dir='ltr'><em>Offertorium</em></span> <span class='ocrx_word' id='word_1_224' title='bbox 473 1756 696 1790; x_wconf 77' lang='lat' dir='ltr'><em>&amp;canonem</em></span> <span class='ocrx_word' id='word_1_225' title='bbox 718 1754 841 1791; x_wconf 86' lang='lat' dir='ltr'><em>dabant</em></span> <span class='ocrx_word' id='word_1_226' title='bbox 863 1754 949 1799; x_wconf 81' lang='lat' dir='ltr'><strong>pacis</strong></span> <span class='ocrx_word' id='word_1_227' title='bbox 970 1752 1141 1792; x_wconf 68' lang='lat' dir='ltr'><em>osculumz,</em></span> 
     </span>
     <span class='ocr_line' id='line_1_34' title="bbox 241 1803 1141 1855; baseline -0.003 -14"><span class='ocrx_word' id='word_1_228' title='bbox 241 1806 350 1855; x_wconf 82' lang='lat' dir='ltr'><em>Qod</em></span> <span class='ocrx_word' id='word_1_229' title='bbox 365 1804 482 1850; x_wconf 73' lang='lat' dir='ltr'><em>nempe</em></span> <span class='ocrx_word' id='word_1_230' title='bbox 494 1805 649 1840; x_wconf 85' lang='lat' dir='ltr'><em>offerrent</em></span> <span class='ocrx_word' id='word_1_231' title='bbox 671 1806 705 1840; x_wconf 70' lang='grc' dir='ltr'><em>ὅ(</em></span> <span class='ocrx_word' id='word_1_232' title='bbox 729 1806 977 1845; x_wconf 83' lang='lat' dir='ltr'><em>consecrarent,</em></span> <span class='ocrx_word' id='word_1_233' title='bbox 999 1803 1141 1848; x_wconf 89' lang='lat' dir='ltr'><em>ideoque</em></span> 
     </span>
     <span class='ocr_line' id='line_1_35' title="bbox 239 1854 1140 1898; baseline -0.004 -7"><span class='ocrx_word' id='word_1_234' title='bbox 239 1855 325 1892; x_wconf 85' lang='lat' dir='ltr'><em>istud</em></span> <span class='ocrx_word' id='word_1_235' title='bbox 339 1856 484 1894; x_wconf 71' lang='lat' dir='ltr'><em>fraternae,</em></span> <span class='ocrx_word' id='word_1_236' title='bbox 494 1854 661 1891; x_wconf 85' lang='lat' dir='ltr'><em>charitatis</em></span> <span class='ocrx_word' id='word_1_237' title='bbox 676 1854 864 1898; x_wconf 85' lang='lat' dir='ltr'><em>symbolum</em></span> <span class='ocrx_word' id='word_1_238' title='bbox 877 1854 988 1888; x_wconf 88' lang='lat' dir='ltr'><em>saltem</em></span> <span class='ocrx_word' id='word_1_239' title='bbox 1000 1854 1086 1888; x_wconf 89' lang='lat' dir='ltr'><em>inter</em></span> <span class='ocrx_word' id='word_1_240' title='bbox 1098 1855 1140 1888; x_wconf 88' lang='lat' dir='ltr'><em>se·</em></span> 
     </span>
     <span class='ocr_line' id='line_1_36' title="bbox 240 1904 1142 1949; baseline -0.003 -7"><span class='ocrx_word' id='word_1_241' title='bbox 240 1908 449 1945; x_wconf 85' lang='lat' dir='ltr'><em>secenserent</em></span> <span class='ocrx_word' id='word_1_242' title='bbox 472 1905 755 1949; x_wconf 73' lang='lat' dir='ltr'><em>praemittendum.</em></span> <span class='ocrx_word' id='word_1_243' title='bbox 783 1904 845 1938; x_wconf 85' lang='lat' dir='ltr'><em>Ast</em></span> <span class='ocrx_word' id='word_1_244' title='bbox 871 1914 1046 1947; x_wconf 90' lang='lat' dir='ltr'><em>utrumque</em></span> <span class='ocrx_word' id='word_1_245' title='bbox 1072 1915 1142 1939; x_wconf 89' lang='lat' dir='ltr'><em>mo-</em></span> 
     </span>
     <span class='ocr_line' id='line_1_37' title="bbox 240 1954 1139 2001; baseline -0.002 -10"><span class='ocrx_word' id='word_1_246' title='bbox 240 1968 308 1991; x_wconf 86' lang='lat' dir='ltr'><em>rem</em></span> <span class='ocrx_word' id='word_1_247' title='bbox 329 1955 491 2001; x_wconf 82' lang='lat' dir='ltr'><em>improbat</em></span> <span class='ocrx_word' id='word_1_248' title='bbox 506 1955 685 1997; x_wconf 85' lang='lat' dir='ltr'>Pontifex,</span> <span class='ocrx_word' id='word_1_249' title='bbox 712 1954 918 1989; x_wconf 87' lang='lat' dir='ltr'><em>affirmans&amp;</em></span> <span class='ocrx_word' id='word_1_250' title='bbox 940 1955 959 1989; x_wconf 77' lang='lat' dir='ltr'><em>a</em></span> <span class='ocrx_word' id='word_1_251' title='bbox 982 1954 1084 1989; x_wconf 87' lang='lat' dir='ltr'><em>Clero</em></span> <span class='ocrx_word' id='word_1_252' title='bbox 1105 1954 1139 1994; x_wconf 73' lang='grc' dir='ltr'><em>ὃς</em></span> 
     </span>
     <span class='ocr_line' id='line_1_38' title="bbox 240 2005 1139 2050; baseline -0.004 -9"><span class='ocrx_word' id='word_1_253' title='bbox 240 2006 404 2050; x_wconf 58' lang='lat' dir='ltr'><em>{Populo</em></span> <span class='ocrx_word' id='word_1_254' title='bbox 415 2017 484 2040; x_wconf 86' lang='lat' dir='ltr'><em>non</em></span> <span class='ocrx_word' id='word_1_255' title='bbox 498 2006 556 2041; x_wconf 71' lang='lat' dir='ltr'><em>nisi</em></span> <span class='ocrx_word' id='word_1_256' title='bbox 570 2005 642 2050; x_wconf 86' lang='lat' dir='ltr'><em>post</em></span> <span class='ocrx_word' id='word_1_257' title='bbox 669 2007 858 2044; x_wconf 77' lang='lat' dir='ltr'><em>consectata</em></span> <span class='ocrx_word' id='word_1_258' title='bbox 882 2005 1044 2043; x_wconf 80' lang='lat' dir='ltr'><em>elementa</em></span> <span class='ocrx_word' id='word_1_259' title='bbox 1069 2016 1139 2048; x_wconf 69' lang='lat' dir='ltr'><em>prae-</em></span> 
     </span>
     <span class='ocr_line' id='line_1_39' title="bbox 240 2055 1138 2101; baseline -0.002 -11"><span class='ocrx_word' id='word_1_260' title='bbox 240 2056 393 2090; x_wconf 85' lang='lat' dir='ltr'><em>standum</em></span> <span class='ocrx_word' id='word_1_261' title='bbox 409 2080 416 2087; x_wconf 94' lang='lat'>.</span> <span class='ocrx_word' id='word_1_262' title='bbox 444 2056 557 2101; x_wconf 82' lang='lat' dir='ltr'><em>Qem</em></span> <span class='ocrx_word' id='word_1_263' title='bbox 570 2057 772 2090; x_wconf 86' lang='lat' dir='ltr'><em>rnoremeffe</em></span> <span class='ocrx_word' id='word_1_264' title='bbox 796 2056 832 2089; x_wconf 85' lang='lat' dir='ltr'><em>in</em></span> <span class='ocrx_word' id='word_1_265' title='bbox 855 2056 975 2090; x_wconf 84' lang='lat' dir='ltr'><em>Latina</em></span> <span class='ocrx_word' id='word_1_266' title='bbox 1000 2055 1138 2093; x_wconf 77' lang='lat' dir='ltr'>Ecclesia</span> 
     </span>
     <span class='ocr_line' id='line_1_40' title="bbox 241 2104 1139 2150; baseline 0 -10"><span class='ocrx_word' id='word_1_267' title='bbox 241 2105 502 2150; x_wconf 74' lang='lat' dir='ltr'><em>antiquissimum</em></span> <span class='ocrx_word' id='word_1_268' title='bbox 539 2104 574 2138; x_wconf 76' lang='grc' dir='ltr'><em>δε</em></span> <span class='ocrx_word' id='word_1_269' title='bbox 608 2105 900 2149; x_wconf 73' lang='lat' dir='ltr'><em>frequentissimum</em></span> <span class='ocrx_word' id='word_1_270' title='bbox 936 2105 1139 2140; x_wconf 86' lang='lat' dir='ltr'><em>demonstrat</em></span> 
     </span>
     <span class='ocr_line' id='line_1_41' title="bbox 242 2153 1140 2197; baseline -0.002 -7"><span class='ocrx_word' id='word_1_271' title='bbox 242 2155 445 2191; x_wconf 82' lang='lat' dir='ltr'>Tertulliani</span> <span class='ocrx_word' id='word_1_272' title='bbox 473 2155 556 2190; x_wconf 89' lang='lat' dir='ltr'><em>liber</em></span> <span class='ocrx_word' id='word_1_273' title='bbox 582 2154 624 2189; x_wconf 88' lang='lat' dir='ltr'><em>de</em></span> <span class='ocrx_word' id='word_1_274' title='bbox 643 2156 816 2190; x_wconf 86' lang='lat' dir='ltr'><em>oratione:</em></span> <span class='ocrx_word' id='word_1_275' title='bbox 844 2153 1140 2197; x_wconf 79' lang='lat' dir='ltr'><em>Aliajamconsuetu-</em></span> 
     </span>
     <span class='ocr_line' id='line_1_42' title="bbox 65 2196 1140 2253; baseline -0.002 -13"><span class='ocrx_word' id='word_1_276' title='bbox 65 2196 139 2231; x_wconf 56' lang='grc' dir='ltr'><em>ΩΨ·</em></span> <span class='ocrx_word' id='word_1_277' title='bbox 165 2202 212 2231; x_wconf 69' lang='lat'><em>¹4&#39;</em></span> <span class='ocrx_word' id='word_1_278' title='bbox 241 2208 278 2240; x_wconf 87' lang='lat' dir='ltr'><em>do</em></span> <span class='ocrx_word' id='word_1_279' title='bbox 288 2210 439 2244; x_wconf 84' lang='lat' dir='ltr'><em>invaluit,</em></span> <span class='ocrx_word' id='word_1_280' title='bbox 453 2247 456 2253; x_wconf 62' lang='lat'><em>„</em></span> <span class='ocrx_word' id='word_1_281' title='bbox 458 2207 636 2248; x_wconf 69' lang='lat' dir='ltr'><em>jejunantes</em></span> <span class='ocrx_word' id='word_1_282' title='bbox 664 2205 772 2239; x_wconf 70' lang='lat' dir='ltr'><em>habita</em></span> <span class='ocrx_word' id='word_1_283' title='bbox 794 2211 924 2239; x_wconf 85' lang='lat' dir='ltr'><em>oratione</em></span> <span class='ocrx_word' id='word_1_284' title='bbox 944 2217 1010 2238; x_wconf 89' lang='lat' dir='ltr'><em>cum</em></span> <span class='ocrx_word' id='word_1_285' title='bbox 1024 2204 1140 2247; x_wconf 77' lang='lat' dir='ltr'><em>fratri-</em></span> 
     </span>
     <span class='ocr_line' id='line_1_43' title="bbox 242 2254 1139 2302; baseline 0 -12"><span class='ocrx_word' id='word_1_286' title='bbox 242 2257 297 2291; x_wconf 90' lang='lat' dir='ltr'><em>bus</em></span> <span class='ocrx_word' id='word_1_287' title='bbox 319 2255 503 2300; x_wconf 87' lang='lat' dir='ltr'><em>subtrabunt</em></span> <span class='ocrx_word' id='word_1_288' title='bbox 520 2261 608 2297; x_wconf 88' lang='lat' dir='ltr'><em>pacis</em></span> <span class='ocrx_word' id='word_1_289' title='bbox 631 2254 778 2299; x_wconf 81' lang='lat' dir='ltr'><em>osculum,</em></span> <span class='ocrx_word' id='word_1_290' title='bbox 803 2256 883 2297; x_wconf 87' lang='lat' dir='ltr'><em>quod</em></span> <span class='ocrx_word' id='word_1_291' title='bbox 903 2254 940 2295; x_wconf 87' lang='lat' dir='ltr'><em>est</em></span> <span class='ocrx_word' id='word_1_292' title='bbox 956 2254 1139 2302; x_wconf 80' lang='lat' dir='ltr'><em>signaculum</em></span> 
     </span>
     <span class='ocr_line' id='line_1_44' title="bbox 241 2303 1140 2350; baseline -0.002 -9"><span class='ocrx_word' id='word_1_293' title='bbox 241 2313 380 2343; x_wconf 81' lang='lat' dir='ltr'><em>orationis</em></span> <span class='ocrx_word' id='word_1_294' title='bbox 394 2331 401 2338; x_wconf 91' lang='lat'><strong>.</strong></span> <span class='ocrx_word' id='word_1_295' title='bbox 429 2307 561 2350; x_wconf 71' lang='lat' dir='ltr'><em>,Quando</em></span> <span class='ocrx_word' id='word_1_296' title='bbox 572 2315 670 2341; x_wconf 86' lang='lat' dir='ltr'><em>autem</em></span> <span class='ocrx_word' id='word_1_297' title='bbox 680 2311 776 2349; x_wconf 85' lang='lat' dir='ltr'><em>magis</em></span> <span class='ocrx_word' id='word_1_298' title='bbox 788 2305 967 2347; x_wconf 85' lang='lat' dir='ltr'><em>conferenda</em></span> <span class='ocrx_word' id='word_1_299' title='bbox 988 2311 1053 2338; x_wconf 85' lang='lat' dir='ltr'><em>cuni</em></span> <span class='ocrx_word' id='word_1_300' title='bbox 1073 2303 1140 2346; x_wconf 80' lang='lat' dir='ltr'><em>fra-</em></span> 
     </span>
     <span class='ocr_line' id='line_1_45' title="bbox 242 2355 1138 2399; baseline -0.001 -9"><span class='ocrx_word' id='word_1_301' title='bbox 242 2357 339 2391; x_wconf 81' lang='lat' dir='ltr'><em>tribus</em></span> <span class='ocrx_word' id='word_1_302' title='bbox 347 2366 412 2399; x_wconf 81' lang='lat' dir='ltr'><em>pax</em></span> <span class='ocrx_word' id='word_1_303' title='bbox 439 2356 498 2398; x_wconf 83' lang='lat' dir='ltr'><em>est,</em></span> <span class='ocrx_word' id='word_1_304' title='bbox 530 2361 583 2391; x_wconf 79' lang='lat' dir='ltr'><em>m‘i</em></span> <span class='ocrx_word' id='word_1_305' title='bbox 604 2368 669 2389; x_wconf 88' lang='lat' dir='ltr'><em>cum</em></span> <span class='ocrx_word' id='word_1_306' title='bbox 692 2361 785 2390; x_wconf 88' lang='lat' dir='ltr'><em>oratio</em></span> <span class='ocrx_word' id='word_1_307' title='bbox 805 2355 1060 2391; x_wconf 74' lang='lat' dir='ltr'><em>commendabilior</em></span> <span class='ocrx_word' id='word_1_308' title='bbox 1081 2357 1138 2389; x_wconf 84' lang='lat' dir='ltr'><em>ad-</em></span> 
     </span>
     <span class='ocr_line' id='line_1_46' title="bbox 236 2405 1139 2452; baseline -0.004 -12"><span class='ocrx_word' id='word_1_309' title='bbox 236 2407 351 2452; x_wconf 83' lang='lat' dir='ltr'><em>scendit</em></span> <span class='ocrx_word' id='word_1_310' title='bbox 363 2433 374 2448; x_wconf 89' lang='lat'>‚</span> <span class='ocrx_word' id='word_1_311' title='bbox 401 2415 435 2441; x_wconf 88' lang='lat' dir='ltr'><em>ut</em></span> <span class='ocrx_word' id='word_1_312' title='bbox 447 2405 503 2448; x_wconf 77' lang='lat' dir='ltr'><em>ipsi</em></span> <span class='ocrx_word' id='word_1_313' title='bbox 510 2408 547 2443; x_wconf 87' lang='lat' dir='ltr'><em>de</em></span> <span class='ocrx_word' id='word_1_314' title='bbox 555 2406 650 2446; x_wconf 83' lang='lat' dir='ltr'><em>nostra</em></span> <span class='ocrx_word' id='word_1_315' title='bbox 662 2412 830 2448; x_wconf 75' lang='lat' dir='ltr'><em>operatione</em></span> <span class='ocrx_word' id='word_1_316' title='bbox 839 2407 1079 2448; x_wconf 67' lang='lat' dir='ltr'><em>participes-jam</em></span> <span class='ocrx_word' id='word_1_317' title='bbox 1089 2418 1139 2443; x_wconf 85' lang='lat' dir='ltr'><em>au-.</em></span> 
     </span>
     <span class='ocr_line' id='line_1_47' title="bbox 241 2455 1139 2501; baseline -0.001 -11"><span class='ocrx_word' id='word_1_318' title='bbox 241 2459 336 2490; x_wconf 81' lang='lat' dir='ltr'><em>deant</em></span> <span class='ocrx_word' id='word_1_319' title='bbox 346 2459 383 2491; x_wconf 86' lang='lat' dir='ltr'><em>de</em></span> <span class='ocrx_word' id='word_1_320' title='bbox 392 2456 448 2499; x_wconf 87' lang='lat' dir='ltr'><em>sua</em></span> <span class='ocrx_word' id='word_1_321' title='bbox 460 2456 639 2498; x_wconf 85' lang='lat' dir='ltr'><em>pacefram&#39;</em></span> <span class='ocrx_word' id='word_1_322' title='bbox 650 2455 808 2501; x_wconf 82' lang='lat' dir='ltr'><em>transigere</em></span> <span class='ocrx_word' id='word_1_323' title='bbox 821 2457 836 2487; x_wconf 67' lang='grc' dir='ltr'><em>,ἓ</em></span> <span class='ocrx_word' id='word_1_324' title='bbox 862 2457 944 2499; x_wconf 75' lang='lat' dir='ltr'><em>,Quae</em></span> <span class='ocrx_word' id='word_1_325' title='bbox 958 2460 1050 2490; x_wconf 84' lang='lat' dir='ltr'><em>oratio</em></span> <span class='ocrx_word' id='word_1_326' title='bbox 1074 2467 1139 2489; x_wconf 91' lang='lat' dir='ltr'><em>cum</em></span> 
     </span>
     <span class='ocr_line' id='line_1_48' title="bbox 240 2505 1138 2551; baseline -0.003 -11"><span class='ocrx_word' id='word_1_327' title='bbox 240 2509 375 2541; x_wconf 79' lang='lat' dir='ltr'><em>divortio</em></span> <span class='ocrx_word' id='word_1_328' title='bbox 380 2506 479 2549; x_wconf 77' lang='lat' dir='ltr'><em>sanc‘li</em></span> <span class='ocrx_word' id='word_1_329' title='bbox 491 2505 727 2551; x_wconf 80' lang='lat' dir='ltr'><em>osculiintegra?</em></span> <span class='ocrx_word' id='word_1_330' title='bbox 756 2509 854 2550; x_wconf 78' lang='lat' dir='ltr'><em>‚Quem</em></span> <span class='ocrx_word' id='word_1_331' title='bbox 867 2509 992 2539; x_wconf 81' lang='lat' dir='ltr'><em>Domino</em></span> <span class='ocrx_word' id='word_1_332' title='bbox 1014 2506 1138 2549; x_wconf 81' lang='lat' dir='ltr'><em>officium</em></span> 
     </span>
     <span class='ocr_line' id='line_1_49' title="bbox 234 2555 1138 2603; baseline -0.001 -14"><span class='ocrx_word' id='word_1_333' title='bbox 234 2557 403 2600; x_wconf 84' lang='lat' dir='ltr'><em>facientem</em></span> <span class='ocrx_word' id='word_1_334' title='bbox 413 2558 539 2599; x_wconf 81' lang='lat' dir='ltr'><em>impedit</em></span> <span class='ocrx_word' id='word_1_335' title='bbox 543 2566 612 2599; x_wconf 84' lang='lat' dir='ltr'><em>pax</em></span> <span class='ocrx_word' id='word_1_336' title='bbox 625 2559 638 2595; x_wconf 66' lang='grc' dir='ltr'>Ξ</span> <span class='ocrx_word' id='word_1_337' title='bbox 665 2558 768 2603; x_wconf 69' lang='lat' dir='ltr'><em>,Quale</em></span> <span class='ocrx_word' id='word_1_338' title='bbox 778 2555 956 2600; x_wconf 71' lang='lat' dir='ltr'><em>sacrificium</em></span> <span class='ocrx_word' id='word_1_339' title='bbox 969 2555 1007 2596; x_wconf 71' lang='lat' dir='ltr'><em>est</em></span> <span class='ocrx_word' id='word_1_340' title='bbox 1019 2581 1028 2595; x_wconf 90' lang='lat'><strong>,</strong></span> <span class='ocrx_word' id='word_1_341' title='bbox 1053 2557 1072 2588; x_wconf 77' lang='grc' dir='ltr'><em>ἃ</em></span> <span class='ocrx_word' id='word_1_342' title='bbox 1082 2567 1138 2598; x_wconf 82' lang='lat' dir='ltr'><em>quo</em></span> 
     </span>
     <span class='ocr_line' id='line_1_50' title="bbox 237 2605 1137 2651; baseline 0.001 -11"><span class='ocrx_word' id='word_1_343' title='bbox 237 2607 299 2650; x_wconf 81' lang='lat' dir='ltr'><em>fine</em></span> <span class='ocrx_word' id='word_1_344' title='bbox 318 2616 392 2648; x_wconf 86' lang='lat' dir='ltr'><em>pace</em></span> <span class='ocrx_word' id='word_1_345' title='bbox 415 2607 560 2642; x_wconf 74' lang='lat' dir='ltr'><em>receditur</em></span> <span class='ocrx_word' id='word_1_346' title='bbox 581 2608 594 2642; x_wconf 67' lang='grc' dir='ltr'><strong><em>ἓ</em></strong></span> <span class='ocrx_word' id='word_1_347' title='bbox 620 2609 823 2651; x_wconf 70' lang='lat' dir='ltr'><em>‚Quacumque</em></span> <span class='ocrx_word' id='word_1_348' title='bbox 843 2612 971 2648; x_wconf 82' lang='lat' dir='ltr'><em>operatio</em></span> <span class='ocrx_word' id='word_1_349' title='bbox 990 2605 1028 2647; x_wconf 82' lang='lat' dir='ltr'><em>fir</em></span> <span class='ocrx_word' id='word_1_350' title='bbox 1042 2630 1053 2646; x_wconf 92' lang='lat'>,</span> <span class='ocrx_word' id='word_1_351' title='bbox 1079 2617 1137 2641; x_wconf 84' lang='lat' dir='ltr'><em>non</em></span> 
     </span>
     <span class='ocr_line' id='line_1_51' title="bbox 245 2655 1138 2701; baseline 0 -13"><span class='ocrx_word' id='word_1_352' title='bbox 245 2661 303 2690; x_wconf 78' lang='lat' dir='ltr'><em>erit</em></span> <span class='ocrx_word' id='word_1_353' title='bbox 315 2664 414 2697; x_wconf 80' lang='lat' dir='ltr'><em>potior</em></span> <span class='ocrx_word' id='word_1_354' title='bbox 424 2655 624 2699; x_wconf 83' lang='lat' dir='ltr'><em>observatione</em></span> <span class='ocrx_word' id='word_1_355' title='bbox 640 2660 784 2699; x_wconf 79' lang='lat' dir='ltr'><em>Praecepti</em></span> <span class='ocrx_word' id='word_1_356' title='bbox 797 2682 807 2697; x_wconf 92' lang='lat'>,</span> <span class='ocrx_word' id='word_1_357' title='bbox 834 2668 890 2701; x_wconf 82' lang='lat' dir='ltr'><em>quo</em></span> <span class='ocrx_word' id='word_1_358' title='bbox 893 2657 1036 2698; x_wconf 83' lang='lat' dir='ltr'><em>jubemur</em></span> <span class='ocrx_word' id='word_1_359' title='bbox 1050 2657 1138 2697; x_wconf 82' lang='lat' dir='ltr'><em>jeju-</em></span> 
     </span>
     <span class='ocr_line' id='line_1_52' title="bbox 244 2705 1138 2751; baseline 0.003 -15"><span class='ocrx_word' id='word_1_360' title='bbox 244 2711 297 2739; x_wconf 81' lang='lat' dir='ltr'><em>nia</em></span> <span class='ocrx_word' id='word_1_361' title='bbox 311 2705 406 2745; x_wconf 85' lang='lat' dir='ltr'><em>nostra</em></span> <span class='ocrx_word' id='word_1_362' title='bbox 415 2706 508 2739; x_wconf 85' lang='lat' dir='ltr'><em>celare</em></span> <span class='ocrx_word' id='word_1_363' title='bbox 519 2730 527 2737; x_wconf 90' lang='lat'>.</span> <span class='ocrx_word' id='word_1_364' title='bbox 551 2712 615 2741; x_wconf 81' lang='lat' dir='ltr'><em>lam</em></span> <span class='ocrx_word' id='word_1_365' title='bbox 625 2713 703 2741; x_wconf 84' lang='lat' dir='ltr'><em>enim</em></span> <span class='ocrx_word' id='word_1_366' title='bbox 715 2709 751 2743; x_wconf 89' lang='lat' dir='ltr'><em>de</em></span> <span class='ocrx_word' id='word_1_367' title='bbox 763 2706 940 2750; x_wconf 74' lang='lat' dir='ltr'><em>abstinentia</em></span> <span class='ocrx_word' id='word_1_368' title='bbox 953 2705 1038 2751; x_wconf 88' lang='lat' dir='ltr'><em>osculi</em></span> <span class='ocrx_word' id='word_1_369' title='bbox 1050 2717 1138 2750; x_wconf 87' lang='lat' dir='ltr'><em>agno·</em></span> 
     </span>
     <span class='ocr_line' id='line_1_53' title="bbox 240 2754 1137 2800; baseline 0.003 -14"><span class='ocrx_word' id='word_1_370' title='bbox 240 2754 350 2800; x_wconf 77' lang='lat' dir='ltr'><em>scimur</em></span> <span class='ocrx_word' id='word_1_371' title='bbox 356 2756 537 2796; x_wconf 57' lang='lat' dir='ltr'><em>jejunantes</em></span> <span class='ocrx_word' id='word_1_372' title='bbox 551 2776 559 2787; x_wconf 89' lang='lat'>.</span> <span class='ocrx_word' id='word_1_373' title='bbox 585 2758 643 2791; x_wconf 79' lang='lat' dir='ltr'><em>sed</em></span> <span class='ocrx_word' id='word_1_374' title='bbox 652 2755 704 2798; x_wconf 81' lang='lat' dir='ltr'><em>etfi</em></span> <span class='ocrx_word' id='word_1_375' title='bbox 717 2768 775 2800; x_wconf 89' lang='lat' dir='ltr'><em>qua</em></span> <span class='ocrx_word' id='word_1_376' title='bbox 796 2763 874 2793; x_wconf 84' lang='lat' dir='ltr'><em>ratio</em></span> <span class='ocrx_word' id='word_1_377' title='bbox 893 2756 931 2796; x_wconf 87' lang='lat' dir='ltr'><em>est</em></span> <span class='ocrx_word' id='word_1_378' title='bbox 944 2780 954 2796; x_wconf 91' lang='lat'>‚</span> <span class='ocrx_word' id='word_1_379' title='bbox 981 2768 1017 2789; x_wconf 90' lang='lat' dir='ltr'><em>ne</em></span> <span class='ocrx_word' id='word_1_380' title='bbox 1035 2765 1137 2789; x_wconf 85' lang='lat' dir='ltr'><em>tamen</em></span> 
     </span>
     <span class='ocr_line' id='line_1_54' title="bbox 245 2803 1137 2852; baseline 0.002 -15"><span class='ocrx_word' id='word_1_381' title='bbox 245 2804 312 2838; x_wconf 82' lang='lat' dir='ltr'><em>huic</em></span> <span class='ocrx_word' id='word_1_382' title='bbox 326 2807 479 2846; x_wconf 84' lang='lat' dir='ltr'><em>Praecepto</em></span> <span class='ocrx_word' id='word_1_383' title='bbox 505 2814 570 2837; x_wconf 86' lang='lat' dir='ltr'><em>reus</em></span> <span class='ocrx_word' id='word_1_384' title='bbox 573 2803 637 2845; x_wconf 84' lang='lat' dir='ltr'><em>fis,</em></span> <span class='ocrx_word' id='word_1_385' title='bbox 661 2814 746 2846; x_wconf 81' lang='lat' dir='ltr'><em>potes</em></span> <span class='ocrx_word' id='word_1_386' title='bbox 771 2808 870 2848; x_wconf 79' lang='lat' dir='ltr'><em>dorni,</em></span> <span class='ocrx_word' id='word_1_387' title='bbox 889 2805 1031 2852; x_wconf 54' lang='lat' dir='ltr'><em>lismoi,</em></span> <span class='ocrx_word' id='word_1_388' title='bbox 1058 2812 1137 2839; x_wconf 84' lang='lat' dir='ltr'><em>inter-</em></span> 
     </span>
     <span class='ocr_line' id='line_1_55' title="bbox 248 2855 1138 2898; baseline 0.004 -11"><span class='ocrx_word' id='word_1_389' title='bbox 248 2867 320 2898; x_wconf 86' lang='lat' dir='ltr'><em>quos</em></span> <span class='ocrx_word' id='word_1_390' title='bbox 332 2856 425 2887; x_wconf 85' lang='lat' dir='ltr'><em>latere</em></span> <span class='ocrx_word' id='word_1_391' title='bbox 428 2855 583 2896; x_wconf 79' lang='lat' dir='ltr'><em>jejunium</em></span> <span class='ocrx_word' id='word_1_392' title='bbox 594 2858 625 2888; x_wconf 87' lang='lat' dir='ltr'><em>in</em></span> <span class='ocrx_word' id='word_1_393' title='bbox 635 2862 727 2887; x_wconf 89' lang='lat' dir='ltr'><em>totum</em></span> <span class='ocrx_word' id='word_1_394' title='bbox 739 2867 796 2888; x_wconf 89' lang='lat' dir='ltr'><em>non</em></span> <span class='ocrx_word' id='word_1_395' title='bbox 807 2858 899 2890; x_wconf 84' lang='lat' dir='ltr'><em>datur</em></span> <span class='ocrx_word' id='word_1_396' title='bbox 908 2881 919 2897; x_wconf 92' lang='lat'>,</span> <span class='ocrx_word' id='word_1_397' title='bbox 945 2855 1065 2897; x_wconf 75' lang='lat' dir='ltr'><em>differre</em></span> <span class='ocrx_word' id='word_1_398' title='bbox 1080 2864 1138 2898; x_wconf 84' lang='lat' dir='ltr'><em>pa-</em></span> 
     </span>
     <span class='ocr_line' id='line_1_56' title="bbox 246 2904 1137 2949; baseline 0 -10"><span class='ocrx_word' id='word_1_399' title='bbox 246 2917 307 2940; x_wconf 85' lang='lat' dir='ltr'><em>cem</em></span> <span class='ocrx_word' id='word_1_400' title='bbox 319 2931 324 2936; x_wconf 95' lang='lat'>.</span> <span class='ocrx_word' id='word_1_401' title='bbox 339 2905 515 2948; x_wconf 72' lang='lat' dir='ltr'><em>Ubicumque</em></span> <span class='ocrx_word' id='word_1_402' title='bbox 525 2912 625 2939; x_wconf 86' lang='lat' dir='ltr'><em>autem</em></span> <span class='ocrx_word' id='word_1_403' title='bbox 637 2904 711 2937; x_wconf 82' lang='lat' dir='ltr'><em>alibi</em></span> <span class='ocrx_word' id='word_1_404' title='bbox 721 2910 917 2946; x_wconf 77' lang='lat' dir='ltr'><em>operationem</em></span> <span class='ocrx_word' id='word_1_405' title='bbox 926 2914 1009 2938; x_wconf 86' lang='lat' dir='ltr'><em>tuam</em></span> <span class='ocrx_word' id='word_1_406' title='bbox 1019 2905 1137 2949; x_wconf 88' lang='lat' dir='ltr'><em>abscon-</em></span> 
     </span>
     <span class='ocr_line' id='line_1_57' title="bbox 246 2953 1136 2996; baseline 0.002 -9"><span class='ocrx_word' id='word_1_407' title='bbox 246 2958 316 2990; x_wconf 84' lang='lat' dir='ltr'><em>dere</em></span> <span class='ocrx_word' id='word_1_408' title='bbox 327 2966 383 2987; x_wconf 88' lang='lat' dir='ltr'><em>non</em></span> <span class='ocrx_word' id='word_1_409' title='bbox 390 2963 475 2996; x_wconf 82' lang='lat' dir='ltr'><em>potes</em></span> <span class='ocrx_word' id='word_1_410' title='bbox 486 2978 497 2994; x_wconf 83' lang='lat'>‚</span> <span class='ocrx_word' id='word_1_411' title='bbox 515 2953 603 2988; x_wconf 86' lang='lat' dir='ltr'><em>debes</em></span> <span class='ocrx_word' id='word_1_412' title='bbox 616 2955 771 2996; x_wconf 78' lang='lat' dir='ltr'><em>meminisse</em></span> <span class='ocrx_word' id='word_1_413' title='bbox 785 2956 932 2995; x_wconf 84' lang='lat' dir='ltr'><em>Praeceptr&#39;</em></span> <span class='ocrx_word' id='word_1_414' title='bbox 946 2979 953 2987; x_wconf 83' lang='lat'><em>.</em></span> <span class='ocrx_word' id='word_1_415' title='bbox 980 2958 1029 2987; x_wconf 80' lang='lat' dir='ltr'><em>Ita</em></span> <span class='ocrx_word' id='word_1_416' title='bbox 1041 2957 1076 2989; x_wconf 73' lang='lat' dir='ltr'><em>e·</em></span> <span class='ocrx_word' id='word_1_417' title='bbox 1092 2958 1136 2990; x_wconf 82' lang='lat' dir='ltr'><em>di-</em></span> 
     </span>
     <span class='ocr_line' id='line_1_58' title="bbox 242 2998 1136 3050; baseline 0.002 -13"><span class='ocrx_word' id='word_1_418' title='bbox 242 3003 379 3050; x_wconf 81' lang='lat' dir='ltr'><em>sciplinae</em></span> <span class='ocrx_word' id='word_1_419' title='bbox 387 2998 494 3046; x_wconf 65' lang='lat' dir='ltr'><em>foris&#39;,</em></span> <span class='ocrx_word' id='word_1_420' title='bbox 519 3005 553 3039; x_wconf 66' lang='lat'><em>&lt;5</em></span> <span class='ocrx_word' id='word_1_421' title='bbox 565 3002 765 3047; x_wconf 81' lang='lat' dir='ltr'><em>consuetudini</em></span> <span class='ocrx_word' id='word_1_422' title='bbox 778 3005 857 3037; x_wconf 87' lang='lat' dir='ltr'><em>domi</em></span> <span class='ocrx_word' id='word_1_423' title='bbox 866 3002 1060 3046; x_wconf 81' lang='lat' dir='ltr'><em>satisfacies.</em></span> <span class='ocrx_word' id='word_1_424' title='bbox 1089 3009 1136 3040; x_wconf 83' lang='lat' dir='ltr'><em>sic</em></span> 
     </span>
     <span class='ocr_line' id='line_1_59' title="bbox 249 3053 1132 3099; baseline -0.002 -10"><span class='ocrx_word' id='word_1_425' title='bbox 249 3056 283 3089; x_wconf 60' lang='grc' dir='ltr'><em>(θ’</em></span> <span class='ocrx_word' id='word_1_426' title='bbox 294 3056 342 3089; x_wconf 79' lang='lat' dir='ltr'><em>die</em></span> <span class='ocrx_word' id='word_1_427' title='bbox 357 3053 498 3099; x_wconf 83' lang='lat' dir='ltr'><em>Paschae,</em></span> <span class='ocrx_word' id='word_1_428' title='bbox 524 3065 580 3096; x_wconf 88' lang='lat' dir='ltr'><em>quo</em></span> <span class='ocrx_word' id='word_1_429' title='bbox 590 3059 748 3088; x_wconf 81' lang='lat' dir='ltr'><em>communis</em></span> <span class='ocrx_word' id='word_1_430' title='bbox 760 3053 888 3096; x_wconf 71' lang='lat' dir='ltr'><em>&amp;quasi</em></span> <span class='ocrx_word' id='word_1_431' title='bbox 889 3053 1006 3095; x_wconf 81' lang='lat' dir='ltr'><em>publica</em></span> <span class='ocrx_word' id='word_1_432' title='bbox 1021 3056 1132 3095; x_wconf 77' lang='lat' dir='ltr'><em>jejunii</em></span> 
     </span>
     <span class='ocr_line' id='line_1_60' title="bbox 249 3102 1134 3147; baseline 0.001 -10"><span class='ocrx_word' id='word_1_433' title='bbox 249 3104 349 3147; x_wconf 82' lang='lat' dir='ltr'><em>religio</em></span> <span class='ocrx_word' id='word_1_434' title='bbox 361 3103 399 3143; x_wconf 86' lang='lat' dir='ltr'><em>est</em></span> <span class='ocrx_word' id='word_1_435' title='bbox 409 3130 419 3145; x_wconf 94' lang='lat'>,</span> <span class='ocrx_word' id='word_1_436' title='bbox 444 3107 549 3138; x_wconf 73' lang='lat' dir='ltr'><em>merito</em></span> <span class='ocrx_word' id='word_1_437' title='bbox 563 3106 735 3145; x_wconf 84' lang='lat' dir='ltr'><em>deponimus</em></span> <span class='ocrx_word' id='word_1_438' title='bbox 746 3102 870 3146; x_wconf 85' lang='lat' dir='ltr'><em>osculum</em></span> <span class='ocrx_word' id='word_1_439' title='bbox 880 3127 892 3143; x_wconf 93' lang='lat'>,</span> <span class='ocrx_word' id='word_1_440' title='bbox 911 3103 988 3140; x_wconf 81' lang='lat' dir='ltr'><em>nibil</em></span> <span class='ocrx_word' id='word_1_441' title='bbox 997 3114 1134 3143; x_wconf 73' lang='lat' dir='ltr'><em>curantes</em></span> 
     </span>
     <span class='ocr_line' id='line_1_61' title="bbox 251 3153 984 3199; baseline -0.003 -11"><span class='ocrx_word' id='word_1_442' title='bbox 251 3154 290 3188; x_wconf 79' lang='lat' dir='ltr'><em>de</em></span> <span class='ocrx_word' id='word_1_443' title='bbox 303 3154 467 3187; x_wconf 76' lang='lat' dir='ltr'><em>occultando</em></span> <span class='ocrx_word' id='word_1_444' title='bbox 476 3179 486 3195; x_wconf 89' lang='lat'>‚</span> <span class='ocrx_word' id='word_1_445' title='bbox 514 3156 594 3199; x_wconf 84' lang='lat' dir='ltr'><em>quod</em></span> <span class='ocrx_word' id='word_1_446' title='bbox 601 3165 664 3189; x_wconf 92' lang='lat' dir='ltr'><em>cum</em></span> <span class='ocrx_word' id='word_1_447' title='bbox 674 3153 808 3188; x_wconf 86' lang='lat' dir='ltr'><em>omnibus</em></span> <span class='ocrx_word' id='word_1_448' title='bbox 813 3153 965 3195; x_wconf 84' lang='lat' dir='ltr'><em>faciamus</em></span> <span class='ocrx_word' id='word_1_449' title='bbox 976 3178 984 3186; x_wconf 90' lang='lat'><em>.</em></span> 
     </span>
    </p>

    <p class='ocr_par' dir='ltr' id='par_1_3' title="bbox 250 3202 1133 3450">
     <span class='ocr_line' id='line_1_62' title="bbox 302 3202 1132 3248; baseline 0.002 -11"><span class='ocrx_word' id='word_1_450' title='bbox 302 3204 354 3237; x_wconf 89' lang='lat' dir='ltr'><em>Eo</em></span> <span class='ocrx_word' id='word_1_451' title='bbox 366 3214 513 3247; x_wconf 83' lang='lat' dir='ltr'><em>tempore</em></span> <span class='ocrx_word' id='word_1_452' title='bbox 523 3214 614 3238; x_wconf 86' lang='lat' dir='ltr'><em>erant</em></span> <span class='ocrx_word' id='word_1_453' title='bbox 626 3214 689 3240; x_wconf 86' lang='lat' dir='ltr'><em>tres</em></span> <span class='ocrx_word' id='word_1_454' title='bbox 699 3203 811 3248; x_wconf 84' lang='lat' dir='ltr'><em>jejunii</em></span> <span class='ocrx_word' id='word_1_455' title='bbox 826 3203 946 3246; x_wconf 87' lang='lat' dir='ltr'><em>species</em></span> <span class='ocrx_word' id='word_1_456' title='bbox 958 3216 965 3235; x_wconf 90' lang='lat'><strong>:</strong></span> <span class='ocrx_word' id='word_1_457' title='bbox 995 3202 1132 3242; x_wconf 87' lang='lat' dir='ltr'><em>Plenum</em></span> 
     </span>
     <span class='ocr_line' id='line_1_63' title="bbox 250 3253 1133 3298; baseline 0.002 -11"><span class='ocrx_word' id='word_1_458' title='bbox 250 3265 289 3287; x_wconf 89' lang='lat' dir='ltr'><em>ac</em></span> <span class='ocrx_word' id='word_1_459' title='bbox 310 3265 350 3287; x_wconf 83' lang='lat' dir='ltr'><em>ex</em></span> <span class='ocrx_word' id='word_1_460' title='bbox 363 3253 442 3296; x_wconf 87' lang='lat' dir='ltr'><em>legis</em></span> <span class='ocrx_word' id='word_1_461' title='bbox 453 3254 616 3297; x_wconf 78' lang='lat' dir='ltr'><em>Praecepto</em></span> <span class='ocrx_word' id='word_1_462' title='bbox 639 3254 837 3293; x_wconf 78' lang='lat' dir='ltr'><em>universale,</em></span> <span class='ocrx_word' id='word_1_463' title='bbox 865 3253 1075 3298; x_wconf 84' lang='lat' dir='ltr'><em>semiplenum</em></span> <span class='ocrx_word' id='word_1_464' title='bbox 1096 3266 1133 3290; x_wconf 77' lang='lat' dir='ltr'><em>ac</em></span> 
     </span>
     <span class='ocr_line' id='line_1_64' title="bbox 251 3303 1131 3347; baseline 0.002 -9"><span class='ocrx_word' id='word_1_465' title='bbox 251 3315 292 3338; x_wconf 87' lang='lat' dir='ltr'><em>ex</em></span> <span class='ocrx_word' id='word_1_466' title='bbox 315 3303 469 3347; x_wconf 85' lang='lat' dir='ltr'>Episcopi</span> <span class='ocrx_word' id='word_1_467' title='bbox 490 3303 613 3340; x_wconf 68' lang='lat' dir='ltr'><em>indistu</em></span> <span class='ocrx_word' id='word_1_468' title='bbox 630 3329 641 3345; x_wconf 85' lang='lat'><strong>,</strong></span> <span class='ocrx_word' id='word_1_469' title='bbox 667 3314 722 3340; x_wconf 86' lang='lat' dir='ltr'><em>aut</em></span> <span class='ocrx_word' id='word_1_470' title='bbox 749 3305 918 3339; x_wconf 83' lang='lat' dir='ltr'><em>communi</em></span> <span class='ocrx_word' id='word_1_471' title='bbox 937 3304 1057 3346; x_wconf 87' lang='lat' dir='ltr'><em>pietate</em></span> <span class='ocrx_word' id='word_1_472' title='bbox 1074 3304 1131 3340; x_wconf 82' lang='lat' dir='ltr'><em>sta-</em></span> 
     </span>
     <span class='ocr_line' id='line_1_65' title="bbox 251 3352 1131 3398; baseline 0.005 -12"><span class='ocrx_word' id='word_1_473' title='bbox 251 3354 450 3393; x_wconf 83' lang='lat' dir='ltr'><em>tionarium,</em></span> <span class='ocrx_word' id='word_1_474' title='bbox 477 3353 510 3387; x_wconf 86' lang='lat'>&amp;</span> <span class='ocrx_word' id='word_1_475' title='bbox 532 3354 695 3397; x_wconf 84' lang='lat' dir='ltr'><em>privatum</em></span> <span class='ocrx_word' id='word_1_476' title='bbox 715 3367 752 3389; x_wconf 86' lang='lat' dir='ltr'><em>ac</em></span> <span class='ocrx_word' id='word_1_477' title='bbox 777 3353 908 3398; x_wconf 87' lang='lat' dir='ltr'><em>proprio</em></span> <span class='ocrx_word' id='word_1_478' title='bbox 934 3352 1064 3388; x_wconf 88' lang='lat' dir='ltr'><em>arbitrio</em></span> <span class='ocrx_word' id='word_1_479' title='bbox 1086 3357 1131 3390; x_wconf 75' lang='lat' dir='ltr'><em>as-</em></span> 
     </span>
     <span class='ocr_line' id='line_1_66' title="bbox 252 3401 1131 3450; baseline 0.003 -12"><span class='ocrx_word' id='word_1_480' title='bbox 252 3403 416 3450; x_wconf 71' lang='lat' dir='ltr'><em>sumptum</em></span> <span class='ocrx_word' id='word_1_481' title='bbox 439 3429 446 3438; x_wconf 84' lang='lat'><strong>.</strong></span> <span class='ocrx_word' id='word_1_482' title='bbox 474 3402 536 3440; x_wconf 85' lang='lat' dir='ltr'><em>Per</em></span> <span class='ocrx_word' id='word_1_483' title='bbox 562 3401 692 3440; x_wconf 83' lang='lat' dir='ltr'><em>Paschae</em></span> <span class='ocrx_word' id='word_1_484' title='bbox 717 3403 805 3441; x_wconf 85' lang='lat' dir='ltr'><em>diem</em></span> <span class='ocrx_word' id='word_1_485' title='bbox 831 3404 1057 3441; x_wconf 78' lang='lat' dir='ltr'><em>Tertullianus</em></span> <span class='ocrx_word' id='word_1_486' title='bbox 1076 3403 1131 3442; x_wconf 82' lang='lat' dir='ltr'><em>hic</em></span> 
     </span>
    </p>
   </div>
   <div class='ocr_carea' id='block_1_3' title="bbox 1193 125 1431 175">
    <p class='ocr_par' dir='ltr' id='par_1_4' title="bbox 1193 125 1431 175">
     <span class='ocr_line' id='line_1_67' title="bbox 1193 125 1431 175; baseline 0 0"><span class='ocrx_word' id='word_1_487' title='bbox 1193 125 1431 175; x_wconf 66' lang='lat' dir='ltr'><em>Noui</em></span> 
     </span>
    </p>
   </div>
   <div class='ocr_carea' id='block_1_4' title="bbox 1502 126 2014 185">
    <p class='ocr_par' dir='ltr' id='par_1_5' title="bbox 1502 126 2014 185">
     <span class='ocr_line' id='line_1_68' title="bbox 1502 126 2014 185; baseline 0.021 -19"><span class='ocrx_word' id='word_1_488' title='bbox 1502 126 1800 176; x_wconf 72' lang='lat' dir='ltr'><em>Acrls.</em></span> <span class='ocrx_word' id='word_1_489' title='bbox 1928 133 2014 185; x_wconf 84' lang='lat'><em>381</em></span> 
     </span>
    </p>
   </div>
   <div class='ocr_carea' id='block_1_5' title="bbox 1194 207 2255 3400">
    <p class='ocr_par' dir='ltr' id='par_1_6' title="bbox 1202 207 2255 502">
     <span class='ocr_line' id='line_1_69' title="bbox 1204 207 2088 255; baseline 0.005 -14"><span class='ocrx_word' id='word_1_490' title='bbox 1204 207 1360 253; x_wconf 85' lang='lat' dir='ltr'><em>intelligit</em></span> <span class='ocrx_word' id='word_1_491' title='bbox 1371 207 1494 247; x_wconf 77' lang='lat' dir='ltr'><em>sextam</em></span> <span class='ocrx_word' id='word_1_492' title='bbox 1505 219 1632 253; x_wconf 82' lang='lat' dir='ltr'><em>magnae</em></span> <span class='ocrx_word' id='word_1_493' title='bbox 1653 208 1969 252; x_wconf 69' lang='lat' dir='ltr'><em>septimanaeseriam</em></span> <span class='ocrx_word' id='word_1_494' title='bbox 1982 234 1993 249; x_wconf 95' lang='lat'>‚</span> <span class='ocrx_word' id='word_1_495' title='bbox 2018 225 2088 255; x_wconf 78' lang='lat' dir='ltr'><em>quae</em></span> 
     </span>
     <span class='ocr_line' id='line_1_70' title="bbox 1202 258 2088 304; baseline 0.007 -14"><span class='ocrx_word' id='word_1_496' title='bbox 1202 258 1269 295; x_wconf 86' lang='lat' dir='ltr'><em>sola</em></span> <span class='ocrx_word' id='word_1_497' title='bbox 1280 267 1361 297; x_wconf 86' lang='lat' dir='ltr'><em>tunc</em></span> <span class='ocrx_word' id='word_1_498' title='bbox 1372 269 1427 302; x_wconf 89' lang='lat' dir='ltr'><em>per</em></span> <span class='ocrx_word' id='word_1_499' title='bbox 1440 269 1549 297; x_wconf 78' lang='lat' dir='ltr'><em>totum</em></span> <span class='ocrx_word' id='word_1_500' title='bbox 1559 270 1685 295; x_wconf 88' lang='lat' dir='ltr'><em>annum</em></span> <span class='ocrx_word' id='word_1_501' title='bbox 1698 260 1825 294; x_wconf 87' lang='lat' dir='ltr'><em>videtur</em></span> <span class='ocrx_word' id='word_1_502' title='bbox 1848 271 1999 304; x_wconf 77' lang='lat' dir='ltr'><em>praecePta</em></span> <span class='ocrx_word' id='word_1_503' title='bbox 2010 261 2088 304; x_wconf 86' lang='lat' dir='ltr'><em>jeju-</em></span> 
     </span>
     <span class='ocr_line' id='line_1_71' title="bbox 1206 308 2088 355; baseline 0.006 -15"><span class='ocrx_word' id='word_1_504' title='bbox 1206 308 1273 345; x_wconf 79' lang='lat' dir='ltr'><em>nari</em></span> <span class='ocrx_word' id='word_1_505' title='bbox 1296 332 1304 340; x_wconf 87' lang='lat'><strong>.</strong></span> <span class='ocrx_word' id='word_1_506' title='bbox 1331 308 1425 346; x_wconf 87' lang='lat' dir='ltr'><em>Hinc</em></span> <span class='ocrx_word' id='word_1_507' title='bbox 1452 310 1543 349; x_wconf 83' lang='lat' dir='ltr'><em>enim</em></span> <span class='ocrx_word' id='word_1_508' title='bbox 1568 311 1667 349; x_wconf 80' lang='lat' dir='ltr'><em>etiam</em></span> <span class='ocrx_word' id='word_1_509' title='bbox 1692 309 1732 343; x_wconf 87' lang='lat' dir='ltr'><em>ad</em></span> <span class='ocrx_word' id='word_1_510' title='bbox 1754 310 1958 349; x_wconf 84' lang='lat' dir='ltr'><em>Montanum</em></span> <span class='ocrx_word' id='word_1_511' title='bbox 1982 312 2088 355; x_wconf 83' lang='lat' dir='ltr'><em>lapsus</em></span> 
     </span>
     <span class='ocr_line' id='line_1_72' title="bbox 1204 356 2255 409; baseline 0.004 -19"><span class='ocrx_word' id='word_1_512' title='bbox 1204 356 1313 392; x_wconf 88' lang='lat' dir='ltr'><em>scribit</em></span> <span class='ocrx_word' id='word_1_513' title='bbox 1335 358 1371 392; x_wconf 86' lang='lat' dir='ltr'><em>in</em></span> <span class='ocrx_word' id='word_1_514' title='bbox 1396 357 1481 392; x_wconf 85' lang='lat' dir='ltr'><em>libro</em></span> <span class='ocrx_word' id='word_1_515' title='bbox 1504 358 1546 393; x_wconf 88' lang='lat' dir='ltr'><em>de</em></span> <span class='ocrx_word' id='word_1_516' title='bbox 1566 359 1716 402; x_wconf 72' lang='lat' dir='ltr'><em>jejuniis.7</em></span> <span class='ocrx_word' id='word_1_517' title='bbox 1742 362 1896 403; x_wconf 80' lang='lat' dir='ltr'><em>,Quartam</em></span> <span class='ocrx_word' id='word_1_518' title='bbox 1915 361 1949 401; x_wconf 61' lang='grc' dir='ltr'>ψ</span> <span class='ocrx_word' id='word_1_519' title='bbox 1965 359 2088 405; x_wconf 51' lang='lat' dir='ltr'><em>statam</em></span> <span class='ocrx_word' id='word_1_520' title='bbox 2107 371 2179 409; x_wconf 67' lang='lat' dir='ltr'><em>Qp,</em></span> <span class='ocrx_word' id='word_1_521' title='bbox 2213 379 2255 405; x_wconf 80' lang='lat'><em>¹4.</em></span> 
     </span>
     <span class='ocr_line' id='line_1_73' title="bbox 1205 407 2088 457; baseline 0.009 -18"><span class='ocrx_word' id='word_1_522' title='bbox 1205 407 1348 447; x_wconf 80' lang='lat' dir='ltr'><em>sabbathi</em></span> <span class='ocrx_word' id='word_1_523' title='bbox 1357 408 1534 449; x_wconf 78' lang='lat' dir='ltr'><em>stationibus</em></span> <span class='ocrx_word' id='word_1_524' title='bbox 1550 410 1703 451; x_wconf 82' lang='lat' dir='ltr'><em>dicamus,</em></span> <span class='ocrx_word' id='word_1_525' title='bbox 1732 409 1926 453; x_wconf 74' lang='lat' dir='ltr'><em>parascevem</em></span> <span class='ocrx_word' id='word_1_526' title='bbox 1938 436 1949 452; x_wconf 90' lang='lat'>‚</span> <span class='ocrx_word' id='word_1_527' title='bbox 1977 411 2010 452; x_wconf 72' lang='lat' dir='ltr'><em>id</em></span> <span class='ocrx_word' id='word_1_528' title='bbox 2023 413 2088 457; x_wconf 67' lang='lat' dir='ltr'><em>est,</em></span> 
     </span>
     <span class='ocr_line' id='line_1_74' title="bbox 1205 459 2089 502; baseline 0.006 -10"><span class='ocrx_word' id='word_1_529' title='bbox 1205 469 1360 502; x_wconf 88' lang='lat' dir='ltr'><em>magnam</em></span> <span class='ocrx_word' id='word_1_530' title='bbox 1370 459 1494 494; x_wconf 79' lang='lat' dir='ltr'><em>sextam</em></span> <span class='ocrx_word' id='word_1_531' title='bbox 1508 459 1644 500; x_wconf 82' lang='lat' dir='ltr'><em>feriam,</em></span> <span class='ocrx_word' id='word_1_532' title='bbox 1663 462 1810 502; x_wconf 76' lang='lat' dir='ltr'><em>jejuniis.</em></span> <span class='ocrx_word' id='word_1_533' title='bbox 1839 460 1882 495; x_wconf 87' lang='lat' dir='ltr'><em>Et</em></span> <span class='ocrx_word' id='word_1_534' title='bbox 1906 462 1940 493; x_wconf 91' lang='lat' dir='ltr'><em>in</em></span> <span class='ocrx_word' id='word_1_535' title='bbox 1963 460 2025 499; x_wconf 85' lang='lat' dir='ltr'><em>hac</em></span> <span class='ocrx_word' id='word_1_536' title='bbox 2044 464 2089 499; x_wconf 83' lang='lat' dir='ltr'><em>fe-</em></span> 
     </span>
    </p>

    <p class='ocr_par' dir='ltr' id='par_1_7' title="bbox 1204 507 2091 553">
     <span class='ocr_line' id='line_1_75' title="bbox 1204 507 2091 553; baseline 0.009 -13"><span class='ocrx_word' id='word_1_537' title='bbox 1204 507 1249 541; x_wconf 89' lang='lat' dir='ltr'><em>ria</em></span> <span class='ocrx_word' id='word_1_538' title='bbox 1263 533 1274 550; x_wconf 91' lang='lat'>‚</span> <span class='ocrx_word' id='word_1_539' title='bbox 1299 508 1390 553; x_wconf 81' lang='lat' dir='ltr'><em>quod</em></span> <span class='ocrx_word' id='word_1_540' title='bbox 1402 510 1587 547; x_wconf 87' lang='lat' dir='ltr'><em>communis</em></span> <span class='ocrx_word' id='word_1_541' title='bbox 1597 511 1630 543; x_wconf 78' lang='grc' dir='ltr'>ἀ</span> <span class='ocrx_word' id='word_1_542' title='bbox 1642 510 1771 553; x_wconf 88' lang='lat' dir='ltr'><em>publica</em></span> <span class='ocrx_word' id='word_1_543' title='bbox 1786 510 1863 549; x_wconf 78' lang='lat' dir='ltr'><em>esset</em></span> <span class='ocrx_word' id='word_1_544' title='bbox 1885 509 1997 553; x_wconf 84' lang='lat' dir='ltr'><em>jejunii</em></span> <span class='ocrx_word' id='word_1_545' title='bbox 2017 513 2091 547; x_wconf 89' lang='lat' dir='ltr'><em>reli-</em></span> 
     </span>
    </p>

    <p class='ocr_par' dir='ltr' id='par_1_8' title="bbox 1203 553 2089 609">
     <span class='ocr_line' id='line_1_76' title="bbox 1203 553 2089 609; baseline 0.007 -19"><span class='ocrx_word' id='word_1_546' title='bbox 1203 553 1284 602; x_wconf 85' lang='lat' dir='ltr'><em>gio,</em></span> <span class='ocrx_word' id='word_1_547' title='bbox 1309 570 1379 595; x_wconf 86' lang='lat' dir='ltr'><em>non</em></span> <span class='ocrx_word' id='word_1_548' title='bbox 1392 559 1548 606; x_wconf 74' lang='lat' dir='ltr'><em>plenum,</em></span> <span class='ocrx_word' id='word_1_549' title='bbox 1575 560 1810 600; x_wconf 84' lang='lat' dir='ltr'><em>seddumtaxat</em></span> <span class='ocrx_word' id='word_1_550' title='bbox 1820 572 1863 594; x_wconf 85' lang='lat' dir='ltr'><em>ex</em></span> <span class='ocrx_word' id='word_1_551' title='bbox 1884 558 2089 609; x_wconf 67' lang='lat' dir='ltr'><em>Praesanstifi-</em></span> 
     </span>
    </p>

    <p class='ocr_par' dir='ltr' id='par_1_9' title="bbox 1204 607 2090 704">
     <span class='ocr_line' id='line_1_77' title="bbox 1204 607 2090 654; baseline 0.006 -13"><span class='ocrx_word' id='word_1_552' title='bbox 1204 610 1286 647; x_wconf 86' lang='lat' dir='ltr'><em>catis</em></span> <span class='ocrx_word' id='word_1_553' title='bbox 1300 607 1398 647; x_wconf 85' lang='lat' dir='ltr'><em>fiebat</em></span> <span class='ocrx_word' id='word_1_554' title='bbox 1411 609 1601 648; x_wconf 85' lang='lat' dir='ltr'><em>sacrificium</em></span> <span class='ocrx_word' id='word_1_555' title='bbox 1614 634 1626 650; x_wconf 90' lang='lat'>‚</span> <span class='ocrx_word' id='word_1_556' title='bbox 1652 611 1687 645; x_wconf 70' lang='grc' dir='ltr'><em>ὅ(</em></span> <span class='ocrx_word' id='word_1_557' title='bbox 1697 611 1837 654; x_wconf 89' lang='lat' dir='ltr'><em>populus</em></span> <span class='ocrx_word' id='word_1_558' title='bbox 1850 621 1919 651; x_wconf 80' lang='lat' dir='ltr'><em>non</em></span> <span class='ocrx_word' id='word_1_559' title='bbox 1939 623 2090 647; x_wconf 89' lang='lat' dir='ltr'><em>commu-</em></span> 
     </span>
     <span class='ocr_line' id='line_1_78' title="bbox 1205 658 2089 704; baseline 0.008 -14"><span class='ocrx_word' id='word_1_560' title='bbox 1205 658 1355 692; x_wconf 85' lang='lat' dir='ltr'><em>nicabat.</em></span> <span class='ocrx_word' id='word_1_561' title='bbox 1383 658 1482 692; x_wconf 68' lang='lat' dir='ltr'><em>Adeo</em></span> <span class='ocrx_word' id='word_1_562' title='bbox 1508 659 1643 702; x_wconf 88' lang='lat' dir='ltr'><em>antiqua</em></span> <span class='ocrx_word' id='word_1_563' title='bbox 1667 660 1713 694; x_wconf 84' lang='lat' dir='ltr'><em>est</em></span> <span class='ocrx_word' id='word_1_564' title='bbox 1735 659 1823 703; x_wconf 88' lang='lat' dir='ltr'>haec,</span> <span class='ocrx_word' id='word_1_565' title='bbox 1854 673 1910 704; x_wconf 90' lang='lat' dir='ltr'><em>per</em></span> <span class='ocrx_word' id='word_1_566' title='bbox 1928 661 2089 702; x_wconf 74' lang='lat' dir='ltr'><em>innocen-</em></span> 
     </span>
    </p>

    <p class='ocr_par' dir='ltr' id='par_1_10' title="bbox 1202 707 2091 801">
     <span class='ocr_line' id='line_1_79' title="bbox 1203 707 2089 753; baseline 0.009 -13"><span class='ocrx_word' id='word_1_567' title='bbox 1203 708 1288 746; x_wconf 76' lang='lat' dir='ltr'><em>tium</em></span> <span class='ocrx_word' id='word_1_568' title='bbox 1309 707 1451 751; x_wconf 88' lang='lat' dir='ltr'><em>primum</em></span> <span class='ocrx_word' id='word_1_569' title='bbox 1472 708 1672 746; x_wconf 88' lang='lat' dir='ltr'><em>Pontificem</em></span> <span class='ocrx_word' id='word_1_570' title='bbox 1693 733 1705 748; x_wconf 89' lang='lat'>‚</span> <span class='ocrx_word' id='word_1_571' title='bbox 1733 722 1803 748; x_wconf 87' lang='lat' dir='ltr'><em>non</em></span> <span class='ocrx_word' id='word_1_572' title='bbox 1831 711 1961 746; x_wconf 69' lang='lat' dir='ltr'><em>indueta</em></span> <span class='ocrx_word' id='word_1_573' title='bbox 1982 738 1993 753; x_wconf 93' lang='lat'>‚</span> <span class='ocrx_word' id='word_1_574' title='bbox 2032 713 2089 748; x_wconf 83' lang='lat' dir='ltr'><em>sed</em></span> 
     </span>
     <span class='ocr_line' id='line_1_80' title="bbox 1202 756 2091 801; baseline 0.007 -10"><span class='ocrx_word' id='word_1_575' title='bbox 1202 757 1373 791; x_wconf 83' lang='lat' dir='ltr'><em>dumtaxat</em></span> <span class='ocrx_word' id='word_1_576' title='bbox 1386 756 1510 795; x_wconf 84' lang='lat' dir='ltr'><em>firmata</em></span> <span class='ocrx_word' id='word_1_577' title='bbox 1523 767 1579 794; x_wconf 80' lang='lat' dir='ltr'><em>aut</em></span> <span class='ocrx_word' id='word_1_578' title='bbox 1596 768 1738 800; x_wconf 88' lang='lat' dir='ltr'><em>reparata</em></span> <span class='ocrx_word' id='word_1_579' title='bbox 1749 763 1936 798; x_wconf 81' lang='lat' dir='ltr'><em>caeremonia</em></span> <span class='ocrx_word' id='word_1_580' title='bbox 1948 786 1955 794; x_wconf 90' lang='lat'><strong>.</strong></span> <span class='ocrx_word' id='word_1_581' title='bbox 1984 762 2091 801; x_wconf 71' lang='lat' dir='ltr'><em>Lucet</em></span> 
     </span>
    </p>

    <p class='ocr_par' dir='ltr' id='par_1_11' title="bbox 1203 805 2091 852">
     <span class='ocr_line' id='line_1_81' title="bbox 1203 805 2091 852; baseline 0.007 -13"><span class='ocrx_word' id='word_1_582' title='bbox 1203 818 1243 840; x_wconf 85' lang='lat' dir='ltr'><em>ex</em></span> <span class='ocrx_word' id='word_1_583' title='bbox 1255 805 1521 850; x_wconf 72' lang='lat' dir='ltr'><em>subsequentibus</em></span> <span class='ocrx_word' id='word_1_584' title='bbox 1530 808 1680 851; x_wconf 85' lang='lat' dir='ltr'><em>Septimii</em></span> <span class='ocrx_word' id='word_1_585' title='bbox 1697 808 1801 847; x_wconf 85' lang='lat' dir='ltr'><em>verbis</em></span> <span class='ocrx_word' id='word_1_586' title='bbox 1815 821 1822 841; x_wconf 89' lang='lat'>:</span> <span class='ocrx_word' id='word_1_587' title='bbox 1840 811 1980 843; x_wconf 82' lang='lat' dir='ltr'><em>similiter</em></span> <span class='ocrx_word' id='word_1_588' title='bbox 1990 812 2091 852; x_wconf 69' lang='lat' dir='ltr'><em>&amp;sta-</em></span> 
     </span>
    </p>

    <p class='ocr_par' dir='ltr' id='par_1_12' title="bbox 1203 856 2091 902">
     <span class='ocr_line' id='line_1_82' title="bbox 1203 856 2091 902; baseline 0.006 -13"><span class='ocrx_word' id='word_1_589' title='bbox 1203 862 1316 894; x_wconf 83' lang='lat' dir='ltr'><em>tionum</em></span> <span class='ocrx_word' id='word_1_590' title='bbox 1326 856 1428 896; x_wconf 77' lang='lat' dir='ltr'><em>diebus</em></span> <span class='ocrx_word' id='word_1_591' title='bbox 1443 869 1500 890; x_wconf 88' lang='lat' dir='ltr'><em>non</em></span> <span class='ocrx_word' id='word_1_592' title='bbox 1507 866 1622 900; x_wconf 88' lang='lat' dir='ltr'><em>putant</em></span> <span class='ocrx_word' id='word_1_593' title='bbox 1628 859 1765 901; x_wconf 86' lang='lat' dir='ltr'><em>plerique</em></span> <span class='ocrx_word' id='word_1_594' title='bbox 1774 857 1800 902; x_wconf 90' lang='lat' dir='ltr'><em>s</em></span> <span class='ocrx_word' id='word_1_595' title='bbox 1793 858 1978 900; x_wconf 80' lang='lat' dir='ltr'><em>acrificiorum</em></span> <span class='ocrx_word' id='word_1_596' title='bbox 1989 867 2091 897; x_wconf 78' lang='lat' dir='ltr'><em>oratio-</em></span> 
     </span>
    </p>

    <p class='ocr_par' dir='ltr' id='par_1_13' title="bbox 1204 907 2091 952">
     <span class='ocr_line' id='line_1_83' title="bbox 1204 907 2091 952; baseline 0.005 -12"><span class='ocrx_word' id='word_1_597' title='bbox 1204 907 1293 940; x_wconf 81' lang='lat' dir='ltr'><em>nibus</em></span> <span class='ocrx_word' id='word_1_598' title='bbox 1314 909 1593 947; x_wconf 82' lang='lat' dir='ltr'><em>interveniendum,</em></span> <span class='ocrx_word' id='word_1_599' title='bbox 1618 910 1699 952; x_wconf 77' lang='lat' dir='ltr'><em>quod</em></span> <span class='ocrx_word' id='word_1_600' title='bbox 1711 909 1803 949; x_wconf 84' lang='lat' dir='ltr'><em>statio</em></span> <span class='ocrx_word' id='word_1_601' title='bbox 1821 908 1970 952; x_wconf 74' lang='lat' dir='ltr'><em>fhlvenda</em></span> <span class='ocrx_word' id='word_1_602' title='bbox 1983 909 2023 951; x_wconf 82' lang='lat' dir='ltr'><em>fit</em></span> <span class='ocrx_word' id='word_1_603' title='bbox 2044 923 2091 944; x_wconf 90' lang='lat' dir='ltr'><em>ac-</em></span> 
     </span>
    </p>

    <p class='ocr_par' dir='ltr' id='par_1_14' title="bbox 1203 958 2091 1006">
     <span class='ocr_line' id='line_1_84' title="bbox 1203 958 2091 1006; baseline 0.005 -15"><span class='ocrx_word' id='word_1_604' title='bbox 1203 965 1284 999; x_wconf 83' lang='lat' dir='ltr'><em>cepto</em></span> <span class='ocrx_word' id='word_1_605' title='bbox 1307 961 1434 1000; x_wconf 76' lang='lat' dir='ltr'><em>Corpore</em></span> <span class='ocrx_word' id='word_1_606' title='bbox 1455 960 1591 991; x_wconf 78' lang='lat' dir='ltr'><em>Domini.</em></span> <span class='ocrx_word' id='word_1_607' title='bbox 1623 958 1714 1006; x_wconf 80' lang='lat' dir='ltr'><em>Qid</em></span> <span class='ocrx_word' id='word_1_608' title='bbox 1734 960 1779 994; x_wconf 86' lang='lat' dir='ltr'><em>est</em></span> <span class='ocrx_word' id='word_1_609' title='bbox 1792 984 1803 1000; x_wconf 89' lang='lat'>,</span> <span class='ocrx_word' id='word_1_610' title='bbox 1829 960 1994 993; x_wconf 72' lang='lat' dir='ltr'><em>similiter?</em></span> <span class='ocrx_word' id='word_1_611' title='bbox 2021 960 2091 995; x_wconf 88' lang='lat' dir='ltr'><em>Uti</em></span> 
     </span>
    </p>

    <p class='ocr_par' dir='ltr' id='par_1_15' title="bbox 1204 1007 2090 1052">
     <span class='ocr_line' id='line_1_85' title="bbox 1204 1007 2090 1052; baseline 0.007 -12"><span class='ocrx_word' id='word_1_612' title='bbox 1204 1007 1237 1040; x_wconf 92' lang='lat' dir='ltr'><em>in</em></span> <span class='ocrx_word' id='word_1_613' title='bbox 1247 1008 1346 1051; x_wconf 79' lang='lat' dir='ltr'><em>pleno</em></span> <span class='ocrx_word' id='word_1_614' title='bbox 1358 1009 1561 1052; x_wconf 84' lang='lat' dir='ltr'><em>parasceves,</em></span> <span class='ocrx_word' id='word_1_615' title='bbox 1587 1007 1722 1044; x_wconf 86' lang='lat' dir='ltr'><em>ita&amp;in</em></span> <span class='ocrx_word' id='word_1_616' title='bbox 1746 1010 1887 1050; x_wconf 86' lang='lat' dir='ltr'><em>dimidio</em></span> <span class='ocrx_word' id='word_1_617' title='bbox 1909 1010 2090 1047; x_wconf 82' lang='lat' dir='ltr'><em>stationum</em></span> 
     </span>
    </p>

    <p class='ocr_par' dir='ltr' id='par_1_16' title="bbox 1202 1054 2091 1103">
     <span class='ocr_line' id='line_1_86' title="bbox 1202 1054 2091 1103; baseline 0.004 -13"><span class='ocrx_word' id='word_1_618' title='bbox 1202 1057 1327 1101; x_wconf 81' lang='lat' dir='ltr'><em>jejunio</em></span> <span class='ocrx_word' id='word_1_619' title='bbox 1339 1083 1346 1092; x_wconf 89' lang='lat'><em>.</em></span> <span class='ocrx_word' id='word_1_620' title='bbox 1373 1054 1467 1094; x_wconf 86' lang='lat' dir='ltr'><em>Hinc</em></span> <span class='ocrx_word' id='word_1_621' title='bbox 1480 1059 1560 1103; x_wconf 79' lang='lat' dir='ltr'><em>ergo</em></span> <span class='ocrx_word' id='word_1_622' title='bbox 1573 1059 1606 1093; x_wconf 91' lang='lat' dir='ltr'><em>in</em></span> <span class='ocrx_word' id='word_1_623' title='bbox 1622 1062 1789 1102; x_wconf 85' lang='lat' dir='ltr'><em>parasceve</em></span> <span class='ocrx_word' id='word_1_624' title='bbox 1799 1061 1899 1096; x_wconf 86' lang='lat' dir='ltr'><em>etiam</em></span> <span class='ocrx_word' id='word_1_625' title='bbox 1913 1072 1982 1094; x_wconf 88' lang='lat' dir='ltr'><em>non</em></span> <span class='ocrx_word' id='word_1_626' title='bbox 1995 1060 2091 1094; x_wconf 81' lang='lat' dir='ltr'><em>daba-</em></span> 
     </span>
    </p>

    <p class='ocr_par' dir='ltr' id='par_1_17' title="bbox 1204 1107 2091 1157">
     <span class='ocr_line' id='line_1_87' title="bbox 1204 1107 2091 1157; baseline 0.002 -15"><span class='ocrx_word' id='word_1_627' title='bbox 1204 1118 1256 1146; x_wconf 84' lang='lat' dir='ltr'><em>tur</em></span> <span class='ocrx_word' id='word_1_628' title='bbox 1272 1108 1439 1147; x_wconf 84' lang='lat' dir='ltr'><em>osculum.</em></span> <span class='ocrx_word' id='word_1_629' title='bbox 1467 1107 1569 1157; x_wconf 79' lang='lat' dir='ltr'><em>Qod</em></span> <span class='ocrx_word' id='word_1_630' title='bbox 1580 1108 1698 1152; x_wconf 68' lang='lat' dir='ltr'><em>nempe</em></span> <span class='ocrx_word' id='word_1_631' title='bbox 1709 1111 1826 1144; x_wconf 89' lang='lat' dir='ltr'><em>unicus</em></span> <span class='ocrx_word' id='word_1_632' title='bbox 1837 1121 1893 1144; x_wconf 84' lang='lat' dir='ltr'><em>aut</em></span> <span class='ocrx_word' id='word_1_633' title='bbox 1908 1109 1993 1145; x_wconf 77' lang='lat' dir='ltr'><em>certe</em></span> <span class='ocrx_word' id='word_1_634' title='bbox 2017 1122 2091 1154; x_wconf 80' lang='lat' dir='ltr'><em>prae-</em></span> 
     </span>
    </p>

    <p class='ocr_par' dir='ltr' id='par_1_18' title="bbox 1204 1158 2094 1302">
     <span class='ocr_line' id='line_1_88' title="bbox 1204 1158 2094 1202; baseline 0.004 -11"><span class='ocrx_word' id='word_1_635' title='bbox 1204 1159 1319 1201; x_wconf 85' lang='lat' dir='ltr'><em>cipuus</em></span> <span class='ocrx_word' id='word_1_636' title='bbox 1329 1159 1434 1193; x_wconf 88' lang='lat' dir='ltr'><em>osculi</em></span> <span class='ocrx_word' id='word_1_637' title='bbox 1449 1160 1564 1202; x_wconf 86' lang='lat' dir='ltr'><em>scopus</em></span> <span class='ocrx_word' id='word_1_638' title='bbox 1575 1159 1611 1193; x_wconf 85' lang='lat' dir='ltr'><em>fit</em></span> <span class='ocrx_word' id='word_1_639' title='bbox 1622 1159 1738 1197; x_wconf 59' lang='lat' dir='ltr'><em>fastam</em></span> <span class='ocrx_word' id='word_1_640' title='bbox 1751 1158 1769 1192; x_wconf 71' lang='lat' dir='ltr'><em>a</em></span> <span class='ocrx_word' id='word_1_641' title='bbox 1787 1161 1962 1195; x_wconf 82' lang='lat' dir='ltr'><em>Sacerdote</em></span> <span class='ocrx_word' id='word_1_642' title='bbox 1981 1160 2094 1194; x_wconf 90' lang='lat' dir='ltr'><em>conse·</em></span> 
     </span>
     <span class='ocr_line' id='line_1_89' title="bbox 1205 1207 2091 1254; baseline 0.001 -13"><span class='ocrx_word' id='word_1_643' title='bbox 1205 1209 1384 1246; x_wconf 79' lang='lat' dir='ltr'><em>crationem</em></span> <span class='ocrx_word' id='word_1_644' title='bbox 1396 1207 1566 1254; x_wconf 83' lang='lat' dir='ltr'><em>obfignare</em></span> <span class='ocrx_word' id='word_1_645' title='bbox 1578 1233 1589 1249; x_wconf 91' lang='lat'>‚</span> <span class='ocrx_word' id='word_1_646' title='bbox 1616 1209 1647 1243; x_wconf 89' lang='lat'>&amp;</span> <span class='ocrx_word' id='word_1_647' title='bbox 1659 1210 1818 1253; x_wconf 88' lang='lat' dir='ltr'><em>populum</em></span> <span class='ocrx_word' id='word_1_648' title='bbox 1831 1210 1872 1243; x_wconf 90' lang='lat' dir='ltr'><em>ad</em></span> <span class='ocrx_word' id='word_1_649' title='bbox 1885 1210 1954 1253; x_wconf 85' lang='lat' dir='ltr'><em>ejus</em></span> <span class='ocrx_word' id='word_1_650' title='bbox 1965 1209 2091 1253; x_wconf 89' lang='lat' dir='ltr'><em>partici-</em></span> 
     </span>
     <span class='ocr_line' id='line_1_90' title="bbox 1207 1258 2092 1302; baseline 0.002 -10"><span class='ocrx_word' id='word_1_651' title='bbox 1207 1259 1373 1300; x_wconf 86' lang='lat' dir='ltr'><em>pationem</em></span> <span class='ocrx_word' id='word_1_652' title='bbox 1384 1258 1556 1302; x_wconf 86' lang='lat' dir='ltr'><em>disponere</em></span> <span class='ocrx_word' id='word_1_653' title='bbox 1568 1284 1575 1291; x_wconf 91' lang='lat'><strong>.</strong></span> <span class='ocrx_word' id='word_1_654' title='bbox 1603 1258 1692 1293; x_wconf 82' lang='lat' dir='ltr'><em>Nam</em></span> <span class='ocrx_word' id='word_1_655' title='bbox 1703 1260 1736 1299; x_wconf 85' lang='lat'>&amp;</span> <span class='ocrx_word' id='word_1_656' title='bbox 1760 1258 1838 1294; x_wconf 89' lang='lat' dir='ltr'><em>hinc</em></span> <span class='ocrx_word' id='word_1_657' title='bbox 1849 1258 1919 1294; x_wconf 85' lang='lat' dir='ltr'><em>dari</em></span> <span class='ocrx_word' id='word_1_658' title='bbox 1934 1271 2001 1295; x_wconf 88' lang='lat' dir='ltr'><em>non</em></span> <span class='ocrx_word' id='word_1_659' title='bbox 2014 1271 2092 1294; x_wconf 70' lang='lat' dir='ltr'><em>con-</em></span> 
     </span>
    </p>

    <p class='ocr_par' dir='ltr' id='par_1_19' title="bbox 1207 1308 2091 1354">
     <span class='ocr_line' id='line_1_91' title="bbox 1207 1308 2091 1354; baseline 0.003 -13"><span class='ocrx_word' id='word_1_660' title='bbox 1207 1309 1310 1344; x_wconf 90' lang='lat' dir='ltr'><em>suevit</em></span> <span class='ocrx_word' id='word_1_661' title='bbox 1345 1309 1380 1345; x_wconf 86' lang='lat' dir='ltr'><em>in</em></span> <span class='ocrx_word' id='word_1_662' title='bbox 1408 1309 1648 1347; x_wconf 64' lang='lat' dir='ltr'><em>Defunelorum</em></span> <span class='ocrx_word' id='word_1_663' title='bbox 1675 1308 1781 1346; x_wconf 83' lang='lat' dir='ltr'><em>Miffis</em></span> <span class='ocrx_word' id='word_1_664' title='bbox 1803 1321 1811 1342; x_wconf 80' lang='lat' dir='ltr'><strong><em>z</em></strong></span> <span class='ocrx_word' id='word_1_665' title='bbox 1839 1308 1928 1354; x_wconf 75' lang='lat' dir='ltr'><em>quod</em></span> <span class='ocrx_word' id='word_1_666' title='bbox 1952 1310 2091 1354; x_wconf 88' lang='lat' dir='ltr'><em>populus</em></span> 
     </span>
    </p>

    <p class='ocr_par' dir='ltr' id='par_1_20' title="bbox 1205 1358 2093 1405">
     <span class='ocr_line' id='line_1_92' title="bbox 1205 1358 2093 1405; baseline 0.002 -13"><span class='ocrx_word' id='word_1_667' title='bbox 1205 1369 1283 1392; x_wconf 88' lang='lat' dir='ltr'><em>tunc</em></span> <span class='ocrx_word' id='word_1_668' title='bbox 1297 1370 1365 1393; x_wconf 85' lang='lat' dir='ltr'><em>non</em></span> <span class='ocrx_word' id='word_1_669' title='bbox 1380 1360 1640 1393; x_wconf 88' lang='lat' dir='ltr'><em>communicaret</em></span> <span class='ocrx_word' id='word_1_670' title='bbox 1653 1385 1660 1393; x_wconf 90' lang='lat'>.</span> <span class='ocrx_word' id='word_1_671' title='bbox 1688 1359 1745 1399; x_wconf 93' lang='lat' dir='ltr'><em>Ob</em></span> <span class='ocrx_word' id='word_1_672' title='bbox 1755 1358 1930 1405; x_wconf 78' lang='lat' dir='ltr'><em>singularia</em></span> <span class='ocrx_word' id='word_1_673' title='bbox 1941 1360 1974 1394; x_wconf 69' lang='grc' dir='ltr'><em>ὃς</em></span> <span class='ocrx_word' id='word_1_674' title='bbox 1995 1360 2093 1404; x_wconf 86' lang='lat' dir='ltr'><em>spon-</em></span> 
     </span>
    </p>

    <p class='ocr_par' dir='ltr' id='par_1_21' title="bbox 1205 1404 2149 1498">
     <span class='ocr_line' id='line_1_93' title="bbox 1205 1404 2149 1454; baseline 0.004 -13"><span class='ocrx_word' id='word_1_675' title='bbox 1205 1418 1298 1442; x_wconf 87' lang='lat' dir='ltr'><em>tanea</em></span> <span class='ocrx_word' id='word_1_676' title='bbox 1323 1409 1523 1451; x_wconf 75' lang='lat' dir='ltr'><em>privatorum</em></span> <span class='ocrx_word' id='word_1_677' title='bbox 1538 1409 1661 1452; x_wconf 80' lang='lat' dir='ltr'><em>jejunia</em></span> <span class='ocrx_word' id='word_1_678' title='bbox 1675 1409 1846 1449; x_wconf 86' lang='lat' dir='ltr'><em>intermitti</em></span> <span class='ocrx_word' id='word_1_679' title='bbox 1875 1422 1944 1444; x_wconf 88' lang='lat' dir='ltr'><em>non</em></span> <span class='ocrx_word' id='word_1_680' title='bbox 1965 1419 2093 1454; x_wconf 83' lang='lat' dir='ltr'><em>poterat</em></span> <span class='ocrx_word' id='word_1_681' title='bbox 2142 1404 2149 1412; x_wconf 34' lang='lat' dir='ltr'>v</span> 
     </span>
     <span class='ocr_line' id='line_1_94' title="bbox 1205 1458 2094 1498; baseline 0.003 -7"><span class='ocrx_word' id='word_1_682' title='bbox 1205 1458 1406 1495; x_wconf 83' lang='lat' dir='ltr'><em>Sacrificium</em></span> <span class='ocrx_word' id='word_1_683' title='bbox 1433 1482 1444 1498; x_wconf 92' lang='lat'>‚</span> <span class='ocrx_word' id='word_1_684' title='bbox 1473 1470 1532 1492; x_wconf 87' lang='lat' dir='ltr'><em>nec</em></span> <span class='ocrx_word' id='word_1_685' title='bbox 1558 1459 1597 1492; x_wconf 84' lang='lat' dir='ltr'><em>ad</em></span> <span class='ocrx_word' id='word_1_686' title='bbox 1624 1459 1694 1494; x_wconf 85' lang='lat' dir='ltr'><em>sola</em></span> <span class='ocrx_word' id='word_1_687' title='bbox 1721 1459 1990 1498; x_wconf 66' lang='lat' dir='ltr'><em>Praesanstificata</em></span> <span class='ocrx_word' id='word_1_688' title='bbox 2015 1471 2094 1494; x_wconf 86' lang='lat' dir='ltr'><em>con·</em></span> 
     </span>
    </p>

    <p class='ocr_par' dir='ltr' id='par_1_22' title="bbox 1204 1506 2095 1602">
     <span class='ocr_line' id='line_1_95' title="bbox 1204 1506 2094 1551; baseline 0.003 -11"><span class='ocrx_word' id='word_1_689' title='bbox 1204 1506 1289 1540; x_wconf 90' lang='lat' dir='ltr'><em>trahi</em></span> <span class='ocrx_word' id='word_1_690' title='bbox 1303 1519 1314 1550; x_wconf 58' lang='grc' dir='ltr'><em>;Υ</em></span> <span class='ocrx_word' id='word_1_691' title='bbox 1339 1507 1391 1540; x_wconf 88' lang='lat' dir='ltr'><em>issi</em></span> <span class='ocrx_word' id='word_1_692' title='bbox 1415 1518 1523 1542; x_wconf 88' lang='lat' dir='ltr'><em>tamen</em></span> <span class='ocrx_word' id='word_1_693' title='bbox 1548 1508 1727 1551; x_wconf 79' lang='lat' dir='ltr'><em>jejunantes</em></span> <span class='ocrx_word' id='word_1_694' title='bbox 1747 1508 1907 1547; x_wconf 80' lang='lat' dir='ltr'><em>nolebant</em></span> <span class='ocrx_word' id='word_1_695' title='bbox 1930 1509 2094 1543; x_wconf 83' lang='lat' dir='ltr'><em>illiinter-</em></span> 
     </span>
     <span class='ocr_line' id='line_1_96' title="bbox 1205 1556 2095 1602; baseline 0.004 -14"><span class='ocrx_word' id='word_1_696' title='bbox 1205 1556 1335 1595; x_wconf 85' lang='lat' dir='ltr'><em>venire,</em></span> <span class='ocrx_word' id='word_1_697' title='bbox 1361 1556 1415 1590; x_wconf 89' lang='lat' dir='ltr'><em>seu</em></span> <span class='ocrx_word' id='word_1_698' title='bbox 1438 1556 1480 1589; x_wconf 89' lang='lat' dir='ltr'><em>de</em></span> <span class='ocrx_word' id='word_1_699' title='bbox 1498 1557 1559 1590; x_wconf 91' lang='lat' dir='ltr'><em>illo</em></span> <span class='ocrx_word' id='word_1_700' title='bbox 1578 1558 1790 1599; x_wconf 79' lang='lat' dir='ltr'><em>participare,</em></span> <span class='ocrx_word' id='word_1_701' title='bbox 1817 1569 1916 1602; x_wconf 83' lang='lat' dir='ltr'><em>atque</em></span> <span class='ocrx_word' id='word_1_702' title='bbox 1938 1559 1983 1592; x_wconf 86' lang='lat' dir='ltr'><em>ita</em></span> <span class='ocrx_word' id='word_1_703' title='bbox 1993 1559 2095 1594; x_wconf 84' lang='lat' dir='ltr'><em>etiam</em></span> 
     </span>
    </p>

    <p class='ocr_par' dir='ltr' id='par_1_23' title="bbox 1203 1604 2096 1700">
     <span class='ocr_line' id='line_1_97' title="bbox 1203 1604 2096 1648; baseline 0.004 -9"><span class='ocrx_word' id='word_1_704' title='bbox 1203 1605 1245 1640; x_wconf 87' lang='lat' dir='ltr'><em>ab</em></span> <span class='ocrx_word' id='word_1_705' title='bbox 1265 1604 1380 1639; x_wconf 91' lang='lat' dir='ltr'><em>osculo</em></span> <span class='ocrx_word' id='word_1_706' title='bbox 1399 1604 1606 1646; x_wconf 86' lang='lat' dir='ltr'><em>abstinebant</em></span> <span class='ocrx_word' id='word_1_707' title='bbox 1636 1631 1644 1639; x_wconf 87' lang='lat'>.</span> <span class='ocrx_word' id='word_1_708' title='bbox 1684 1606 1728 1644; x_wconf 88' lang='lat' dir='ltr'><em>Et</em></span> <span class='ocrx_word' id='word_1_709' title='bbox 1752 1605 1839 1642; x_wconf 86' lang='lat' dir='ltr'><em>hanc</em></span> <span class='ocrx_word' id='word_1_710' title='bbox 1863 1607 2096 1648; x_wconf 81' lang='lat' dir='ltr'><em>abstinentiam</em></span> 
     </span>
     <span class='ocr_line' id='line_1_98' title="bbox 1203 1654 2096 1700; baseline 0.006 -13"><span class='ocrx_word' id='word_1_711' title='bbox 1203 1654 1368 1695; x_wconf 83' lang='lat' dir='ltr'><em>improbat</em></span> <span class='ocrx_word' id='word_1_712' title='bbox 1388 1654 1434 1687; x_wconf 89' lang='lat' dir='ltr'><em>ob</em></span> <span class='ocrx_word' id='word_1_713' title='bbox 1457 1655 1610 1689; x_wconf 63' lang='lat' dir='ltr'><em>adductas</em></span> <span class='ocrx_word' id='word_1_714' title='bbox 1630 1657 1777 1691; x_wconf 86' lang='lat' dir='ltr'><em>rationes</em></span> <span class='ocrx_word' id='word_1_715' title='bbox 1802 1658 1978 1700; x_wconf 84' lang='lat' dir='ltr'><em>Septimius</em></span> <span class='ocrx_word' id='word_1_716' title='bbox 2001 1684 2008 1691; x_wconf 91' lang='lat'>.</span> <span class='ocrx_word' id='word_1_717' title='bbox 2038 1658 2096 1692; x_wconf 82' lang='lat' dir='ltr'><em>Est</em></span> 
     </span>
    </p>

    <p class='ocr_par' dir='ltr' id='par_1_24' title="bbox 1203 1702 2096 1743">
     <span class='ocr_line' id='line_1_99' title="bbox 1203 1702 2096 1743; baseline 0.007 -7"><span class='ocrx_word' id='word_1_718' title='bbox 1203 1703 1295 1740; x_wconf 82' lang='lat' dir='ltr'><em>locus</em></span> <span class='ocrx_word' id='word_1_719' title='bbox 1312 1702 1467 1740; x_wconf 81' lang='lat' dir='ltr'><em>obscurus</em></span> <span class='ocrx_word' id='word_1_720' title='bbox 1479 1729 1487 1743; x_wconf 51' lang='lat'>2</span> <span class='ocrx_word' id='word_1_721' title='bbox 1517 1702 1642 1738; x_wconf 78' lang='lat' dir='ltr'><em>Lucide</em></span> <span class='ocrx_word' id='word_1_722' title='bbox 1665 1705 1798 1740; x_wconf 82' lang='lat' dir='ltr'><em>interim</em></span> <span class='ocrx_word' id='word_1_723' title='bbox 1822 1718 1882 1740; x_wconf 88' lang='lat' dir='ltr'><em>nos</em></span> <span class='ocrx_word' id='word_1_724' title='bbox 1892 1708 1990 1742; x_wconf 89' lang='lat' dir='ltr'><em>docet</em></span> <span class='ocrx_word' id='word_1_725' title='bbox 2003 1709 2096 1742; x_wconf 85' lang='lat' dir='ltr'><em>oscu-</em></span> 
     </span>
    </p>

    <p class='ocr_par' dir='ltr' id='par_1_25' title="bbox 1201 1752 2119 1803">
     <span class='ocr_line' id='line_1_100' title="bbox 1201 1752 2119 1803; baseline 0.007 -17"><span class='ocrx_word' id='word_1_726' title='bbox 1201 1752 1271 1786; x_wconf 89' lang='lat' dir='ltr'><em>lum</em></span> <span class='ocrx_word' id='word_1_727' title='bbox 1294 1762 1374 1788; x_wconf 88' lang='lat' dir='ltr'><em>tunc</em></span> <span class='ocrx_word' id='word_1_728' title='bbox 1395 1752 1510 1792; x_wconf 83' lang='lat' dir='ltr'><em>datum</em></span> <span class='ocrx_word' id='word_1_729' title='bbox 1523 1752 1615 1795; x_wconf 70' lang='lat' dir='ltr'><em>fuisse</em></span> <span class='ocrx_word' id='word_1_730' title='bbox 1626 1755 1696 1799; x_wconf 89' lang='lat' dir='ltr'><em>post</em></span> <span class='ocrx_word' id='word_1_731' title='bbox 1715 1756 2008 1796; x_wconf 82' lang='lat' dir='ltr'><em>Consecrationem</em></span> <span class='ocrx_word' id='word_1_732' title='bbox 2021 1769 2092 1803; x_wconf 85' lang='lat' dir='ltr'><em>pro·</em></span> <span class='ocrx_word' id='word_1_733' title='bbox 2114 1774 2119 1785; x_wconf 64' lang='grc' dir='ltr'><strong><em>ι</em></strong></span> 
     </span>
    </p>

    <p class='ocr_par' dir='ltr' id='par_1_26' title="bbox 1201 1802 2092 1851">
     <span class='ocr_line' id='line_1_101' title="bbox 1201 1802 2092 1851; baseline 0.009 -16"><span class='ocrx_word' id='word_1_734' title='bbox 1201 1802 1290 1836; x_wconf 78' lang='lat' dir='ltr'><em>xime</em></span> <span class='ocrx_word' id='word_1_735' title='bbox 1331 1802 1408 1836; x_wconf 78' lang='lat' dir='ltr'><em>ante</em></span> <span class='ocrx_word' id='word_1_736' title='bbox 1435 1803 1720 1841; x_wconf 85' lang='lat' dir='ltr'><em>Communionem</em></span> <span class='ocrx_word' id='word_1_737' title='bbox 1747 1807 1884 1849; x_wconf 81' lang='lat' dir='ltr'><em>populi3</em></span> <span class='ocrx_word' id='word_1_738' title='bbox 1910 1805 2004 1846; x_wconf 79' lang='lat' dir='ltr'><em>fuisse</em></span> <span class='ocrx_word' id='word_1_739' title='bbox 2041 1819 2092 1851; x_wconf 85' lang='lat' dir='ltr'><em>pe-</em></span> 
     </span>
    </p>

    <p class='ocr_par' dir='ltr' id='par_1_27' title="bbox 1200 1852 2087 1899">
     <span class='ocr_line' id='line_1_102' title="bbox 1200 1852 2087 1899; baseline 0.007 -14"><span class='ocrx_word' id='word_1_740' title='bbox 1200 1854 1276 1887; x_wconf 69' lang='lat' dir='ltr'><em>rasti</em></span> <span class='ocrx_word' id='word_1_741' title='bbox 1303 1852 1462 1887; x_wconf 79' lang='lat' dir='ltr'><em>sacrificii</em></span> <span class='ocrx_word' id='word_1_742' title='bbox 1488 1853 1693 1899; x_wconf 76' lang='lat' dir='ltr'><em>signaculum</em></span> <span class='ocrx_word' id='word_1_743' title='bbox 1720 1855 1755 1888; x_wconf 72' lang='grc' dir='ltr'><em>ὅ(</em></span> <span class='ocrx_word' id='word_1_744' title='bbox 1788 1856 2087 1899; x_wconf 87' lang='lat' dir='ltr'><em>complementum.</em></span> 
     </span>
    </p>

    <p class='ocr_par' dir='ltr' id='par_1_28' title="bbox 1200 1902 2093 2003">
     <span class='ocr_line' id='line_1_103' title="bbox 1200 1902 2093 1949; baseline 0.008 -14"><span class='ocrx_word' id='word_1_745' title='bbox 1200 1902 1302 1949; x_wconf 76' lang='lat' dir='ltr'><em>Qod</em></span> <span class='ocrx_word' id='word_1_746' title='bbox 1324 1903 1430 1946; x_wconf 87' lang='lat' dir='ltr'><em>ipsum</em></span> <span class='ocrx_word' id='word_1_747' title='bbox 1458 1903 1494 1936; x_wconf 87' lang='lat' dir='ltr'><em>in</em></span> <span class='ocrx_word' id='word_1_748' title='bbox 1522 1903 1613 1938; x_wconf 85' lang='lat' dir='ltr'><em>libris</em></span> <span class='ocrx_word' id='word_1_749' title='bbox 1623 1904 1771 1939; x_wconf 80' lang='lat' dir='ltr'><em>adversus</em></span> <span class='ocrx_word' id='word_1_750' title='bbox 1787 1905 1990 1942; x_wconf 86' lang='lat' dir='ltr'><em>Petilianum</em></span> <span class='ocrx_word' id='word_1_751' title='bbox 2003 1908 2093 1942; x_wconf 83' lang='lat' dir='ltr'><em>Con-</em></span> 
     </span>
     <span class='ocr_line' id='line_1_104' title="bbox 1200 1953 2091 2003; baseline 0.007 -17"><span class='ocrx_word' id='word_1_752' title='bbox 1200 1953 1430 1987; x_wconf 87' lang='lat' dir='ltr'><em>stantinensem</em></span> <span class='ocrx_word' id='word_1_753' title='bbox 1454 1953 1703 1989; x_wconf 84' lang='lat' dir='ltr'><em>Donatistarum</em></span> <span class='ocrx_word' id='word_1_754' title='bbox 1733 1954 1932 2000; x_wconf 85' lang='lat' dir='ltr'><em>Episcopum</em></span> <span class='ocrx_word' id='word_1_755' title='bbox 1953 1982 1964 1998; x_wconf 94' lang='lat'><strong><em>,</em></strong></span> <span class='ocrx_word' id='word_1_756' title='bbox 1990 1969 2091 2003; x_wconf 80' lang='lat' dir='ltr'><em>agens</em></span> 
     </span>
    </p>

    <p class='ocr_par' dir='ltr' id='par_1_29' title="bbox 1199 2002 2090 2051">
     <span class='ocr_line' id='line_1_105' title="bbox 1199 2002 2090 2051; baseline 0.004 -13"><span class='ocrx_word' id='word_1_757' title='bbox 1199 2003 1240 2038; x_wconf 88' lang='lat' dir='ltr'><em>de</em></span> <span class='ocrx_word' id='word_1_758' title='bbox 1259 2004 1388 2049; x_wconf 88' lang='lat' dir='ltr'><em>Optato</em></span> <span class='ocrx_word' id='word_1_759' title='bbox 1420 2002 1629 2039; x_wconf 88' lang='lat' dir='ltr'><em>Gildoniano</em></span> <span class='ocrx_word' id='word_1_760' title='bbox 1654 2003 1928 2051; x_wconf 82' lang='lat' dir='ltr'><em>Thamugadenli</em></span> <span class='ocrx_word' id='word_1_761' title='bbox 1957 2007 2090 2051; x_wconf 88' lang='lat' dir='ltr'><em>Episco-</em></span> 
     </span>
    </p>

    <p class='ocr_par' dir='ltr' id='par_1_30' title="bbox 1198 2053 2251 2198">
     <span class='ocr_line' id='line_1_106' title="bbox 1201 2053 2232 2106; baseline 0.006 -19"><span class='ocrx_word' id='word_1_762' title='bbox 1201 2065 1243 2097; x_wconf 89' lang='lat' dir='ltr'><em>po</em></span> <span class='ocrx_word' id='word_1_763' title='bbox 1258 2078 1270 2095; x_wconf 84' lang='grc'>,</span> <span class='ocrx_word' id='word_1_764' title='bbox 1293 2053 1403 2091; x_wconf 85' lang='lat' dir='ltr'><em>scribit</em></span> <span class='ocrx_word' id='word_1_765' title='bbox 1425 2054 1559 2089; x_wconf 64' lang='lat' dir='ltr'><em>Sanetus</em></span> <span class='ocrx_word' id='word_1_766' title='bbox 1586 2054 1795 2100; x_wconf 86' lang='lat' dir='ltr'><em>Augustinus</em></span> <span class='ocrx_word' id='word_1_767' title='bbox 1819 2070 1830 2090; x_wconf 88' lang='grc'><em>.·</em></span> <span class='ocrx_word' id='word_1_768' title='bbox 1867 2061 1979 2099; x_wconf 87' lang='lat' dir='ltr'><em>Optato</em></span> <span class='ocrx_word' id='word_1_769' title='bbox 2000 2065 2090 2100; x_wconf 83' lang='lat' dir='ltr'><em>pacis</em></span> <span class='ocrx_word' id='word_1_770' title='bbox 2112 2072 2170 2103; x_wconf 79' lang='lat' dir='ltr'><em>Lib.</em></span> <span class='ocrx_word' id='word_1_771' title='bbox 2206 2089 2232 2106; x_wconf 39' lang='lat'><em>2-</em></span> 
     </span>
     <span class='ocr_line' id='line_1_107' title="bbox 1198 2102 2251 2154; baseline 0.009 -18"><span class='ocrx_word' id='word_1_772' title='bbox 1198 2102 1323 2147; x_wconf 86' lang='lat' dir='ltr'><em>osculum</em></span> <span class='ocrx_word' id='word_1_773' title='bbox 1345 2109 1423 2138; x_wconf 83' lang='lat' dir='ltr'><em>inter</em></span> <span class='ocrx_word' id='word_1_774' title='bbox 1436 2106 1628 2143; x_wconf 78' lang='lat' dir='ltr'><em>Sacramenta</em></span> <span class='ocrx_word' id='word_1_775' title='bbox 1637 2106 1820 2149; x_wconf 81' lang='lat' dir='ltr'><em>copulabatis</em></span> <span class='ocrx_word' id='word_1_776' title='bbox 1833 2132 1843 2147; x_wconf 95' lang='lat'>,</span> <span class='ocrx_word' id='word_1_777' title='bbox 1869 2113 1901 2140; x_wconf 88' lang='lat' dir='ltr'><em>in</em></span> <span class='ocrx_word' id='word_1_778' title='bbox 1929 2111 2013 2148; x_wconf 76' lang='lat' dir='ltr'><em>quus</em></span> <span class='ocrx_word' id='word_1_779' title='bbox 2025 2121 2089 2142; x_wconf 86' lang='lat' dir='ltr'><em>ma.-</em></span> <span class='ocrx_word' id='word_1_780' title='bbox 2111 2115 2183 2153; x_wconf 77' lang='lat' dir='ltr'><em>Cap.</em></span> <span class='ocrx_word' id='word_1_781' title='bbox 2204 2128 2251 2154; x_wconf 67' lang='grc' dir='ltr'><em>ις,</em></span> 
     </span>
     <span class='ocr_line' id='line_1_108' title="bbox 1198 2153 2089 2198; baseline 0.007 -11"><span class='ocrx_word' id='word_1_782' title='bbox 1198 2154 1285 2187; x_wconf 83' lang='lat' dir='ltr'><em>nibus</em></span> <span class='ocrx_word' id='word_1_783' title='bbox 1310 2153 1530 2198; x_wconf 83' lang='lat' dir='ltr'><em>Eucharistiam</em></span> <span class='ocrx_word' id='word_1_784' title='bbox 1558 2156 1716 2197; x_wconf 81' lang='lat' dir='ltr'><em>ponebatis</em></span> <span class='ocrx_word' id='word_1_785' title='bbox 1739 2181 1750 2197; x_wconf 93' lang='lat'>‚</span> <span class='ocrx_word' id='word_1_786' title='bbox 1788 2163 1834 2190; x_wconf 83' lang='lat' dir='ltr'><em>cui</em></span> <span class='ocrx_word' id='word_1_787' title='bbox 1855 2158 1973 2198; x_wconf 81' lang='lat' dir='ltr'><em>victffim</em></span> <span class='ocrx_word' id='word_1_788' title='bbox 1999 2159 2089 2197; x_wconf 68' lang='lat' dir='ltr'><em>danti</em></span> 
     </span>
    </p>

    <p class='ocr_par' dir='ltr' id='par_1_31' title="bbox 1198 2204 2100 2251">
     <span class='ocr_line' id='line_1_109' title="bbox 1198 2204 2100 2251; baseline 0.007 -14"><span class='ocrx_word' id='word_1_789' title='bbox 1198 2216 1307 2237; x_wconf 87' lang='lat' dir='ltr'><em>manus</em></span> <span class='ocrx_word' id='word_1_790' title='bbox 1325 2204 1539 2249; x_wconf 80' lang='lat' dir='ltr'><em>porrigebatis.</em></span> <span class='ocrx_word' id='word_1_791' title='bbox 1571 2205 1731 2244; x_wconf 71' lang='lat' dir='ltr'><em>Lucidius</em></span> <span class='ocrx_word' id='word_1_792' title='bbox 1743 2206 1890 2251; x_wconf 76' lang='lat' dir='ltr'><em>loquitur</em></span> <span class='ocrx_word' id='word_1_793' title='bbox 1901 2209 1936 2241; x_wconf 90' lang='lat' dir='ltr'><em>in</em></span> <span class='ocrx_word' id='word_1_794' title='bbox 1961 2209 2100 2243; x_wconf 62' lang='lat' dir='ltr'><em>Sermo-s</em></span> 
     </span>
    </p>

    <p class='ocr_par' dir='ltr' id='par_1_32' title="bbox 1196 2254 2089 2346">
     <span class='ocr_line' id='line_1_110' title="bbox 1198 2254 2089 2301; baseline 0.006 -13"><span class='ocrx_word' id='word_1_795' title='bbox 1198 2265 1239 2288; x_wconf 90' lang='lat' dir='ltr'><em>ne</em></span> <span class='ocrx_word' id='word_1_796' title='bbox 1253 2254 1294 2288; x_wconf 89' lang='lat' dir='ltr'><em>de</em></span> <span class='ocrx_word' id='word_1_797' title='bbox 1305 2254 1433 2290; x_wconf 80' lang='lat' dir='ltr'><em>diversis</em></span> <span class='ocrx_word' id='word_1_798' title='bbox 1454 2255 1495 2289; x_wconf 90' lang='lat' dir='ltr'><em>ad</em></span> <span class='ocrx_word' id='word_1_799' title='bbox 1508 2255 1731 2301; x_wconf 86' lang='lat' dir='ltr'><em>Neophytos,</em></span> <span class='ocrx_word' id='word_1_800' title='bbox 1756 2268 1928 2300; x_wconf 85' lang='lat' dir='ltr'><em>exponens</em></span> <span class='ocrx_word' id='word_1_801' title='bbox 1951 2269 2089 2293; x_wconf 86' lang='lat' dir='ltr'><em>omnem</em></span> 
     </span>
     <span class='ocr_line' id='line_1_111' title="bbox 1196 2304 2088 2346; baseline 0.006 -8"><span class='ocrx_word' id='word_1_802' title='bbox 1196 2304 1351 2343; x_wconf 82' lang='lat' dir='ltr'><em>Sacrificii</em></span> <span class='ocrx_word' id='word_1_803' title='bbox 1372 2304 1544 2341; x_wconf 83' lang='lat' dir='ltr'><em>ordinem.</em></span> <span class='ocrx_word' id='word_1_804' title='bbox 1574 2306 1723 2340; x_wconf 65' lang='lat' dir='ltr'><em>Primum</em></span> <span class='ocrx_word' id='word_1_805' title='bbox 1744 2306 1811 2346; x_wconf 78' lang='lat' dir='ltr'><em>dici</em></span> <span class='ocrx_word' id='word_1_806' title='bbox 1833 2309 1972 2346; x_wconf 79' lang='lat' dir='ltr'><em>affirmat</em></span> <span class='ocrx_word' id='word_1_807' title='bbox 1984 2308 2088 2343; x_wconf 87' lang='lat' dir='ltr'><em>Offer-</em></span> 
     </span>
    </p>

    <p class='ocr_par' dir='ltr' id='par_1_33' title="bbox 1196 2355 2245 2604">
     <span class='ocr_line' id='line_1_112' title="bbox 1196 2355 2090 2397; baseline 0.006 -9"><span class='ocrx_word' id='word_1_808' title='bbox 1196 2355 1273 2392; x_wconf 87' lang='lat' dir='ltr'><em>torii</em></span> <span class='ocrx_word' id='word_1_809' title='bbox 1295 2355 1502 2397; x_wconf 83' lang='lat' dir='ltr'><em>orationem,</em></span> <span class='ocrx_word' id='word_1_810' title='bbox 1524 2365 1594 2391; x_wconf 87' lang='lat' dir='ltr'><em>tum</em></span> <span class='ocrx_word' id='word_1_811' title='bbox 1617 2355 1868 2397; x_wconf 85' lang='lat' dir='ltr'><em>Praefationem‚</em></span> <span class='ocrx_word' id='word_1_812' title='bbox 1894 2357 1974 2392; x_wconf 88' lang='lat' dir='ltr'><em>hinc</em></span> <span class='ocrx_word' id='word_1_813' title='bbox 1996 2358 2090 2393; x_wconf 88' lang='lat' dir='ltr'><em>Con-</em></span> 
     </span>
     <span class='ocr_line' id='line_1_113' title="bbox 1197 2404 2089 2446; baseline 0.006 -8"><span class='ocrx_word' id='word_1_814' title='bbox 1197 2404 1407 2442; x_wconf 86' lang='lat' dir='ltr'><em>secratiouem</em></span> <span class='ocrx_word' id='word_1_815' title='bbox 1429 2405 1497 2441; x_wconf 86' lang='lat' dir='ltr'><em>fieri</em></span> <span class='ocrx_word' id='word_1_816' title='bbox 1522 2430 1532 2446; x_wconf 91' lang='lat'>‚</span> <span class='ocrx_word' id='word_1_817' title='bbox 1569 2416 1639 2442; x_wconf 88' lang='lat' dir='ltr'><em>tum</em></span> <span class='ocrx_word' id='word_1_818' title='bbox 1659 2407 1788 2442; x_wconf 84' lang='lat' dir='ltr'><em>recitari</em></span> <span class='ocrx_word' id='word_1_819' title='bbox 1811 2408 1996 2443; x_wconf 88' lang='lat' dir='ltr'><em>orationem</em></span> <span class='ocrx_word' id='word_1_820' title='bbox 2017 2409 2089 2443; x_wconf 89' lang='lat' dir='ltr'><em>Do-</em></span> 
     </span>
     <span class='ocr_line' id='line_1_114' title="bbox 1197 2455 2088 2501; baseline 0.006 -13"><span class='ocrx_word' id='word_1_821' title='bbox 1197 2455 1355 2490; x_wconf 83' lang='lat' dir='ltr'><em>minicam</em></span> <span class='ocrx_word' id='word_1_822' title='bbox 1376 2478 1388 2495; x_wconf 88' lang='lat'>‚</span> <span class='ocrx_word' id='word_1_823' title='bbox 1412 2456 1446 2490; x_wconf 87' lang='lat'>&amp;</span> <span class='ocrx_word' id='word_1_824' title='bbox 1473 2456 1578 2501; x_wconf 88' lang='lat' dir='ltr'><em>pergit</em></span> <span class='ocrx_word' id='word_1_825' title='bbox 1598 2469 1606 2489; x_wconf 74' lang='lat' dir='ltr'>x</span> <span class='ocrx_word' id='word_1_826' title='bbox 1637 2457 1703 2495; x_wconf 80' lang='lat' dir='ltr'><em>Post</em></span> <span class='ocrx_word' id='word_1_827' title='bbox 1722 2456 1818 2500; x_wconf 85' lang='lat' dir='ltr'><em>ipsam</em></span> <span class='ocrx_word' id='word_1_828' title='bbox 1843 2460 1978 2500; x_wconf 82' lang='lat' dir='ltr'><em>dicitur,</em></span> <span class='ocrx_word' id='word_1_829' title='bbox 2015 2459 2088 2493; x_wconf 78' lang='lat' dir='ltr'><em>Pax</em></span> 
     </span>
     <span class='ocr_line' id='line_1_115' title="bbox 1198 2504 2245 2552; baseline 0.006 -14"><span class='ocrx_word' id='word_1_830' title='bbox 1198 2504 1389 2546; x_wconf 82' lang='lat' dir='ltr'><em>vobiscum,</em></span> <span class='ocrx_word' id='word_1_831' title='bbox 1414 2506 1448 2540; x_wconf 69' lang='grc'><em>6·</em></span> <span class='ocrx_word' id='word_1_832' title='bbox 1468 2505 1633 2550; x_wconf 77' lang='lat' dir='ltr'><em>osculantur</em></span> <span class='ocrx_word' id='word_1_833' title='bbox 1648 2506 1683 2550; x_wconf 86' lang='lat' dir='ltr'><em>se</em></span> <span class='ocrx_word' id='word_1_834' title='bbox 1696 2507 2087 2552; x_wconf 58' lang='lat' dir='ltr'><em>Christianioftulosancqo,</em></span> <span class='ocrx_word' id='word_1_835' title='bbox 2110 2512 2165 2543; x_wconf 80' lang='lat' dir='ltr'><em>Ser.</em></span> <span class='ocrx_word' id='word_1_836' title='bbox 2193 2520 2245 2552; x_wconf 74' lang='lat'><em>83:</em></span> 
     </span>
     <span class='ocr_line' id='line_1_116' title="bbox 1197 2554 2088 2604; baseline 0.003 -16"><span class='ocrx_word' id='word_1_837' title='bbox 1197 2556 1277 2598; x_wconf 88' lang='lat' dir='ltr'><em>quod</em></span> <span class='ocrx_word' id='word_1_838' title='bbox 1295 2555 1334 2597; x_wconf 83' lang='lat' dir='ltr'><em>est</em></span> <span class='ocrx_word' id='word_1_839' title='bbox 1346 2554 1464 2601; x_wconf 81' lang='lat' dir='ltr'><em>fignum</em></span> <span class='ocrx_word' id='word_1_840' title='bbox 1480 2562 1570 2598; x_wconf 83' lang='lat' dir='ltr'><em>pacis</em></span> <span class='ocrx_word' id='word_1_841' title='bbox 1591 2582 1599 2589; x_wconf 90' lang='lat'>.</span> <span class='ocrx_word' id='word_1_842' title='bbox 1626 2558 1737 2604; x_wconf 79' lang='lat' dir='ltr'><em>Qem</em></span> <span class='ocrx_word' id='word_1_843' title='bbox 1758 2569 1883 2596; x_wconf 88' lang='lat' dir='ltr'><em>morem</em></span> <span class='ocrx_word' id='word_1_844' title='bbox 1906 2558 1999 2593; x_wconf 75' lang='lat' dir='ltr'><em>fuisse</em></span> <span class='ocrx_word' id='word_1_845' title='bbox 2017 2569 2088 2592; x_wconf 92' lang='lat' dir='ltr'><em>tan-</em></span> 
     </span>
    </p>

    <p class='ocr_par' dir='ltr' id='par_1_34' title="bbox 1197 2605 2088 2650">
     <span class='ocr_line' id='line_1_117' title="bbox 1197 2605 2088 2650; baseline 0.003 -11"><span class='ocrx_word' id='word_1_846' title='bbox 1197 2605 1274 2640; x_wconf 90' lang='lat' dir='ltr'><em>dem</em></span> <span class='ocrx_word' id='word_1_847' title='bbox 1295 2605 1468 2643; x_wconf 73' lang='lat' dir='ltr'><em>admissum</em></span> <span class='ocrx_word' id='word_1_848' title='bbox 1491 2606 1532 2640; x_wconf 88' lang='lat' dir='ltr'><em>ab</em></span> <span class='ocrx_word' id='word_1_849' title='bbox 1555 2608 1650 2641; x_wconf 87' lang='lat' dir='ltr'><em>omni</em></span> <span class='ocrx_word' id='word_1_850' title='bbox 1670 2607 1792 2642; x_wconf 83' lang='lat' dir='ltr'><em>Latina</em></span> <span class='ocrx_word' id='word_1_851' title='bbox 1823 2608 1963 2642; x_wconf 81' lang='lat' dir='ltr'><em>Ecclesia</em></span> <span class='ocrx_word' id='word_1_852' title='bbox 1981 2633 1992 2650; x_wconf 87' lang='lat'><em>,</em></span> <span class='ocrx_word' id='word_1_853' title='bbox 2028 2619 2088 2642; x_wconf 91' lang='lat' dir='ltr'><em>tra-</em></span> 
     </span>
    </p>

    <p class='ocr_par' dir='ltr' id='par_1_35' title="bbox 1196 2654 2088 2699">
     <span class='ocr_line' id='line_1_118' title="bbox 1196 2654 2088 2699; baseline 0.002 -10"><span class='ocrx_word' id='word_1_854' title='bbox 1196 2654 1280 2689; x_wconf 88' lang='lat' dir='ltr'><em>dunt</em></span> <span class='ocrx_word' id='word_1_855' title='bbox 1299 2655 1487 2689; x_wconf 84' lang='lat' dir='ltr'><em>Amalarius</em></span> <span class='ocrx_word' id='word_1_856' title='bbox 1519 2657 1719 2692; x_wconf 87' lang='lat' dir='ltr'><em>Fortunatus</em></span> <span class='ocrx_word' id='word_1_857' title='bbox 1738 2680 1749 2699; x_wconf 84' lang='lat'>‚</span> <span class='ocrx_word' id='word_1_858' title='bbox 1786 2658 1986 2695; x_wconf 85' lang='lat' dir='ltr'><em>Walafridus</em></span> <span class='ocrx_word' id='word_1_859' title='bbox 2007 2658 2088 2691; x_wconf 86' lang='lat' dir='ltr'><em>Stra·</em></span> 
     </span>
    </p>

    <p class='ocr_par' dir='ltr' id='par_1_36' title="bbox 1197 2703 2086 2751">
     <span class='ocr_line' id='line_1_119' title="bbox 1197 2703 2086 2751; baseline 0.003 -14"><span class='ocrx_word' id='word_1_860' title='bbox 1197 2703 1241 2741; x_wconf 91' lang='lat' dir='ltr'><em>bo</em></span> <span class='ocrx_word' id='word_1_861' title='bbox 1253 2727 1265 2744; x_wconf 86' lang='lat'><strong>,</strong></span> <span class='ocrx_word' id='word_1_862' title='bbox 1291 2704 1413 2747; x_wconf 86' lang='lat' dir='ltr'><em>aliique</em></span> <span class='ocrx_word' id='word_1_863' title='bbox 1428 2705 1729 2744; x_wconf 82' lang='lat' dir='ltr'><em>Ecclefiasticorum</em></span> <span class='ocrx_word' id='word_1_864' title='bbox 1740 2707 1862 2741; x_wconf 89' lang='lat' dir='ltr'><em>rituum</em></span> <span class='ocrx_word' id='word_1_865' title='bbox 1873 2707 2086 2751; x_wconf 84' lang='lat' dir='ltr'><em>Interpretes.</em></span> 
     </span>
    </p>

    <p class='ocr_par' dir='ltr' id='par_1_37' title="bbox 1199 2754 2086 2803">
     <span class='ocr_line' id='line_1_120' title="bbox 1199 2754 2086 2803; baseline 0.005 -16"><span class='ocrx_word' id='word_1_866' title='bbox 1199 2754 1309 2794; x_wconf 91' lang='lat' dir='ltr'><em>Dico,</em></span> <span class='ocrx_word' id='word_1_867' title='bbox 1335 2755 1489 2789; x_wconf 81' lang='lat' dir='ltr'><em>Tandem:</em></span> <span class='ocrx_word' id='word_1_868' title='bbox 1517 2755 1620 2803; x_wconf 82' lang='lat' dir='ltr'><em>Qod</em></span> <span class='ocrx_word' id='word_1_869' title='bbox 1643 2759 1734 2793; x_wconf 84' lang='lat' dir='ltr'><em>enim</em></span> <span class='ocrx_word' id='word_1_870' title='bbox 1755 2757 1814 2794; x_wconf 86' lang='lat' dir='ltr'><em>suo</em></span> <span class='ocrx_word' id='word_1_871' title='bbox 1833 2755 1941 2791; x_wconf 90' lang='lat' dir='ltr'><em>adhuc</em></span> <span class='ocrx_word' id='word_1_872' title='bbox 1962 2768 2086 2801; x_wconf 86' lang='lat' dir='ltr'><em>tempo-</em></span> 
     </span>
    </p>

    <p class='ocr_par' dir='ltr' id='par_1_38' title="bbox 1196 2804 2242 3055">
     <span class='ocr_line' id='line_1_121' title="bbox 1198 2804 2087 2848; baseline 0.004 -10"><span class='ocrx_word' id='word_1_873' title='bbox 1198 2815 1231 2838; x_wconf 89' lang='lat' dir='ltr'><em>re</em></span> <span class='ocrx_word' id='word_1_874' title='bbox 1253 2804 1415 2848; x_wconf 87' lang='lat' dir='ltr'><em>Hispania</em></span> <span class='ocrx_word' id='word_1_875' title='bbox 1439 2804 1549 2840; x_wconf 85' lang='lat' dir='ltr'><em>statim</em></span> <span class='ocrx_word' id='word_1_876' title='bbox 1572 2806 1642 2848; x_wconf 88' lang='lat' dir='ltr'><em>post</em></span> <span class='ocrx_word' id='word_1_877' title='bbox 1666 2806 1880 2841; x_wconf 79' lang='lat' dir='ltr'><em>offertorium</em></span> <span class='ocrx_word' id='word_1_878' title='bbox 1910 2807 1984 2841; x_wconf 70' lang='lat' dir='ltr'><em>ante</em></span> <span class='ocrx_word' id='word_1_879' title='bbox 2004 2807 2087 2842; x_wconf 60' lang='lat' dir='ltr'><em>Pa«</em></span> 
     </span>
     <span class='ocr_line' id='line_1_122' title="bbox 1197 2853 2223 2901; baseline 0.003 -13"><span class='ocrx_word' id='word_1_880' title='bbox 1197 2853 1358 2892; x_wconf 80' lang='lat' dir='ltr'><em>sationem</em></span> <span class='ocrx_word' id='word_1_881' title='bbox 1377 2854 1466 2892; x_wconf 83' lang='lat' dir='ltr'><em>daret</em></span> <span class='ocrx_word' id='word_1_882' title='bbox 1486 2855 1634 2891; x_wconf 88' lang='lat' dir='ltr'><em>osculum</em></span> <span class='ocrx_word' id='word_1_883' title='bbox 1658 2881 1669 2897; x_wconf 94' lang='lat'>‚</span> <span class='ocrx_word' id='word_1_884' title='bbox 1695 2857 1812 2892; x_wconf 77' lang='lat' dir='ltr'><em>diserte</em></span> <span class='ocrx_word' id='word_1_885' title='bbox 1832 2858 1971 2892; x_wconf 87' lang='lat' dir='ltr'><em>affirmat</em></span> <span class='ocrx_word' id='word_1_886' title='bbox 1993 2858 2028 2891; x_wconf 91' lang='lat' dir='ltr'><em>in</em></span> <span class='ocrx_word' id='word_1_887' title='bbox 2049 2858 2084 2891; x_wconf 75' lang='lat' dir='ltr'><em>li·</em></span> <span class='ocrx_word' id='word_1_888' title='bbox 2107 2867 2167 2899; x_wconf 78' lang='lat' dir='ltr'><em>Lib.</em></span> <span class='ocrx_word' id='word_1_889' title='bbox 2197 2883 2223 2901; x_wconf 43' lang='grc' dir='ltr'><strong><em>Β</em></strong></span> 
     </span>
     <span class='ocr_line' id='line_1_123' title="bbox 1197 2904 2242 2947; baseline 0.004 -9"><span class='ocrx_word' id='word_1_890' title='bbox 1197 2904 1262 2941; x_wconf 86' lang='lat' dir='ltr'><em>bris</em></span> <span class='ocrx_word' id='word_1_891' title='bbox 1286 2904 1327 2939; x_wconf 88' lang='lat' dir='ltr'><em>de</em></span> <span class='ocrx_word' id='word_1_892' title='bbox 1347 2904 1578 2943; x_wconf 82' lang='lat' dir='ltr'><em>Ecclefiasticis</em></span> <span class='ocrx_word' id='word_1_893' title='bbox 1599 2906 1717 2943; x_wconf 79' lang='lat' dir='ltr'><em>officiis</em></span> <span class='ocrx_word' id='word_1_894' title='bbox 1730 2909 1862 2942; x_wconf 73' lang='lat' dir='ltr'><em>sancius</em></span> <span class='ocrx_word' id='word_1_895' title='bbox 1877 2907 2015 2941; x_wconf 84' lang='lat' dir='ltr'><em>Ifidorus</em></span> <span class='ocrx_word' id='word_1_896' title='bbox 2024 2907 2084 2942; x_wconf 87' lang='lat' dir='ltr'><em>Ar·</em></span> <span class='ocrx_word' id='word_1_897' title='bbox 2105 2910 2177 2946; x_wconf 83' lang='lat' dir='ltr'><em>Cap.</em></span> <span class='ocrx_word' id='word_1_898' title='bbox 2199 2921 2242 2947; x_wconf 83' lang='grc' dir='ltr'><em>ις.</em></span> 
     </span>
     <span class='ocr_line' id='line_1_124' title="bbox 1196 2953 2081 3001; baseline 0.003 -12"><span class='ocrx_word' id='word_1_899' title='bbox 1196 2953 1422 3000; x_wconf 84' lang='lat' dir='ltr'><em>chiepiscopus</em></span> <span class='ocrx_word' id='word_1_900' title='bbox 1442 2955 1639 2999; x_wconf 73' lang='lat' dir='ltr'><em>Hispalensis</em></span> <span class='ocrx_word' id='word_1_901' title='bbox 1656 2983 1664 2991; x_wconf 95' lang='lat'><strong>.</strong></span> <span class='ocrx_word' id='word_1_902' title='bbox 1695 2957 1848 2992; x_wconf 79' lang='lat' dir='ltr'><em>Affirmat</em></span> <span class='ocrx_word' id='word_1_903' title='bbox 1868 2967 2018 3001; x_wconf 76' lang='lat' dir='ltr'><em>quartam</em></span> <span class='ocrx_word' id='word_1_904' title='bbox 2039 2956 2081 2992; x_wconf 86' lang='lat' dir='ltr'><em>ab</em></span> 
     </span>
     <span class='ocr_line' id='line_1_125' title="bbox 1196 3004 2081 3055; baseline 0.003 -15"><span class='ocrx_word' id='word_1_905' title='bbox 1196 3005 1378 3040; x_wconf 86' lang='lat' dir='ltr'><em>Offertorio</em></span> <span class='ocrx_word' id='word_1_906' title='bbox 1397 3004 1582 3042; x_wconf 87' lang='lat' dir='ltr'><em>orationem</em></span> <span class='ocrx_word' id='word_1_907' title='bbox 1605 3008 1668 3043; x_wconf 84' lang='lat' dir='ltr'><em>effe</em></span> <span class='ocrx_word' id='word_1_908' title='bbox 1688 3018 1747 3053; x_wconf 89' lang='lat' dir='ltr'><em>pro</em></span> <span class='ocrx_word' id='word_1_909' title='bbox 1767 3008 1854 3054; x_wconf 74' lang='lat' dir='ltr'><em>pacis</em></span> <span class='ocrx_word' id='word_1_910' title='bbox 1876 3007 2011 3055; x_wconf 64' lang='lat' dir='ltr'><em>osculo2</em></span> <span class='ocrx_word' id='word_1_911' title='bbox 2046 3008 2081 3048; x_wconf 75' lang='grc' dir='ltr'><em>ὃς</em></span> 
     </span>
    </p>

    <p class='ocr_par' dir='ltr' id='par_1_39' title="bbox 1197 3054 1698 3094">
     <span class='ocr_line' id='line_1_126' title="bbox 1197 3054 1698 3094; baseline 0.002 -5"><span class='ocrx_word' id='word_1_912' title='bbox 1197 3054 1262 3091; x_wconf 88' lang='lat' dir='ltr'><em>dici</em></span> <span class='ocrx_word' id='word_1_913' title='bbox 1283 3054 1359 3089; x_wconf 69' lang='lat' dir='ltr'><em>ante</em></span> <span class='ocrx_word' id='word_1_914' title='bbox 1379 3054 1610 3094; x_wconf 83' lang='lat' dir='ltr'><em>Praefationem</em></span> <span class='ocrx_word' id='word_1_915' title='bbox 1623 3082 1630 3090; x_wconf 86' lang='lat'><em>.</em></span> <span class='ocrx_word' id='word_1_916' title='bbox 1696 3054 1698 3056; x_wconf 69' lang='grc'><strong>’</strong></span> 
     </span>
    </p>

    <p class='ocr_par' dir='ltr' id='par_1_40' title="bbox 1194 3104 2142 3400">
     <span class='ocr_line' id='line_1_127' title="bbox 1247 3104 2142 3150; baseline 0.006 -12"><span class='ocrx_word' id='word_1_917' title='bbox 1247 3104 1357 3142; x_wconf 86' lang='lat' dir='ltr'><em>Prima</em></span> <span class='ocrx_word' id='word_1_918' title='bbox 1370 3105 1503 3148; x_wconf 84' lang='lat' dir='ltr'><em>quaestio</em></span> <span class='ocrx_word' id='word_1_919' title='bbox 1527 3105 1596 3146; x_wconf 86' lang='lat' dir='ltr'><em>est,</em></span> <span class='ocrx_word' id='word_1_920' title='bbox 1623 3105 1680 3141; x_wconf 88' lang='lat' dir='ltr'><em>An</em></span> <span class='ocrx_word' id='word_1_921' title='bbox 1701 3107 1877 3150; x_wconf 81' lang='lat' dir='ltr'><em>antiquus,</em></span> <span class='ocrx_word' id='word_1_922' title='bbox 1902 3118 1972 3144; x_wconf 83' lang='lat' dir='ltr'><em>non</em></span> <span class='ocrx_word' id='word_1_923' title='bbox 1991 3119 2080 3143; x_wconf 89' lang='lat' dir='ltr'><em>com·</em></span> <span class='ocrx_word' id='word_1_924' title='bbox 2140 3125 2142 3129; x_wconf 96' lang='lat'>·</span> 
     </span>
     <span class='ocr_line' id='line_1_128' title="bbox 1197 3155 2078 3200; baseline 0.002 -10"><span class='ocrx_word' id='word_1_925' title='bbox 1197 3155 1401 3190; x_wconf 83' lang='lat' dir='ltr'><em>municantes</em></span> <span class='ocrx_word' id='word_1_926' title='bbox 1421 3165 1532 3191; x_wconf 87' lang='lat' dir='ltr'><em>vetans</em></span> <span class='ocrx_word' id='word_1_927' title='bbox 1554 3156 1595 3190; x_wconf 87' lang='lat' dir='ltr'><em>ad</em></span> <span class='ocrx_word' id='word_1_928' title='bbox 1617 3167 1728 3200; x_wconf 82' lang='lat' dir='ltr'><em>pacem</em></span> <span class='ocrx_word' id='word_1_929' title='bbox 1745 3159 1896 3194; x_wconf 86' lang='lat' dir='ltr'><em>accedere</em></span> <span class='ocrx_word' id='word_1_930' title='bbox 1917 3183 1929 3200; x_wconf 87' lang='lat'><strong>,</strong></span> <span class='ocrx_word' id='word_1_931' title='bbox 1957 3158 2078 3196; x_wconf 81' lang='lat' dir='ltr'><em>Canon</em></span> 
     </span>
     <span class='ocr_line' id='line_1_129' title="bbox 1195 3204 2078 3249; baseline 0.002 -11"><span class='ocrx_word' id='word_1_932' title='bbox 1195 3204 1321 3249; x_wconf 87' lang='lat' dir='ltr'><em>obliget</em></span> <span class='ocrx_word' id='word_1_933' title='bbox 1341 3206 1440 3240; x_wconf 87' lang='lat' dir='ltr'><em>etiam</em></span> <span class='ocrx_word' id='word_1_934' title='bbox 1462 3206 1576 3249; x_wconf 89' lang='lat' dir='ltr'><em>sponte</em></span> <span class='ocrx_word' id='word_1_935' title='bbox 1594 3206 1635 3242; x_wconf 87' lang='lat' dir='ltr'><em>ab</em></span> <span class='ocrx_word' id='word_1_936' title='bbox 1649 3206 1848 3248; x_wconf 72' lang='lat' dir='ltr'><em>Eucharistia</em></span> <span class='ocrx_word' id='word_1_937' title='bbox 1859 3208 2078 3249; x_wconf 70' lang='lat' dir='ltr'><em>abstinentes,</em></span> 
     </span>
     <span class='ocr_line' id='line_1_130' title="bbox 1194 3255 2076 3305; baseline 0.001 -17"><span class='ocrx_word' id='word_1_938' title='bbox 1194 3255 1340 3297; x_wconf 86' lang='lat' dir='ltr'><em>adeoque</em></span> <span class='ocrx_word' id='word_1_939' title='bbox 1360 3266 1401 3293; x_wconf 87' lang='lat' dir='ltr'><em>an</em></span> <span class='ocrx_word' id='word_1_940' title='bbox 1426 3255 1654 3296; x_wconf 84' lang='lat' dir='ltr'><em>Tertullianus</em></span> <span class='ocrx_word' id='word_1_941' title='bbox 1665 3258 1860 3305; x_wconf 80' lang='lat' dir='ltr'><em>spontaneos</em></span> <span class='ocrx_word' id='word_1_942' title='bbox 1870 3258 1983 3302; x_wconf 89' lang='lat' dir='ltr'><em>privati</em></span> <span class='ocrx_word' id='word_1_943' title='bbox 1999 3256 2076 3299; x_wconf 85' lang='lat' dir='ltr'><em>jeju-</em></span> 
     </span>
     <span class='ocr_line' id='line_1_131' title="bbox 1194 3304 2075 3352; baseline 0.006 -14"><span class='ocrx_word' id='word_1_944' title='bbox 1194 3305 1240 3338; x_wconf 81' lang='lat' dir='ltr'><em>nii</em></span> <span class='ocrx_word' id='word_1_945' title='bbox 1267 3304 1487 3340; x_wconf 84' lang='lat' dir='ltr'><em>observatores</em></span> <span class='ocrx_word' id='word_1_946' title='bbox 1524 3306 1605 3342; x_wconf 70' lang='lat' dir='ltr'><em>reete</em></span> <span class='ocrx_word' id='word_1_947' title='bbox 1636 3317 1749 3352; x_wconf 79' lang='lat' dir='ltr'><em>arguat</em></span> <span class='ocrx_word' id='word_1_948' title='bbox 1769 3330 1782 3349; x_wconf 84' lang='lat'>,</span> <span class='ocrx_word' id='word_1_949' title='bbox 1819 3306 1909 3352; x_wconf 75' lang='lat' dir='ltr'><em>quod</em></span> <span class='ocrx_word' id='word_1_950' title='bbox 1941 3306 2075 3342; x_wconf 76' lang='lat' dir='ltr'><em>abstine-</em></span> 
     </span>
     <span class='ocr_line' id='line_1_132' title="bbox 1194 3354 2078 3400; baseline 0.001 -12"><span class='ocrx_word' id='word_1_951' title='bbox 1194 3364 1265 3388; x_wconf 89' lang='lat' dir='ltr'><em>rent</em></span> <span class='ocrx_word' id='word_1_952' title='bbox 1291 3354 1332 3388; x_wconf 88' lang='lat' dir='ltr'><em>ab</em></span> <span class='ocrx_word' id='word_1_953' title='bbox 1357 3356 1471 3390; x_wconf 90' lang='lat' dir='ltr'><em>osculo</em></span> <span class='ocrx_word' id='word_1_954' title='bbox 1493 3358 1506 3390; x_wconf 84' lang='lat'>?</span> <span class='ocrx_word' id='word_1_955' title='bbox 1542 3357 1740 3400; x_wconf 78' lang='lat' dir='ltr'><em>Respondeo</em></span> <span class='ocrx_word' id='word_1_956' title='bbox 1774 3357 1908 3393; x_wconf 89' lang='lat' dir='ltr'><em>eandem</em></span> <span class='ocrx_word' id='word_1_957' title='bbox 1934 3354 2078 3399; x_wconf 50' lang='lat' dir='ltr'><em>quaestiot</em></span> 
     </span>
    </p>
   </div>
   <div class='ocr_carea' id='block_1_6' title="bbox 1194 3403 2075 3489">
    <p class='ocr_par' dir='ltr' id='par_1_41' title="bbox 1194 3403 2075 3489">
     <span class='ocr_line' id='line_1_133' title="bbox 1194 3403 2075 3489; baseline 0.002 -47"><span class='ocrx_word' id='word_1_958' title='bbox 1194 3415 1269 3444; x_wconf 83' lang='lat' dir='ltr'><em>nem</em></span> <span class='ocrx_word' id='word_1_959' title='bbox 1294 3406 1417 3444; x_wconf 70' lang='lat' dir='ltr'><em>moveri</em></span> <span class='ocrx_word' id='word_1_960' title='bbox 1441 3407 1460 3454; x_wconf 70' lang='lat' dir='ltr'><em>a</em></span> <span class='ocrx_word' id='word_1_961' title='bbox 1487 3406 1670 3454; x_wconf 79' lang='lat' dir='ltr'><em>Walafrido</em></span> <span class='ocrx_word' id='word_1_962' title='bbox 1688 3407 1870 3453; x_wconf 77' lang='lat' dir='ltr'><em>Strabone,</em></span> <span class='ocrx_word' id='word_1_963' title='bbox 1895 3406 1929 3440; x_wconf 86' lang='lat'>&amp;</span> <span class='ocrx_word' id='word_1_964' title='bbox 1948 3403 2075 3489; x_wconf 47' lang='lat' dir='ltr'><em>rgesffpn-</em></span> 
     </span>
     <span class='ocr_line' id='line_1_134' title="bbox 2011 3465 2024 3488; baseline 0 0"><span class='ocrx_word' id='word_1_965' title='bbox 2011 3465 2024 3488; x_wconf 78' lang='lat' dir='ltr'><em>l</em></span> 
     </span>
    </p>
   </div>
   <div class='ocr_carea' id='block_1_7' title="bbox 2096 3385 2237 3426">
    <p class='ocr_par' dir='ltr' id='par_1_42' title="bbox 2096 3385 2237 3426">
     <span class='ocr_line' id='line_1_135' title="bbox 2096 3385 2237 3426; baseline -0.028 -9"><span class='ocrx_word' id='word_1_966' title='bbox 2096 3385 2170 3426; x_wconf 83' lang='lat' dir='ltr'><em>Cap.</em></span> <span class='ocrx_word' id='word_1_967' title='bbox 2189 3387 2237 3415; x_wconf 61' lang='lat'><em>225</em></span> 
     </span>
    </p>
   </div>
  </div>
 </body>
</html>
