2352 3736
984 77 1491 124 INDEX.

304 163 665 210 ribus,&Psalmistis.
691 164 770 201 ibid.
797 165 994 201 LeEioresin
1019 163 1132 199 Africa

303 218 582 263 compellebantur
594 227 651 252 aut
664 227 801 252 uxorem
812 217 930 252 ducere
943 241 954 257 ‚
979 226 1036 250 aut
1055 227 1118 249 con

247 265 250 267 ’
303 268 477 305 tinentiarn
490 267 629 312 profiteri
641 290 649 300 .
1060 263 1127 298 ibid

254 321 459 358 Clericorum
469 318 655 354 communis
668 318 702 352 in
712 317 853 356 claustro
866 316 932 351 vita
941 317 974 350 in
987 315 1123 351 totaGal

303 372 349 405 lia
361 380 532 414 praecepta.
561 368 700 404 Carolus
711 369 858 414 Magnus
880 367 1062 411 Pippinum
1083 377 1124 409 Pa

302 431 384 456 trem
399 419 459 454 hac
475 421 507 453 in
520 420 711 454 reimitatus
724 444 741 451 .«
760 417 811 456 18.
837 430 868 455 1.
891 418 1081 453 Claustrum
1102 415 1126 448 ll

305 470 362 505 lud
376 469 529 504 Ecclefiae
539 469 742 504 utiliffimum
758 493 765 501 .
1030 464 1081 504 18-
1107 476 1129 501 2

255 521 461 555 Clericorum
474 520 703 554 matrimonia.
733 517 823 554 Vide
846 522 1062 552 Matrimonia.

255 571 400 606 Codices
411 569 675 604 Christianorum
690 568 748 603 fibi
761 569 845 603 tradi
856 569 942 612 juffit
961 566 1128 605 Diocletia

303 631 385 663 nus}
427 619 498 667 Qi
519 619 687 654 tradebant
700 643 712 660 ‚
750 619 944 654 Traditores
965 615 1119 662 appellati

332 681 384 708 12·
412 680 444 706 2·

255 683 449 756 Cadmeteria
459 718 538 764 quid
553 719 570 751 ἓ
595 717 678 766 328·
693 730 722 756 1.
757 720 796 753 In
810 718 862 753 his
887 716 1066 762 agebantur
1088 718 1127 761 Sa

304 768 463 804 crificii&
478 768 579 804 Verbi
600 770 761 810 synaxes:
787 769 840 803 Ac
853 768 999 802 fidelium
1009 767 1128 802 cadave

303 832 338 855 ra
352 819 603 864 sepeliebantur.
631 817 709 866 328.
726 830 756 856 2.
784 818 885 852 Extra
910 828 1012 862 pagos
1031 818 1064 853 δε
1085 828 1129 860 op

303 870 380 914 pida
393 870 514 905 elesta.
540 867 618 904 ibid.
648 869 790 911 primum
812 868 1029 904 coemiterium
1053 867 1138 902 intra

302 921 469 959 civitatem
483 942 496 959 ,
533 926 681 960 tempore
714 916 889 960 justiniani
930 919 1139 962 Imperatoris

304 971 369 1004 fuit
378 993 386 1000 .
1015 977 1090 1015 329
1120 979 1135 1002 1

252 1019 360 1053 Coena
373 1015 495 1052 Christi
512 1039 519 1047 .
548 1012 638 1049 Vide
651 1017 763 1054 Azyma
773 1040 781 1048 .
1067 1019 1069 1021 '

254 1067 462 1102 Communio
476 1065 631 1108 Episcopi
643 1077 700 1099 aut
712 1065 899 1108 Presbyteri
909 1077 952 1101 ex
964 1066 1068 1102 dubio
1080 1079 1125 1102 cri

292 1118 394 1152 ,mine
406 1126 473 1150 non
491 1114 596 1159 potest
609 1113 787 1150 decl-inari.
1035 1127 1089 1162 24.
1120 1128 1134 1154 1

251 1166 459 1202 Communio
480 1165 597 1210 populi
617 1165 828 1210 quotidiana,
867 1177 1045 1209 numquam
1067 1179 1128 1210 prae

302 1228 414 1261 cepta.
1018 1215 1094 1265 382.
1119 1229 1135 1254 1

251 1266 526 1311 Compostellanae
536 1265 685 1302 Ecclefiae
695 1266 811 1312 orIgo.
838 1276 962 1314 217.1.
990 1278 1021 1304 2·
1043 1267 1137 1303 Facta

302 1317 348 1352 est
359 1317 620 1361 metropolitica.
1010 1315 1089 1354 218.
1115 1329 1137 1352 2

252 1368 491 1411 Conceptionis
513 1366 619 1402 Beatae
643 1367 756 1405 Mariae
776 1367 926 1412 Virginis
950 1366 1068 1401 festum
1102 1368 1134 1400 in

302 1418 461 1452 Concilio
473 1416 905 1462 Moguntinoinstitutum.
931 1427 1008 1465 232
1022 1429 1054 1453 2.
1091 1416 1138 1449 A·

300 1468 367 1512 pud
387 1470 517 1503 Graecos
529 1480 566 1502 ac
589 1467 765 1502 Armenios
788 1467 834 1501 est
859 1468 1135 1516 antiquissimum.

302 1529 383 1567 233
399 1529 427 1555 1·
452 1519 535 1567 Qo
560 1525 706 1561 tempore
733 1518 818 1562 apud
841 1518 981 1552 Latinos
1005 1512 1137 1559 coeper'it

298 1568 477 1612 celebrari,
516 1579 586 1605 non
612 1568 706 1612 plene
740 1567 886 1603 constat.
929 1560 1011 1597 ibid.
1037 1560 1178 1606 Apud

299 1619 381 1662 Ang
383 1618 432 1661 los
445 1619 491 1656 Ε
509 1618 694 1654 Germanos
716 1614 892 1657 antiquum
914 1612 978 1647 est.
1005 1623 1085 1661 233
1114 1625 1137 1649 2

299 1661 585 1700 s.Bernardus1111
602 1663 754 1699 obstitit.
776 1661 856 1695 ibid.
885 1661 967 1707 Qo
990 1663 1136 1704 tempore

290 1715 452 1749 mondum
463 1713 504 1747 ab
516 1707 658 1746 Ecclesia
681 1710 834 1745 Romana
856 1721 924 1745 erat
950 1720 1132 1755 receptum.

300 1763 334 1799 A
347 1762 506 1798 Concilio
518 1761 685 1796 Bafileenfi
697 1760 738 1795 ad
763 1771 877 1795 omnes
897 1760 1057 1796 Ecclefias
1078 1772 1119 1795 ex

248 1813 252 1817 ’
301 1814 429 1849 tensum
455 1823 476 1845 .·
499 1811 534 1845 A
554 1812 651 1846 Sixto
674 1811 735 1845 1V.
760 1810 900 1854 amplius
931 1811 1110 1846 exaltatum

300 1863 505 1908 ampliusque
516 1861 559 1897 ab
570 1861 762 1898 Alexandro
775 1861 851 1896 Vll.
1003 1871 1084 1909 234.
1114 1873 1131 1897 1

251 1915 437 1952 Consensus
446 1912 570 1957 Regius
581 1912 616 1946 in
627 1911 815 1946 Canonicas
827 1910 1000 1946 eleffiones
1010 1912 1056 1945 est
1079 1923 1135 1946 an-

301 1964 517 2008 tiquiffimus.
545 1961 602 1996 Ab
623 1957 776 1996 Eeclefia'
789 1962 965 1996 toleratus.
997 1960 1071 2008 136.
1105 1972 1133 1998 1

300 2013 456 2047 Eundem
467 2011 633 2055 usurpavit
657 2010 798 2048 Carolus
811 2012 977 2056 Magnus,
1002 2010 1135 2054 ejusque

301 2061 520 2098 Succeffores.
551 2060 627 2108 136
643 2072 671 2097 2
697 2061 808 2106 Qam
822 2062 1011 2111 potestatem
1026 2060 1134 2095 Eccle-

301 2114 342 2146 fia
366 2110 512 2157 Regibus
532 2112 728 2145 Francorum
754 2109 907 2145 indulsit
933 2111 1132 2159 137.1.1n

272 2202 279 2208 ·
301 2162 499 2219 quibusdam
528 2160 680 2195 Ecclefiis
701 2160 811 2207 Reges
835 2160 1133 2205 Longobardorum

302 2213 337 2246 in
358 2212 534 2246 electiones
555 2211 787 2246 consenserunt
800 2236 807 2243 .
837 2221 911 2259 137.
928 2222 959 2248 2.
987 2210 1136 2245 Consen-

292 2264 356 2298 -sus
367 2262 491 2307 Regius
502 2261 537 2295 in
547 2260 720 2295 electiones
729 2261 828 2296 etiam
841 2261 945 2305 viguit
954 2260 992 2294 in
1017 2260 1124 2304 Hispa

303 2313 381 2353 nia,
407 2312 441 2346 in
452 2310 596 2356 Anglia‚
622 2312 687 2346 ἀς.
718 2313 837 2359 138.1.
863 2311 1055 2345 Consensus
1081 2310 1135 2345 ille

303 2362 430 2407 Regius
445 2362 545 2396 etiam
566 2361 669 2402 dieius
692 2360 738 2395 est
759 2360 921 2396 conceffio
943 2362 976 2395 &
997 2360 1136 2396 donatio

304 2413 537 2456 Episcopatus.
578 2409 652 2459 138.
667 2420 699 2447 2.
726 2410 859 2446 Poterat
880 2421 920 2444 ex
943 2411 1043 2445 caulis
1066 2410 1137 2446 Rex

304 2463 522 2506 praesentatam
541 2461 735 2496 electionem
759 2461 912 2496 refutare.
948 2470 1022 2508 139.
1051 2472 1077 2498 1.
1102 2473 1133 2498 2.

304 2511 530 2552 Electionibus
541 2511 558 2546 a
571 2511 651 2546 Sede
660 2511 852 2556 Apostolica
863 2510 1048 2554 approbaris
1064 2522 1130 2548 non

304 2562 428 2595 solebat
441 2562 566 2606 Regius
586 2561 758 2596 consensus
776 2561 967 2606 exspectari.
997 2571 1071 2609 139.
1100 2573 1130 2599 2·

304 2611 394 2645 Vide
405 2616 649 2645 Nominationes.
676 2612 857 2646 Elefflones.

256 2660 520 2694 Constitutiones
531 2660 727 2703 Apostolicae
747 2662 804 2696 sub
824 2661 958 2696 nomine
982 2661 1132 2698 Clemen-

307 2710 349 2742 tis
362 2731 372 2749 ,
384 2719 444 2741 nec
456 2707 638 2744 Clementis
649 2711 746 2752 sunt,
758 2723 816 2746 nec
830 2711 1044 2755 Apostolicae
1058 2723 1087 2758 5·
1101 2723 1131 2749 2-

256 2757 477 2795 Continentia
499 2758 632 2800 antiqua
652 2761 831 2796 latinorum
856 2762 1133 2805 Episcoporum&

307 2808 512 2843 Clericorum
523 2807 715 2850 exponitur.
744 2822 774 2846 2·
791 2823 818 2847 1
830 2812 957 2855 &seqq
970 2810 1135 2855 Apostoli,

307 2868 447 2902 excepto
461 2859 491 2891 S.
504 2857 607 2891 Petro
618 2881 630 2898 ‚
654 2856 741 2892 fuere
750 2860 980 2904 continentes
971 2886 978 2893 .
1010 2862 1133 2896 Hieta

308 2920 384 2943 men
397 2910 558 2948 vocatus,‘
583 2909 694 2941 uxoris
715 2908 788 2942 usui
809 2909 1025 2943 renuntiavit.
1053 2909 1131 2945 ibid.

307 2958 461 3003 Apostoli
476 2967 543 2991 non
565 2968 781 3002 praeceperunt
796 2959 964 3002 Episcopis
983 2971 1020 2994 ac
1032 2959 1134 2995 Cleri-

273 3039 275 3041 .
305 3010 354 3044 cis
375 3007 618 3043 continentiam
637 3008 827 3042 univerfim.
862 3008 942 3043 ibid.
965 3008 1132 3055 Episcopis

308 3070 346 3093 ac
358 3058 518 3094 Di‘aconis
531 3058 608 3092 initi
623 3058 688 3101 jam
706 3058 853 3103 conjugii
869 3060 963 3093 usum
987 3061 1130 3102 permise-

309 3118 404 3142 runt.
436 3120 464 3156 3.
477 3121 506 3146 2·
531 3110 613 3143 Haec
636 3107 765 3143 libertas
787 3109 894 3154 viguit
917 3109 951 3143 in
975 3108 1130 3153 Illyrico,

309 3158 346 3191 in
359 3157 580 3193 patriarchatu
592 3157 824 3193 Antiocheno.
851 3169 927 3205 4.1.
954 3158 993 3193 In
1017 3159 1132 3196 Ponti-

297 3212 347 3241 'ca
360 3207 497 3242 Dioecefi
508 3208 786 3252 Presbyterisnon
800 3209 894 3244 licuit
905 3219 1021 3244 uxores
1039 3210 1132 3247 duce-

310 3268 366 3291 re:
394 3254 492 3292 Sectis
519 3260 700 3300 Diaconis,
726 3260 784 3303 qui
809 3260 844 3294 in
867 3259 1077 3296 ordinatione
1088 3261 1131 3295 di-

310 3318 426 3342 xerant
438 3309 470 3342 se
483 3308 564 3342 velle
573 3309 731 3354 conjugio
745 3309 888 3353 copulati
902 3334 909 3342 .
936 3309 1013 3343 ibid.
1037 3311 1066 3344 S.
1077 3310 1134 3346 Pe-

312 3367 378 3393 trus
391 3357 521 3404 majoris
533 3358 623 3395 Cleri
632 3360 812 3397 castitatem
822 3360 858 3397 in
869 3359 1047 3398 Ecclefiam
1068 3361 1136 3399 Ro·

1921 102 2014 147 453

1249 175 1382 198 manam
1402 163 1548 198 invexit.
1576 175 1606 211 ς.
1626 176 1654 202 1.
1684 163 1859 215 Coelibes
1849 167 1968 211 inviti,
1993 174 2076 210 olim

1249 215 1290 249 ad
1313 214 1502 248 clericatum
1524 215 1706 258 frequenter
1725 216 1806 259 rapti
1827 227 1864 251 ac
1876 221 2075 256 consecrati.

1247 264 1447 307 Huiusmodi
1464 265 1645 305 Diaconis,
1660 276 1727 299 non
1742 266 1960 308 presbyteris,
1980 273 2076 306 unius

1248 315 1452 349 matrimonii
1466 315 1632 350 licentiam
1655 316 1734 351 fecit
1754 315 1907 360 synodus
1930 320 2082 361 Ancyra-

1247 376 1303 398 na.
2056 383 2079 408 2

1197 414 1420 452 Continentia
1427 415 1625 452 Clericalisa
1647 416 1744 451 variis
1765 378 2079 463 Pontificibusssrae-

1249 475 1360 509 cepta.
1386 477 1439 502 21·
1460 478 1491 502 2.
1519 468 1555 500 ln
1570 466 1718 501 Clericos
1742 466 1915 503 Romanos
1936 469 2079 505 inconti-

1248 527 1364 550 nentes
1375 516 1659 551 animadvertitur.
1686 527 1740 554 22·
1754 530 1786 555 2.
1810 519 2078 555 Mediolanenses

1250 565 1377 609 plebem
1390 566 1430 600 ad
1442 567 1637 601 seditionem
1649 568 1799 602 adversus
1810 570 1839 603 S.
1851 569 1986 608 Petrum
2012 571 2078 604 Da-

1247 616 1350 650 miani
1362 617 1572 651 concitarunt
1584 642 1591 650 .

1199 665 1417 703 Continentia
1440 665 1610 703 Clericalis
1631 678 1684 710 per
1703 676 1807 703 totam
1835 669 1999 713 Europam
2022 682 2093 705 exa*

1248 716 1381 750 stincta.
1406 713 1456 752 18
1469 728 1499 752 2,-
1529 716 1695 757 Diaconi,
1737 718 1921 762 Presbyteri
1942 731 1980 753 ac
2002 719 2079 763 Epi·
2093 717 2095 720 ’

1249 765 1347 822 scopi
1349 765 1561 803 matrimonia
1580 775 1802 801 attentarunt.
1830 779 1874 815 ¹9·
1891 782 1918 806 ι.
1945 768 2079 813 Presby-

1249 824 1310 851 ten
1321 814 1682 851 incontinentesaDeo
1691 817 1809 853 acriter
1821 818 1934 860 puniti.
1945 830 1990 865 ¹9·
2006 830 2033 855 1.
2045 828 2078 853 2.

1250 865 1290 898 In
1312 865 1443 906 Gallia,
1481 866 1628 911 Anglia,
1664 878 1701 900 ac
1723 867 1898 911 Hybernia
1918 877 1985 902 erat
2004 869 2080 901 filiis

1249 915 1517 959 Presbyterorum
1539 916 1738 952 haereditaria
1758 916 1997 968 praebendarum
2015 918 2081 953 suc·

1249 966 1368 1002 ceffio.
1407 977 1451 1013 ¹9
1467 978 1496 1003 2·
1526 967 1638 1014 Qam
1662 967 1831 1011 Eudgarus
1852 968 1926 1002 Rex
1935 959 2079 1012 Angliae

1249 1016 1376 1059 nequiit
1385 1016 1607 1061 exstinguere.
1636 1025 1690 1053 20.
1715 1028 1743 1053 1.
1772 1017 1930 1052 Urbanus
1941 1017 1982 1051 11.
1992 1017 2080 1052 filios

1248 1065 1517 1109 presbyterorum
1528 1067 1569 1102 ad
1585 1067 1731 1103 Ecclefiae
1742 1066 1860 1113 gradus
1879 1067 2043 1103 reddidit
2034 1078 2082 1101 in-

1248 1113 1374 1150 habiles
1384 1141 1391 1148 .
2001 1115 2083 1151 ibid.

1201 1164 1419 1201 Continentia
1435 1165 1638 1202 Clericorurn
1651 1166 1684 1201 in
1708 1167 1844 1210 Synodo
1866 1167 2001 1202 Nicaena
2021 1166 2082 1200 sta·
2123 1204 2136 1217 ,

1250 1226 1319 1251 tuta
1339 1217 1542 1260 exponitur.
1570 1227 1641 1264 51.
1666 1218 1699 1253 δι
1721 1219 1805 1262 seqq.
1831 1217 1956 1262 Legem
1974 1217 2082 1252 conti-

1248 1265 1404 1301 nentiaein
1419 1266 1503 1301 dista
1515 1266 1652 1310 Synodo
1675 1266 1792 1313 Legati
1812 1266 1960 1302 Romani
1981 1278 2081 1302 cona·

1248 1315 1606 1352 banturintroducere:
1633 1317 1681 1352 At
1700 1318 1830 1353 obstitit
1852 1315 2058 1361 Paphnutius
2071 1341 2079 1349 .

1273 1392 1280 1399 ·
1298 1378 1325 1402 1·
1338 1367 1486 1410 2-Cujus
1498 1367 1680 1402 interceffio
1699 1368 1745 1403 est
1768 1366 1973 1403 authentica.
2002 1365 2083 1402 ibid.

1249 1416 1327 1451 Post
1342 1415 1427 1451 hanc
1437 1417 1609 1460 synodum
1623 1417 1764 1453 Ecclesia
1775 1418 1876 1453 latina
1897 1416 2081 1455 clericalem

1247 1467 1427 1501 castitatem
1439 1467 1591 1502 servavit
1618 1466 1697 1504 6.1
1734 1467 1847 1512 Atque
1867 1468 1896 1502 S.
1921 1462 2083 1511 Sylvester

1245 1515 1281 1549 &
1303 1516 1435 1560 Siricius
1454 1517 1643 1552 firmarunt.
1679 1514 1772 1562 ibid.
1797 1519 1880 1566 Qae
1899 1516 1954 1553 lex
1974 1528 2029 1560 per
2050 1516 2083 1550 3·

1249 1564 1399 1598 Leonem
1426 1566 1618 1600 restaurata.
1645 1570 1677 1603 6.
1700 1579 1732 1602 2·
1771 1567 1964 1611 AEgyptum
1983 1565 2084 1600 etiam

1249 1613 1464 1654 penetravit,
1501 1625 1562 1649 nec
1584 1625 1655 1651 non
1677 1614 1856 1651 Ecclesiam
1890 1615 2086 1651 Alexandri·

1246 1670 1343 1694 nam.
1369 1671 1445 1705 7.1
1471 1660 1712 1699 patriarchatus
1737 1664 1972 1701 Antiochenus
1994 1665 2085 1700 Lati-

1247 1721 1325 1745 nam
1351 1711 1442 1745 Cleri
1465 1710 1646 1749 castitatem
1667 1713 1816 1749 admisit.
1844 1728 1876 1764 7.
1894 1727 1924 1753 2·
1961 1714 2030 1751 Uti
2050 1716 2085 1752 &t

1249 1759 1437 1796 Alexander
1459 1760 1723 1799 Alexandrinus.
1752 1763 1827 1803 8.1.
1862 1765 2016 1810 Episcopi
2040 1766 2087 1799 vi·

1246 1804 1364 1845 dentur
1373 1812 1493 1846 Nicaeae
1505 1823 1563 1855 pro
1577 1815 1608 1847 se
1620 1814 1812 1850 Romanam
1827 1815 2010 1856 castitatem
2030 1814 2087 1850 ad-

1247 1860 1385 1901 mififfe,
1409 1861 1716 1905 nonprOClericis.
1746 1862 1822 1900 8.1·
1850 1864 1919 1900 Uti
1942 1866 1978 1899 δε
1997 1862 2085 1898 Pon-

1248 1910 1313 1944 tica
1337 1911 1492 1945 Dioecefis
1505 1936 1512 1943 .
1540 1909 1619 1946 ibid.
1640 1914 1770 1948 ‚Omnis
1791 1914 1924 1948 tandem
1942 1913 2086 1949 Ecclefia

1247 1960 1427 1994 Orientalis
1437 1960 1609 2004 Episcopis
1619 1961 1797 1996 castitatem
1810 1963 1844 1995 in
1857 1963 1963 2007 legem
1974 1963 2085 2002 admi-

1244 2008 1301 2043 fit.
1330 2007 1360 2046 8.
1378 2022 1408 2046 2.
1437 2011 1523 2044 Data
1534 2010 1575 2044 ab
1590 2010 1769 2055 Ancyrana
1789 2013 1927 2055 Synodo
1947 2013 2087 2048 facultas

1243 2059 1406 2094 Diaconis
1417 2059 1458 2095 de
1479 2060 1666 2105 impoffibili
1680 2061 1835 2097 castitatis
1846 2062 1993 2097 custodia
2014 2074 2086 2107 pro-

1244 2108 1434 2147 testantibus
1445 2134 1457 2152 ,
1483 2122 1553 2146 non
1565 2110 1610 2146 est
1621 2111 1640 2147 a
1653 2111 1787 2148 Nicaena
1797 2112 1933 2156 Synodo
1943 2113 2059 2150 cassata
2072 2138 2081 2146 .

1245 2170 1278 2206 9.
1299 2172 1321 2193 1.

1194 2209 1412 2247 Continentia
1426 2209 1707 2247 Subdiaconorum
1730 2212 1925 2249 Latinorum
1946 2214 2082 2258 exponi-

1243 2271 1316 2296 tur.
1343 2270 1390 2296 10-
1410 2272 1434 2295 t.
1447 2261 1573 2306 &seqqz
1615 2262 1748 2298 Horum
1767 2264 1863 2308 plena
1884 2264 1969 2309 apud
1991 2265 2080 2299 Lati-

1196 2346 1202 2353 ,
1245 2322 1308 2346 nos
1318 2311 1444 2346 castitas
1457 2312 1500 2346 est
1513 2323 1554 2346 ex
1565 2311 1884 2350 S.Petri1nstituto.
1913 2314 1995 2350 ibid.
2018 2314 2080 2349 Ec-

1225 2395 1227 2397 .
1246 2361 1338 2396 clefia
1353 2360 1506 2398 Romana
1515 2372 1592 2397 cum
1611 2363 1685 2397 aliis
1705 2363 1933 2400 Subdiaconos
1952 2364 1993 2399 ad
2015 2364 2079 2409 ple-

1244 2421 1322 2446 nam
1333 2412 1496 2454 compulit
1506 2412 1766 2448 continentiam:
1797 2415 1895 2450 Secus
1907 2414 2077 2450 Africana.

1240 2460 1319 2497 ibid.
1345 2461 1383 2495 ln
1396 2462 1534 2497 Ecclesia
1554 2463 1730 2506 Hispana,
1756 2463 1806 2499 uti
1827 2466 1861 2500 ὃ(
1884 2464 2079 2505 Gallicana,

1244 2510 1351 2556 quoad
1364 2513 1605 2548 continentiam
1618 2513 1681 2548 fuit
1692 2514 1844 2549 varietas.
1858 2524 1903 2552 ιο
1908 2526 1937 2552 1
1945 2516 1979 2549 δε
1990 2515 2077 2558 seqq.

1244 2562 1283 2596 ln
1297 2559 1444 2596 Siciliam
1455 2562 1739 2598 Subdiaconorum
1752 2564 1995 2605 continentiam
2020 2563 2080 2598 Pe-

1244 2609 1350 2656 lagius
1369 2611 1408 2645 11.
1423 2602 2079 2650 invexit.12.2.1nCalabriamS.Gre-

1243 2660 1375 2706 gorius·
1405 2669 1454 2705 13
1473 2672 1501 2696 1.
1523 2662 1694 2705 ‚integram
1714 2662 1846 2697 tandem
1867 2663 1990 2706 recepit
2006 2674 2078 2697 om-

1244 2710 1295 2744 nis
1305 2709 1424 2744 Latina
1436 2708 1686 2752 Christianitas,
1700 2721 1738 2745 ac
1749 2711 1898 2746 Decretis
1907 2712 2078 2751 firmarunt

1243 2759 1314 2794 Leo
1325 2757 1385 2793 IX.
1399 2758 1579 2804 Gregorius
1589 2757 1665 2810 Vll.
1678 2760 1817 2803 aliique.
1982 2774 2027 2811 ¹3·
2034 2764 2043 2776 ⁸
2059 2775 2074 2800 1

1193 2809 1444 2848 Conviviumin
1466 2804 1613 2844 introitu
1625 2810 1707 2845 novi
1727 2810 1893 2846 Canonici
1910 2821 1966 2847 aut
1987 2812 2079 2847 Reli

1242 2860 1324 2907 giofi
1336 2859 1440 2904 potest
1450 2859 1567 2895 instrui
1578 2883 1592 2902 ,
1617 2860 1671 2896 sed
1682 2859 1831 2896 oblatum
1849 2862 1916 2896 fine
1935 2863 2076 2898 exafflu-

1247 2921 1289 2945 ne
1305 2934 1312 2943 .
1960 2914 1987 2950 ·8
2015 2938 2022 2945 -
2054 2923 2072 2949 1

1193 2963 1334 2998 Crucem
1346 2960 1447 2995 Graeci
1459 2960 1476 2995 a
1489 2959 1564 2996 laeva
1587 2960 1623 2996 in
1643 2959 1810 2997 dexteram
1829 2962 1975 3001 formant
1987 2921 2012 2995 :3
2022 2964 2077 2999 Se·

1241 3022 1299 3047 cus
1311 3011 1461 3045 Armenii
1471 3022 1548 3045 cum
1559 3011 1702 3047 Latinis.
1742 3038 1746 3042 .
1962 3018 2041 3060 324.
2055 3022 2074 3048 1

1194 3063 1366 3108 Cypriano
1378 3061 1527 3105 adscripti
1540 3063 1700 3096 sermones
1709 3061 1749 3096 de
1758 3061 1909 3106 operibus
1920 3062 2078 3098 Cardina-

1241 3111 1328 3147 libus
1340 3110 1466 3146 suntab
1476 3113 1627 3154 austere,
1653 3113 1710 3158 qui
1726 3113 1808 3148 vixit
1816 3123 1894 3148 ante
1904 3113 2001 3148 finem
2013 3112 2074 3148 VI.
2112 3147 2124 3160 ⁸

1242 3161 1361 3197 fiet-uli.
1958 3171 2034 3210 321·
2055 3171 2073 3197 1

1193 3215 1223 3248 S
1235 3211 1485 3256 CyprianideS.
1500 3211 1679 3258 Virginum
1703 3214 1825 3258 nuptiis
1846 3212 1938 3248 loeus
1958 3210 2074 3246 diluci-

1241 3261 1353 3297 datur.
1387 3271 1482 3310 33.1.
1509 3263 1576 3301 Cui
1596 3265 1783 3302 consonant
1806 3264 1861 3301 ss.
1883 3260 2073 3297 Gelalius&

1970 3318 2023 3357 33·
2052 3319 2072 3346 ¹

1903 3408 2024 3450 Decre-¹

1244 3311 1449 3360 Augustinus
1461 3334 1470 3345 .

1998 619 2077 655 ibid.
2126 646 2130 649 .
