2352 3736
97 3080 154 3113 L-z·
165 3089 244 3115 (ταῖς,

526 173 613 203 DE
685 156 724 203 S.
793 155 1126 199 LEONIS

255 239 362 274 sensti
374 234 551 283 Augustini
564 239 596 272 &
608 237 714 272 saneti
728 236 878 270 Paulini.
895 234 996 269 Poffit
1005 232 1067 266 esse
1077 231 1135 266 sta-

255 299 362 323 tutum
374 300 428 323 aut
440 289 547 323 Sancti
570 285 769 322 Melchiadis
784 310 794 326 ,
820 295 876 318 aut
900 285 1029 317 alterius
1052 283 1136 316 cirea

243 338 671 383 ‘istatemporaPontificis.
700 335 790 369 Nam
824 334 879 376 qui
903 331 1136 367 Eucharistiam

256 389 415 433 deportari
438 389 542 423 vetuit
563 388 602 422 ad
624 386 766 421 forenses
787 381 961 417 parochias
985 407 996 422 ‚
1033 381 1138 416 multo

256 439 361 483 magis
381 440 485 474 vetuit
496 438 583 472 mitti
596 437 636 471 ad
647 430 726 470 al'ifis
740 432 948 468 Cathedrales
960 432 1117 467 Ecclefias
1132 453 1138 464 .

256 488 301 523 Et
322 501 362 523 ex
383 488 448 523 hoc
472 489 594 523 statuto
605 487 761 521 emanafle
775 483 868 527 poffit
884 483 1002 517 Canon
1020 481 1140 517 Laodi-

256 540 374 573 cenfis.
403 537 574 586 Qidquid
586 538 646 576 fit,
671 534 712 568 ad
735 534 939 568 civitatenses
965 530 1139 567 Parochias

256 589 440 634 deportatio
463 585 604 623 omnino
626 585 814 628 permansit.

306 639 434 687 Qinta
447 636 578 680 quaestio
589 635 657 676 est,
685 634 741 668 An
765 633 847 668 istud
870 635 1063 668 fermentum
1076 631 1140 664 fue-

244 690 299 724 'rit
312 699 415 722 revera
427 687 622 720 fermentum
633 708 643 724 ‚
667 685 815 727 adeoque
830 684 982 717 Romana
998 680 1139 715 Ecclefia

257 749 339 775 tunc
360 737 391 770 in
418 738 579 770 fermento
601 735 780 768 confecerit
803 730 1039 766 Eucharistiarn
1065 747 1075 770 ς,
1108 731 1140 763 &

257 786 498 823 conficiendam
519 786 671 828 jusserit?
711 783 908 826 Respondeo
937 792 1006 814 non
1031 780 1137 813 fuisse.

246 836 393 871 'Etenim
404 834 607 870 Melchiades
621 833 777 867 Pontifex
789 843 856 865 non
870 830 952 864 dicit
971 831 1064 864 fuiffe
1087 831 1142 863 fer·

258 897 420 927 mentum,
456 885 508 919 sed
534 882 614 917 illud
635 882 724 925 quod
747 892 803 914 aut
828 892 893 924 quo
906 878 1142 921 declaraturfer-

244 946 403 978 ·mentum.
435 935 476 967 Et
487 934 575 976 Papa
605 931 753 965 Siricius:
781 933 970 964 Declaratur»
993 932 1072 973 quod
1097 941 1144 962 no-

244 991 388 1018 minatur
392 983 597 1025 fermentum.
635 983 801 1025 Exponit,
828 982 974 1021 &reste‚
1004 980 1142 1024 Jacobus

257 1034 451 1069 Sir-mondus
474 1047 484 1067 .-
523 1031 744 1071 Eucharistiam
767 1030 814 1063 hic
835 1031 942 1071 constat
957 1024 1159 1072 fermentuml

257 1097 295 1119 ex
306 1097 337 1118 eo
347 1085 481 1123 dicrum,
503 1095 564 1128 'non
577 1083 655 1124 quod
674 1090 757 1122 pane
781 1081 845 1124 effer
863 1081 1046 1123 fermentato
1060 1105 1070 1120 ‚
1092 1073 1160 1124 sedi

257 1136 338 1177 quod
357 1133 444 1177 ipsa,
470 1144 643 1175 quocumque
667 1143 704 1163 ex
725 1139 805 1172 pane
821 1131 928 1173 fieret,
955 1131 1087 1172 Ecclestls
1101 1131 1146 1162 ad

257 1196 335 1227 quas
349 1190 515 1217 mitteretur
530 1208 539 1222 ‚
559 1181 704 1223 fermenti
727 1187 820 1214 vicem
837 1180 995 1223 praestaret
1009 1205 1019 1220 ,
1047 1178 1142 1222 eisque

256 1241 373 1267 unionis
385 1238 464 1266 inter
470 1232 503 1275 se
519 1233 672 1265 vinculum
684 1230 747 1273 effer
763 1255 773 1270 ‚
793 1228 865 1271 ficut
874 1231 1052 1273 fermentum
1067 1228 1142 1272 mas·

247 1283 320 1327 sae,
345 1290 390 1316 cui
420 1280 632 1324 commiscetur.
669 1282 796 1314 Omnes
818 1281 852 1314 in
877 1280 1012 1314 Christo
1035 1281 1144 1313 sumus

256 1345 342 1367 unus
365 1333 458 1377 panis
480 1334 512 1366 ὃς
536 1342 638 1364 unum
661 1342 797 1374 corpus:
827 1331 891 1365 Uti
908 1331 1010 1363 farina
1026 1331 1143 1373 partim

257 1395 313 1427 per
324 1395 465 1427 aquam,
493 1381 609 1425 partim
621 1392 673 1424 per
685 1382 881 1414 fermentum
909 1381 942 1414 in
968 1392 1070 1414 unum
1095 1391 1142 1422 pa-

258 1444 333 1467 nem
358 1457 367 1473 ‚
405 1433 450 1466 ita
471 1443 533 1466 nos
556 1441 610 1474 per
632 1432 784 1464 Sanctum
811 1430 922 1473 JESU
948 1428 1144 1463 CHRISTI

257 1482 403 1526 spiritum
426 1507 436 1522 ‚
475 1493 512 1515 ac
532 1481 600 1524 ejus
626 1480 659 1512 in
683 1479 835 1514 cordibus
850 1479 966 1513 nostris
977 1479 1144 1517 diffufiva,

257 1531 495 1566 Eucharistiam
517 1529 685 1574 praesertim
707 1554 718 1570 ‚
759 1530 962 1563 Sacramenta
981 1527 1144 1570 compagi-

250 1583 417 1616 'namurln
431 1592 535 1615 unum
558 1591 692 1622 corpus.
721 1579 813 1610 Hinc
835 1576 1039 1610 Eucharistia
1063 1577 1143 1610 reste

255 1633 399 1665 asseritur
409 1630 569 1665 declarare
580 1629 799 1662 fermentum.
830 1627 873 1660 Et
894 1626 982 1670 quod
1006 1627 1141 1669 simplex

254 1681 399 1726 Eulogia
411 1683 532 1722 semper
545 1679 643 1712 fuerit
655 1689 696 1711 ex
709 1678 870 1710 fermento
882 1677 1030 1709 confecta
1042 1700 1052 1714 ,
1070 1686 1137 1709 non

249 1731 298 1766 est
311 1742 437 1765 verum.
472 1728 673 1762 Theodorus
694 1728 783 1760 enirn
811 1726 985 1759 Balsamon
1006 1725 1143 1758 affirmat

254 1782 352 1815 nobis
374 1780 467 1814 fuisse
491 1789 663 1821 azymam.
695 1775 818 1810 Nullus
842 1774 1144 1819 Canon‘illiimpo-

253 1831 305 1864 nit
330 1831 543 1864 fermentum.
583 1827 692 1861 Fuisse
714 1827 894 1869 frequenter
917 1835 1067 1868 azymam
1092 1825 1143 1859 de-

253 1879 413 1914 monstrat
435 1878 611 1913 Hincmari
637 1875 825 1909 Rhemenfis
847 1875 1069 1918 Metropolitae
1102 1875 1142 1909 ad

253 1932 329 1964 suos
354 1927 580 1963 parochianos
606 1925 815 1970 Presbyteros
835 1926 1025 1968 Capitulare
1047 1939 1056 1958 :
1097 1929 1143 1959 De

252 1979 384 2021 oblatis,
410 1989 475 2020 quae
487 1977 837 2018 offerunturapopulo&
860 1973 1065 2017 consecrationi
1092 1974 1143 2018 fu-

247 2027 373 2072 perfunt
386 2054 395 2068 ‚
422 2029 472 2061 vel
480 2029 517 2060 de
525 2026 660 2069 panibus
675 2051 685 2066 ‚
726 2038 798 2068 quos
814 2026 935 2058 Fideles
950 2025 1090 2067 deferunt
1102 2026 1145 2057 ad

254 2077 409 2119 Ecclesiam
421 2101 431 2117 ,
458 2077 510 2109 vel
522 2077 599 2109 certe
619 2077 656 2109 de
671 2073 735 2119 ficis
749 2100 759 2116 ,
772 2075 922 2114 Presbyter
934 2080 1142 2109 convenienter

249 2137 358 2170 partes
385 2125 500 2169 incisas
513 2125 646 2165 babeat,
672 2135 706 2159 ut
726 2125 788 2168 post
810 2126 960 2168 Mrffarum
981 2123 1142 2168 solemma,

254 2182 306 2220 qui
315 2182 526 2218 communicare
537 2187 595 2209 non
610 2175 729 2217 fuerim
753 2181 880 2217 parati,
908 2177 1049 2219 Eulogius
1072 2181 1143 2208 acci-

249 2233 360 2270 piant.
390 2226 493 2274 Qod
518 2226 710 2268 Capitulum
734 2225 964 2259 Namnetenfis
987 2225 1140 2268 Synodus

253 2276 382 2312 admisit
395 2277 429 2310 in
442 2278 534 2309 suum
558 2276 754 2309 Canonem.
783 2276 890 2309 Panes
906 2297 917 2313 ,
942 2286 1025 2318 quos
1048 2274 1140 2308 Fide-

254 2328 300 2360 les
311 2325 498 2361 deferebant
509 2336 588 2360 tunc
611 2325 651 2359 ad
673 2324 847 2359 Ecclesiam
865 2349 875 2364 ‚
899 2335 992 2358 erant
1014 2326 1140 2359 usuales

1196 152 1431 198 N0N1
1500 156 1800 199 Acr1s.‘
1904 161 2002 210 331*

1195 245 1238 277 po
1276 231 1513 268 Eucharistiam
1545 231 1746 267 Parochialis
1778 230 1947 276 Presbyter
1975 230 2070 268 omni

1194 282 1275 316 olim
1297 285 1477 318 Dominica
1496 283 1644 318 debuerit
1668 283 1812 329 sumere?
1840 283 1884 317 Et
1907 283 2040 327 quando
2054 284 2070 314 .2

1198 332 1396 376 Respondeo
1404 332 1546 368 debuisse
1556 334 1678 367 sumere
1689 358 1696 365 .
1723 333 1792 366 Hic
1799 332 1887 366 enim
1897 332 1942 366 est
1956 333 2072 367 unicus

1200 381 1407 418 Eucharistiae
1433 385 1524 417 usus.
1552 381 1721 418 Sumendae
1743 392 1870 425 tempus
1893 380 2072 418 &modum

1199 433 1386 476 ignoramus
1412 458 1419 465 .
1455 433 1509 467 De
1532 431 1607 467 data
1633 432 1772 466 novellis
1798 431 2000 474 presbyteris
2032 431 2074 467 ab

1202 482 1383 526 Episcopo,
1403 483 1436 517 &
1449 493 1501 526 per
1511 483 1726 527 quadraginta
1738 482 1807 517 dies
1828 482 1982 516 sumenda
2010 482 2076 516 Eu·

1199 530 1347 575 charistia
1382 531 1492 566 scribit.
1526 532 1567 566 ad
1603 532 1807 567 Phinardum
1843 532 2078 576 Presbyterum

1200 583 1331 616 sanstus
1351 581 1521 616 Fulbertus
1546 581 1751 616 Carnutenfis
1774 582 1974 626 Episcopus:
2002 585 2079 626 ,Qui-

1203 633 1273 663 dam
1300 638 1378 665 inter
1405 640 1524 665 caeteros
1549 633 1594 664 ad
1617 633 1832 665 sacerdotalem
1853 634 1988 676 gradum
2023 633 2080 665 ad-

1199 682 1314 723 missus,
1355 680 1483 721 Hostiam
1510 705 1520 720 ,
1550 680 1624 722 ficut
1650 683 1723 721 alii,
1759 683 1795 715 de
1822 694 1912 716 manu
1938 681 2080 726 Episcopi

1195 729 1343 773 fitfieplt,
1383 742 1474 772 quam
1499 734 1531 761 in
1553 738 1731 772 pergameno
1750 756 1761 771 ,
1798 737 1830 764 in
1855 731 1905 764 hos
1932 730 1997 774 usus
2019 741 2080 774 pa-

1200 790 1265 812 rato
1280 805 1289 820 ‚
1315 780 1480 813 involutam
1508 781 1685 821 quotidiana
1711 779 1903 813 celebratione
1927 780 2077 823 sblvebat,

1201 831 1235 863 Θ·
1256 831 1474 871 portiunculam
1494 837 1649 871 parvam,
1669 831 1763 871 juxta
1781 829 1954 870 instantium
1966 831 2079 864 dierum

1202 891 1351 913 numerum
1372 887 1568 922 computatam
1588 879 1727 923 sumebat
1752 906 1759 913 .
1800 881 1914 914 Accidit
1951 884 2023 914 vero
2048 888 2082 914 ut

1201 931 1331 973 quadam
1356 931 1403 963 die
1429 931 1558 972 expletis
1595 929 1730 970 mysteriis
1753 955 1763 971 ‚
1800 932 1872 964 dum
1908 930 2082 970 vestimenta

1201 991 1264 1013 cum
1290 981 1417 1019 syndone
1445 981 1557 1014 Altaris
1592 981 1737 1014 incautii'ss
1772 982 1940 1025 colligaret,
1983 987 2087 1015 imme-

1201 1041 1263 1062 mor
1275 1029 1381 1070 Hostiae
1389 1029 1485 1074 sacrae
1498 1056 1508 1072 ‚
1529 1032 1716 1075 diligentiam
1728 1033 1916 1074 nequaquam
1926 1031 2085 1072 adhibens,

1202 1078 1373 1123 thesaurum
1393 1079 1528 1121 coelestem
1550 1081 1657 1122 infelix
1678 1087 1826 1115 amitteret
1852 1107 1858 1113 .
1887 1085 2016 1115 Veniens
2042 1083 2086 1114 ad

1204 1129 1405 1173 Diverfhrium
1417 1155 1427 1170 ,
1455 1142 1579 1174 quaeque
1606 1132 1762 1174 neceffaria
1781 1140 1864 1164 curat
1883 1157 1892 1172 ,
1917 1131 2086 1175 transigitur

1203 1182 1267 1213 dies
1281 1188 1313 1213 in
1323 1181 1477 1220 crastinum
1492 1207 1502 1221 ,
1523 1187 1651 1223 repetita
1663 1181 1856 1214 celebratione
1872 1205 1881 1221 ‚
1893 1181 2020 1220 instante
2037 1181 2087 1213 bo-

1206 1242 1239 1262 ra
1252 1233 1510 1271 communicandi,
1538 1227 1813 1274 HostiamsanHam
1827 1235 1938 1264 Frater
1958 1233 2006 1264 ille
2031 1242 2088 1263 non

1204 1286 1358 1314 inveniens
1371 1306 1381 1321 ‚
1408 1281 1546 1314 turbatus
1559 1282 1698 1314 nimirbm
1708 1284 1741 1315 o·
1756 1281 1957 1322 consternatus
1968 1280 2090 1324 sursftm

1205 1332 1337 1364 deorsam
1358 1330 1501 1373 cursitans
1516 1355 1526 1370 ,
1552 1342 1601 1364 nec
1623 1337 1715 1365 etiam
1732 1330 1849 1375 fignum
1860 1332 1983 1374 aliquod
2005 1337 2092 1364 inve1

1206 1386 1268 1414 m're
1279 1388 1395 1422 potuit.
1423 1381 1565 1415 Videtur
1577 1380 1728 1415 novellus
1742 1381 1898 1415 Sacerdos
1915 1381 2091 1425 Episcopa-

1203 1428 1205 1430 ’
1216 1431 1252 1463 lis
1265 1431 1390 1464 Hostiae
1401 1430 1591 1472 particulam
1602 1442 1678 1465 cum
1689 1432 1875 1464 consecrata
1886 1430 1904 1464 a
1917 1432 1948 1464 se
1972 1430 2091 1464 Hostia

1203 1478 1360 1522 ’quotidie
1371 1480 1551 1522 sumpsisse.
1578 1479 1706 1513 Eodem
1727 1479 1828 1524 igitur
1852 1479 1955 1514 modo
1980 1480 2092 1514 fecerit

1211 1529 1304 1561 omni
1330 1529 1510 1562 Dominica
1534 1528 1737 1562 Parochialis
1767 1531 1868 1563 etiam
1901 1529 2092 1571 Presbyter.

1204 1577 1247 1610 Et
1273 1589 1307 1611 ut
1334 1578 1378 1611 ita
1405 1588 1473 1611 non
1503 1578 1537 1611 in
1566 1578 1632 1610 sola
1659 1578 1859 1620 Dominica,
1887 1579 1941 1612 sed
1969 1590 2023 1622 per
2043 1590 2092 1613 to-

1204 1637 1270 1660 tam
1298 1627 1514 1670 septimanam
1539 1627 1681 1671 faceret‚
1709 1627 1836 1664 videtur
1862 1629 1996 1665 Siricius
2022 1641 2095 1673 pras-

1204 1676 1339 1722 cepiffe.

1398 1882 1750 1934 CAPUT
1824 1886 1884 1929 X.

1322 2010 1573 2076 Exponumm·
1608 2009 1687 2058 alia
1722 2026 1943 2078 argumenta
1962 2047 1975 2058 .

1297 2126 1381 2171 Bjici
1396 2129 1490 2163 nobis
1500 2130 1618 2173 possint
1638 2131 1783 2174 quaedam
1810 2132 2003 2166 sanctorum
2029 2131 2091 2165 Pa-

1321 2189 1405 2212 trum
1429 2179 1520 2214 loca.
1559 2180 1693 2215 Etenim
1719 2183 1754 2216 in
1780 2181 1889 2216 habita
1915 2180 2090 2216 adversum

1203 2228 1276 2262 illos
1288 2228 1343 2271 qui
1355 2227 1476 2263 Pascha
1487 2230 1632 2273 jejunant
1643 2256 1653 2272 ‚
1682 2231 1834 2266 Homilia
1847 2233 1981 2266 Sanetus
1992 2231 2087 2274 Ioan-

1203 2290 1258 2312 nes
1280 2276 1532 2321 Chrysostomus
1555 2282 1767 2325 antiquorum
1790 2283 1824 2316 &
1848 2293 2010 2316 novorum
2033 2282 2087 2316 Sa-

1200 2338 1443 2362 cramentorum
1456 2329 1672 2365 differentiam
1686 2332 1852 2376 insigniter
1863 2334 2002 2376 exponit
2014 2357 2024 2374 ,
2051 2332 2087 2366 δε

253 2378 288 2425 in
302 2377 542 2420 eleemosynam
566 2374 767 2418 pauperum.
796 2373 970 2417 Ejusmodi
991 2385 1082 2409 erant
1103 2374 1156 2433 dc,
1201 2379 1307 2423 pergit
1319 2379 1359 2413 de
1372 2377 1506 2413 Christo
1517 2381 1691 2416 Domino:
1733 2382 1868 2422 Christus
1892 2385 1997 2416 idcirco
2020 2393 2086 2416 cum

255 2426 525 2470 presbyterorum
556 2424 726 2459 domestici
763 2435 861 2468 panes
881 2450 888 2457 .
930 2424 1073 2459 Proinde
1103 2426 1156 2468 &4
1196 2430 1322 2472 Judaeis
1335 2428 1452 2472 Pascha
1465 2430 1563 2471 fecit,
1594 2444 1651 2465 non
1661 2441 1693 2465 ut
1707 2444 1758 2465 nos
1770 2444 1835 2466 cum
1847 2433 1910 2465 illis
1913 2433 2086 2475 faciamus,

254 2475 458 2510 Hincmarus
481 2477 513 2509 &
536 2475 664 2509 laudata
685 2475 839 2518 Synodus
863 2474 1040 2519 Eulogiam
1073 2472 1156 2519 fieri}

256 2526 468 2569 permittunt,
494 2526 544 2558 vel
558 2536 601 2558 ex
614 2536 729 2567 azyma
741 2549 751 2564 ,
778 2523 899 2559 Oblata
911 2549 923 2565 ‚
950 2525 1000 2558 vel
1018 2536 1060 2558 ex
1081 2521 1155 2559 fer-⁴

258 2585 387 2609 mento.
416 2575 519 2621 Qod
534 2576 634 2618 ipsum
647 2575 837 2618 permittunt
863 2575 1004 2618 antiquae
1026 2572 1156 2643 consti-¹

255 2625 402 2659 tutiones
414 2625 568 2659 Coenobii
584 2624 824 2658 Cluniacensis.
841 2625 883 2658 Et
894 2623 935 2657 de
949 2625 1142 2658 solemnium

259 2671 385 2707 dierum
397 2674 589 2708 Monachali
602 2674 743 2719 Eulogia
756 2673 854 2708 habet
865 2676 1016 2718 antiquus
1029 2686 1145 2710 manu·

259 2723 394 2765 scriptus
440 2723 700 2767 Afflegemiensss
738 2724 934 2758 Monasterii
983 2724 1100 2759 Codex
1132 2738 1143 2758 .·

261 2773 397 2814 offerunt
411 2771 519 2816 singuli
531 2773 737 2816 Religiosorum
752 2780 784 2807 in
797 2777 915 2807 Patena
929 2774 1056 2813 Hostiam
1072 2800 1081 2815 ‚
1108 2777 1142 2809 o·

261 2823 448 2864 aliquantam
462 2826 548 2854 vini.
578 2826 739 2864 Utrumque
752 2832 850 2857 autem
862 2827 882 2857 ἃ
901 2826 1056 2858 sacerdote
1079 2836 1143 2858 cum

260 2876 390 2904 Diacono
411 2874 446 2905 <5
466 2871 647 2904 subdiacono
664 2878 803 2914 accipitur
824 2898 830 2905 .
872 2875 1016 2907 Omnibus
1042 2885 1140 2908 autem

262 2922 370 2954 oblatis
384 2921 508 2961 Rostris,
532 2933 623 2954 unam
635 2923 775 2954 sacerdos
786 2923 867 2965 eIIgit
878 2946 889 2962 ‚
915 2923 948 2955 o·
961 2922 1076 2965 seorfim
1100 2927 1144 2958 ad

261 2970 488 3014 consecrandum
505 2977 605 3012 pontt.
636 2971 762 3004 Omnes
781 2981 871 3005 etam
898 2972 1041 3014 ejusdem
1064 2970 1155 3009 cum*

261 3021 321 3055 ista
344 3022 383 3055 ad
408 3020 696 3056 Consecrationem
718 3020 815 3054 electa
835 3031 976 3063 naturae,
1003 3021 1141 3066 ideoque

260 3082 398 3113 azymae.
427 3072 538 3119 Qem
562 3071 699 3117 modum
712 3070 804 3104 fuisse
814 3071 912 3105 etiam
926 3071 959 3104 in
976 3071 1142 3108 Rhemen-

261 3120 285 3153 fi
309 3121 447 3154 Ecclesia
458 3124 616 3155 servatum
627 3121 765 3154 affirmat
776 3120 972 3154 Guilielmus
995 3121 1140 3157 Marlot.

262 3169 431 3217 roirca
445 3170 519 3204 licet
530 3168 735 3204 Melchiades
758 3182 795 3204 ac
815 3169 949 3204 Siricius
971 3171 1141 3213 loqueren-

262 3230 316 3253 tur
329 3219 369 3253 de
379 3220 513 3261 simplici
527 3220 670 3264 Eulogia
684 3245 693 3260 ,
721 3219 927 3263 nequaquam
950 3229 1059 3255 tamen
1074 3222 1142 3256 san-

263 3271 368 3303 cirent
382 3268 483 3311 ipsam
504 3269 619 3304 debere
640 3271 760 3304 confici
781 3282 822 3303 ex
844 3271 1021 3303 fermento.
1048 3271 1140 3306 Hinc

263 3318 370 3352 studio
381 3315 555 3352 dixeruntt
581 3321 673 3362 ,Quod
681 3322 866 3360 declaratur,
892 3329 948 3353 aut
970 3327 1140 3355 nominatur

259 3369 462 3412 fermentum.

315 3421 410 3454 Sexta
423 3417 553 3461 quaestio
565 3418 608 3451 est
622 3441 631 3456 ,
658 3417 713 3451 An
738 3421 949 3457 transmissam
959 3419 999 3456 ab
1013 3421 1140 3466 Episco-

363 3469 547 3513 CbristLupi
562 3471 783 3512 oper.Tom,1V.

1204 2477 1261 2520 sed
1285 2487 1319 2511 ut
1325 2487 1381 2520 per
1390 2479 1525 2512 umbram
1535 2484 1730 2515 introduceret
1740 2489 1916 2516 veritatem.
1946 2488 2029 2516 Nam
2052 2485 2086 2518 (5

1201 2527 1446 2568 Circumcifionem
1454 2531 1554 2574 passus
1565 2531 1625 2572 est,
1651 2532 1847 2566 &Sabbatha
1863 2531 2025 2576 servavit,
2052 2536 2085 2568 (θ’

1200 2578 1288 2618 Festa
1311 2578 1487 2620 celebravit,
1515 2582 1549 2614 <⁹5
1571 2593 1675 2620 azyma
1696 2584 1835 2616 comedit.
1865 2584 1925 2616 Sed
1946 2584 2019 2617 nulli
2040 2594 2085 2617 ta-

1200 2639 1265 2661 men
1278 2628 1379 2661 horum
1391 2641 1442 2661 nos
1455 2629 1571 2663 obnoxii
1579 2630 1688 2673 sumus
1703 2657 1709 2664 .
1746 2634 1869 2666 Clamat
1886 2636 1996 2666 Paulus
2015 2647 2021 2666 :
2050 2634 2084 2668 Si

1203 2679 1485 2712 circumcidamini
1501 2704 1511 2719 ,
1540 2679 1690 2715 Christus
1703 2682 1797 2716 vobis
1813 2682 1896 2716 nihil
1920 2683 2082 2726 proderit.

1203 2732 1248 2760 Et
1259 2728 1375 2760 rursiam
1388 2729 1541 2767 deazymis
1557 2744 1567 2763 .·
1589 2731 1720 2765 Festum
1730 2731 1929 2766 celebremus
1955 2743 2021 2766 non
2048 2733 2084 2767 in

1203 2779 1365 2811 fermento
1390 2779 1487 2812 veteri
1507 2803 1518 2819 ‚
1557 2791 1659 2823 neque
1680 2781 1715 2814 in
1748 2783 1907 2815 fermento
1930 2782 2084 2824 malitiae,

1205 2827 1256 2862 sed
1278 2828 1312 2861 in
1334 2829 1456 2871 azymis
1476 2828 1666 2864 sinceritatis
1687 2832 1721 2865 δε
1759 2832 1903 2866 veritatis
1927 2857 1933 2864 .
1974 2832 2083 2872 Nostra

1202 2883 1279 2911 enim
1290 2876 1534 2922 azymanonsunt
1552 2879 1663 2921 farina
1688 2888 1866 2923 commixta,
1889 2880 1943 2924 sed
1964 2893 2082 2917 conver-

1200 2927 1278 2971 satio
1279 2927 1394 2969 sincera
1405 2951 1415 2967 ‚
1439 2930 1474 2962 ό·
1486 2935 1554 2962 vita
1558 2938 1615 2972 per
1627 2936 1771 2965 virtutem
1793 2930 1965 2973 transac‘la.
1997 2933 2082 2968 Eun·

1203 2979 1275 3012 dem
1299 2976 1450 3019 Apostoli
1474 2978 1514 3012 de
1534 2981 1657 3022 azymis
1672 2981 1779 3015 locum
1791 2980 1899 3015 laudat
1914 2982 1946 3015 in
1959 2982 2082 3017 Sermo-

1203 3039 1244 3060 ne
1256 3027 1296 3060 de
1321 3027 1546 3069 Marryribus,
1575 3030 1606 3063 ὅ(
1625 3032 1747 3074 pergit:
1777 3033 1852 3063 Sunt
1875 3043 1976 3071 azyma
1999 3034 2083 3075 apud

1196 3078 1328 3122 Judaeos
1340 3100 1350 3115 ‚
1367 3075 1485 3119 sunt&
1505 3079 1588 3119 apud
1605 3089 1676 3111 nos.
1706 3085 1810 3113 Verum
1832 3083 1916 3123 apud
1935 3083 1997 3116 illos
2017 3089 2081 3125 qui-

1202 3129 1269 3160 dem
1280 3137 1410 3163 azymum
1422 3138 1459 3159 ex
1466 3125 1575 3167 farina
1595 3128 1755 3170 confec‘lum
1767 3154 1778 3169 ‚
1805 3132 1888 3173 apud
1907 3144 1959 3165 nos
1980 3140 2078 3165 autem

1203 3183 1279 3210 vitae
1286 3181 1431 3217 puritas,
1458 3176 1683 3221 &conversatio
1691 3179 1730 3212 ab
1751 3187 1828 3213 omni
1852 3187 1984 3224 nequitia
2007 3184 2081 3216 alte-

1204 3239 1261 3259 na.
1288 3226 1368 3259 Non
1382 3226 1465 3260 istud
1479 3251 1490 3267 ,
1517 3228 1568 3261 sed
1583 3227 1665 3262 hanc
1678 3230 1814 3264 affirmat
1825 3231 1887 3264 esse
1898 3244 2050 3274 azymum
2066 3257 2075 3269 J

1205 3278 1236 3309 in
1251 3286 1317 3318 quo
1330 3275 1463 3309 mandat
1475 3277 1656 3320 Apostolus
1669 3277 1864 3314 Christianas
1877 3281 1944 3314 Fest
1964 3292 2074 3313 vicar-:s

1203 3325 1372 3359 celebrari.
1403 3325 1554 3360 Affirmat
1567 3326 1736 3371 Judaicum
1749 3341 1902 3374 azymum
1916 3343 1977 3363 nor]
1994 3341 2074 3371 repe·

1205 3376 1258 3408 riri
1272 3376 1303 3408 in
1316 3374 1455 3409 Ecclesia
1469 3401 1476 3408 .
1500 3376 1695 3420 Respondeo
1707 3378 1773 3413 haec
1784 3383 1894 3414 omnia
1909 3382 1967 3411 effi-
1982 3390 2024 3407 vor
2036 3379 2074 3411 it*

1206 3426 1280 3461 slma
1295 3449 1301 3457 .
1327 3425 1424 3460 Plura
1444 3427 1533 3461 enim
1554 3426 1606 3459 hic
1629 3428 1766 3464 affirmat
1789 3429 2040 3471 Clirylbstomuzt
2065 3452 2071 3462 ό

1559 3476 1596 3512 T
1623 3488 1635 3511 t
1686 3490 1708 3517 2
1957 3477 2024 3510 Pii*

2094 607 2176 650 Epist.
2200 621 2227 640 2·
