2352 3736
151 467 215 502 L3.
235 470 311 506 ῐὶεῃζ,

404 168 468 213 24

324 239 420 273 conis
431 246 528 281 atque
539 233 754 269 subdiaconis
775 231 904 278 publice
916 242 1052 267 uxorem
1073 241 1130 266 aut
1145 232 1207 276 pel-

326 289 422 325 licem
437 285 630 321 habentibus
645 309 653 317 .
678 285 782 332 Qd
793 285 883 319 enim
894 294 933 317 ex
943 280 1045 316 dubio
1057 282 1207 323 crimine,

327 339 493 381 quousque
513 334 645 370 accedat
667 335 845 379 Superioris
869 330 1048 366 authoritas
1068 356 1079 373 ,
1107 343 1208 369 nemo

327 387 422 432 poffit
444 385 491 420 sui
505 383 657 429 Episcopi
673 394 729 419 aut
741 381 923 424 Presbyteri
936 380 1100 417 declinare
1118 394 1210 417 com-

327 437 540 476 munionem,
567 434 677 471 statuit
703 431 857 475 synodus
875 432 988 466 octava
1006 457 1013 465 .
1044 430 1089 468 Et
1111 433 1205 467 istam

325 487 480 532 Gregorii
494 486 599 531 legem
611 484 791 517 etiamnum
802 479 901 517 hodie
922 482 1031 526 vigere
1056 483 1092 516 in
1106 483 1208 517 Cleri-

325 548 384 578 ¹cos
404 537 510 581 palam
531 531 803 573 concubinarios,
830 532 918 567 lucet
946 543 986 566 ex
998 532 1098 567 Lucii
1118 533 1204 567 tertii

326 586 500 624 Pontificis
522 585 665 619 Decreto
685 605 698 623 ‚
723 581 814 627 quod
834 583 893 618 suo
920 581 1043 621 Codici
1069 583 1205 618 inseruit

325 635 509 680 Gregorius
518 643 626 670 nonus
635 656 644 668 .

374 686 490 723 Fateor
507 691 617 720 tamen
653 679 770 718 hoium
791 683 1007 720 Decretol'um
1033 684 1203 720 occafiosse

322 732 476 775 Latinam
499 732 676 773 Ecclesiam
698 733 792 770 fuiffe
805 733 1072 769 scandaiofiffime
1095 734 1202 768 turba·

321 792 387 821 tam
398 809 405 823 ,.
434 783 567 826 Utique
586 782 605 816 εὶ
628 781 830 826 Presbyteris
856 786 950 820 omni
977 784 1201 820 Ecclesiastico

319 833 502 869 ministerio
514 856 526 872 ‚
551 833 621 871 imo
633 832 668 869 ,ὅτ
678 834 835 872 coelorum
846 846 949 879 regno
960 835 1070 878 potius
1081 859 1090 873 ,
1102 846 1200 877 quam

316 883 384 921 suis
396 881 554 923 uxoribus
575 882 750 919 valedicere
771 884 992 924 malentibus,
1015 884 1199 920 &barbari-

316 931 355 969 ce
365 932 486 977 ubique
498 932 772 969 tumultuantibus
786 959 793 966 .
821 934 936 970 Plures
948 935 1044 970 omni
1057 934 1198 968 ministe-

315 983 367 1020 rio
379 980 565 1018 valedixisse
578 1006 590 1023 ,
610 983 744 1019 testatur
756 984 790 1017 in
803 984 917 1021 litteris
926 985 967 1020 ad
979 985 1197 1020 Cunibertum

317 1030 560 1072 Taurinensern
575 1032 775 1077 Episcopum
786 1035 920 1069 Sanctus
940 1035 1053 1070 Petrus
1062 1034 1197 1070 Damia-

288 1085 290 1087 ’
317 1083 352 1118 ni
363 1107 375 1123 ,
388 1083 551 1121 affirmans
561 1094 598 1119 ac
608 1082 835 1120 demonstrans
846 1085 1090 1120 valedistionem
1103 1086 1194 1120 istam

315 1133 410 1170 fuisse
431 1133 702 1169 sceleratiffimam
727 1134 928 1178 Apostafiam
942 1161 949 1169 .
977 1135 1194 1170 Crediderunt

313 1184 348 1222 se
371 1183 459 1226 posse
481 1183 530 1220 uti
551 1184 655 1229 gratia
668 1208 680 1224 ,
707 1196 805 1228 quam
818 1186 936 1221 Siciliae
953 1185 1170 1220 Subdiaconis
1183 1209 1194 1225 ‚

313 1232 394 1269 dum
418 1233 458 1267 ad
479 1234 723 1272 contiuentiam
745 1245 925 1280 coegerunt
946 1261 957 1277 ,
983 1236 1193 1281 permiserunt

306 1281 471 1328 Pelagius
490 1284 647 1319 secundus
667 1297 706 1320 ac
718 1285 898 1331 Gregorius
910 1287 1077 1331 Magnus,
1103 1285 1193 1319 alter-

315 1333 424 1368 native
434 1334 605 1381 dumtaxat
616 1335 812 1379 imperantes
821 1348 878 1372 aur
890 1336 1051 1371 abstinere
1061 1335 1102 1370 ab
1115 1347 1193 1370 uxo-

313 1382 422 1423 ribus,
451 1394 505 1417 aut
518 1384 730 1419 &ministerio
743 1387 877 1420 cessare.
906 1385 1032 1420 Verum
1042 1396 1110 1420 erat
1120 1396 1193 1420 cau-

311 1433 343 1468 sa
369 1432 463 1466 valde
476 1433 601 1476 dispar.
627 1434 762 1468 Etenim
774 1435 959 1469 Siculorum
970 1436 1193 1471 Subdiacono-

311 1493 384 1517 rum
394 1482 548 1525 conjugia
570 1491 661 1515 erant
672 1483 820 1527 legitima
840 1484 1079 1526 &Canonica‚
1105 1486 1195 1520 ideo-

309 1542 375 1574 que
401 1542 455 1574 per
467 1543 588 1567 novam
613 1532 814 1567 sanctionem
831 1543 899 1566 non
921 1535 1194 1577 poterantinvitis

306 1580 427 1616 auferri
450 1606 458 1612 .
484 1581 636 1629 Qaliter
672 1581 820 1616 adversus
850 1583 985 1617 Petrum
1013 1584 1193 1625 Damiani,

304 1629 490 1669 ,Alexandri
518 1630 651 1668 secundi
677 1631 839 1676 Legatum
866 1657 877 1673 ‚
905 1632 1191 1674 Mediolanenses,

308 1680 502 1716 &adversus
526 1680 698 1716 hominem
721 1682 876 1727 Gregorii
904 1683 1031 1727 septimi
1052 1685 1192 1718 Decreta

308 1731 501 1767 laudantem
510 1732 640 1776 grassati
652 1732 785 1770 fuerunt
799 1732 921 1768 Clerici
933 1733 1129 1770 Cameracen
1135 1737 1191 1774 ses,

308 1781 401 1824 supra
422 1782 466 1815 est
478 1782 619 1816 disturn.
648 1782 797 1828 Qaliter
808 1784 967 1818 Germani
980 1784 1098 1819 Clerici
1112 1785 1192 1830 Sigi-

308 1831 430 1867 fridum
451 1829 746 1875 Archiepiscopum
770 1832 1016 1877 Moguntinum
1039 1859 1050 1875 ‚
1075 1834 1190 1869 eadem

299 1881 452 1919 rDecreta
475 1882 696 1925 publicantem
718 1907 729 1922 ,
755 1894 797 1918 ex
827 1884 1026 1920 Erfordiensi
1051 1884 1189 1928 Synodo

296 1931 495 1975 ..expulerint
523 1933 557 1969 δε
578 1932 815 1977 propemodum
842 1934 1038 1969 trucidarint
1059 1960 1070 1975 ,
1096 1937 1191 1970 refert

295 1980 505 2019 ..Lambertus
516 1982 823 2028 Schafnaburgenfis
834 2008 841 2015 .
871 1984 997 2020 Eadem
1010 1986 1131 2028 passum
1143 1986 1190 2019 di-

135 2057 189 2087 Ml,
208 2063 289 2089 ³275.

134 2529 195 2563 Ly.
211 2528 288 2564 Ep.3.

137 2868 258 2898 L.2.c.1.

309 2032 357 2068 cit
382 2033 418 2065 in
439 2033 643 2076 Moguntina
664 2034 825 2077 sequentis
849 2033 941 2068 Anni
966 2034 1103 2078 Synodo
1123 2057 1134 2073 ,
1159 2036 1191 2069 &

308 2082 419 2127 pergit
431 2095 442 2115 .-
466 2084 512 2118 sic
523 2085 646 2117 tandem
666 2089 710 2116 rei
731 2084 902 2127 difficultate
919 2082 1079 2126 fiaperatus
1092 2084 1190 2117 Archi·-

308 2131 458 2175 epiftopus
470 2132 581 2173 statuit
596 2132 653 2174 fibi
668 2134 804 2175 deinceps
828 2134 883 2167 tali·
905 2134 1060 2176 quaestione
1076 2139 1192 2167 omnino

305 2180 558 2225 supersedendum
568 2205 578 2222 ,
601 2184 636 2219 &⁵
647 2186 780 2217 Romano
793 2184 929 2226 Pontifici
939 2186 1168 2227 relinquendum
1179 2208 1189 2223 ,

305 2240 344 2265 ,ut
373 2229 491 2275 causam
503 2255 513 2270 ,
537 2243 630 2273 quam
654 2238 742 2266 toties
755 2232 818 2275 ipse
830 2235 973 2272 inutiliter
979 2233 1166 2277 proposuffet
1178 2258 1189 2273 ,

308 2283 360 2315 ille
369 2289 423 2323 per
431 2280 619 2325 semetipsum
629 2304 640 2322 ,
664 2285 782 2325 quando
806 2284 840 2318 (9·
853 2284 991 2327 quomodo
1003 2286 1114 2324 vellet,
1137 2292 1190 2325 pe-

309 2340 426 2366 roraret
450 2356 456 2362 .
487 2332 656 2375 Ejusmodi
680 2332 845 2376 Responsa
864 2335 988 2377 accepit
1013 2335 1191 2377 Gregorius

308 2380 353 2420 ab
365 2382 438 2416 aliis
454 2383 553 2418 etiam
564 2383 732 2426 Episcopis
743 2408 753 2423 ,
780 2382 855 2417 ideo
866 2393 903 2418 ut
927 2384 1038 2426 &ipse
1063 2383 1190 2418 lanatus

308 2431 510 2476 responderit
530 2433 663 2469 suorum
674 2433 890 2468 Decretorum
911 2444 966 2477 per
976 2433 1187 2470 Germaniam

308 2481 536 2516 executoribus
570 2482 763 2517 Passavienfi
800 2483 962 2526 Episcopo
999 2484 1031 2517 &
1061 2482 1186 2517 Abbati

308 2531 560 2576 Hirgauzienfi:
585 2534 723 2575 ,Quodde
734 2533 939 2566 Sacerdotibus
960 2534 1157 2577 interrogastis
1179 2558 1190 2573 ,

308 2583 407 2623 placet
424 2581 505 2614 nobis
515 2591 549 2615 ut
571 2587 602 2615 in
608 2579 802 2625 praesentiam
813 2607 823 2622 ,
851 2592 915 2616 tum
929 2592 1052 2626 propter
1070 2585 1188 2626 populo·

306 2643 377 2667 rum
396 2631 577 2665 turbationes
596 2657 606 2672 ,
630 2641 694 2664 tum
715 2638 805 2666 etiam
823 2641 944 2674 propter
971 2633 1107 2666 bonorum
1127 2639 1187 2666 ino·

309 2687 394 2724 piam
405 2706 415 2722 ,
439 2680 549 2725 scilicet
559 2689 629 2724 quia
644 2684 802 2724 paucrffimi
807 2682 881 2725 sunt
890 2689 943 2726 qui
949 2682 1088 2724 fidelibus
1100 2683 1188 2716 Chri-

306 2731 415 2773 stianis
437 2732 526 2773 efficia
547 2734 707 2776 Religionis
730 2731 905 2775 persolvant
930 2757 940 2773 ,
963 2741 1019 2774 pro
1038 2742 1186 2775 tempore,

312 2788 435 2826 rigorem
454 2787 636 2815 canonicum
656 2784 846 2823 temperando
859 2807 870 2822 ‚
893 2784 1025 2817 debeatis
1043 2782 1187 2827 Jiaeffi’rre.

311 2832 361 2867 Ita
372 2832 483 2876 coegit
494 2832 633 2866 Henrici
646 2831 748 2877 Regis
765 2834 800 2866 in
813 2833 977 2875 optimum
988 2833 1186 2868 Pontificem

312 2881 448 2919 rebellio
470 2906 480 2921 ,
506 2880 547 2915 ad
573 2892 673 2925 quem
698 2883 732 2915 in
747 2882 928 2917 Brixinensi
949 2884 1185 2918 conventiculo

312 2930 558 2975 degradandum
580 2931 673 2967 fuisse
693 2932 787 2965 illum
807 2932 828 2967 ὲ
846 2932 1031 2978 conjugatis
1051 2933 1186 2978 Presby-

312 2981 387 3013 teris
409 2983 578 3016 incensum
597 2981 633 3014 ὃς
658 2983 863 3025 persuasum,
890 2982 1021 3017 testatur
1041 2982 1075 3015 in
1098 2982 1186 3018 libris

312 3028 353 3064 de
363 3029 457 3071 gestis
466 3031 624 3065 Frederici
633 3031 731 3074 primi
742 3032 946 3077 Imperatoris
958 3035 1043 3069 Otto
1051 3033 1115 3077 Epi
1120 3035 1185 3068 sco·

314 3088 373 3121 pus
383 3078 587 3121 Frifingenfis
596 3106 603 3113 .

362 3127 423 3161 Per
435 3127 582 3161 Sanctum
603 3129 823 3166 Lanfrancum
844 3133 1112 3168 Cantuariensem
1126 3133 1186 3167 Ar-

311 3176 557 3219 chiepiscopum
570 3177 605 3208 in
617 3178 738 3223 Anglia
750 3205 761 3222 ,
773 3181 807 3217 &
817 3194 874 3225 per
885 3184 1070 3229 Hugonem
1084 3184 1184 3218 Dien-

316 3227 385 3261 sem
405 3224 603 3268 EPlscopum
617 3226 650 3258 ln
662 3227 768 3263 Gallia
781 3256 791 3271 ‚
818 3233 893 3266 suos
904 3233 1056 3268 Vicarios
1078 3235 1112 3266 ἀ
1123 3233 1184 3267 Le.

311 3285 410 3319 gatos
431 3299 443 3315 ,
470 3275 609 3309 Decreta
643 3276 696 3309 sua
720 3276 871 3315 Pontifex
897 3282 942 3316 est
965 3283 1183 3327 potentissime

309 3335 470 3360 executus
493 3349 500 3356 .
529 3324 572 3359 Et
594 3325 725 3367 quidem
744 3326 961 3365 Lanfrancum
984 3332 1184 3367 Guilielmus

314 3374 410 3414 Rex,
434 3373 617 3417 Hugonem
629 3374 761 3417 quidam
773 3376 933 3413 Gallicani
946 3381 1098 3425 Episcopi
1112 3382 1183 3417 stre-

315 3421 378 3460 nue
395 3422 603 3469 adjuvarunt.
629 3424 754 3459 Foetere
775 3426 912 3473 perstitit
934 3429 1000 3466 sola
1020 3431 1083 3468 fere
1104 3433 1183 3468 Ger·

661 149 862 201 'PRIMA
898 148 1302 199 Paconium-ts
1338 146 1773 208 Dissuta-rano,

1241 235 1379 1126 lama
1390 255 1401 271 ,
1426 231 1514 274 quod
1535 229 1700 277 Henricus
1710 235 1786 271 Rex
1805 234 1941 271 foedaret
1960 245 2000 271 ac
2008 236 2147 282 impedio·

1270 293 1318 316 ret
1339 282 1452 316 omnia
1466 306 1476 321 ,
1502 282 1536 315 ἅτ
1551 281 1656 324 plures
1678 284 1854 328 Episcopi,
1879 288 2050 331 praesertim
2061 288 2146 324 Gui-

1269 332 1399 366 lielmus
1423 332 1667 375 UltraJedlenfis
1689 357 1701 373 ,
1725 336 1877 372 scelerate
1896 336 1953 381 ipsi
1973 336 2145 374 adularen-

1269 391 1341 416 tur.

1318 431 1489 477 sigifridus
1501 432 1728 478 Moguntinus
1747 431 1767 467 a
1788 437 2034 473 contumacibus
2055 436 2144 473 Pres-

1269 481 1390 525 byteris
1400 483 1434 516 in
1448 482 1658 528 negligentia
1668 484 1818 518 somnum
1828 486 1915 520 afflu
1923 488 2066 525 dormire
2075 498 2144 531 per-

1267 532 1385 577 gebat.
1412 532 1793 568 HincSanfflAnnonis
1814 534 2045 579 Coloniensis,
2073 538 2144 570 Wi-

1265 583 1363 618 celini
1375 581 1662 628 Magdeburgenfis
1672 608 1682 623 ‚
1693 582 1869 618 Burchardi
1882 584 2146 622 Halberstadien-

1265 633 1304 666 sis
1325 657 1336 672 ‚
1362 634 1396 668 ὅ(
1417 644 1596 676 paucorum
1621 633 1776 668 fimilium
1804 635 2041 678 Episcoporum
2058 636 2143 672 'zelo

1264 682 1445 727 Gregorius
1466 683 1618 726 adjunxit
1647 695 1780 727 operam
1814 684 1988 728 Rudolphi
2013 696 2051 719 ac
2069 685 2144 724 Ber-

1265 730 1372 768 tholdi
1393 758 1404 774 ‚
1442 734 1576 769 Ducum
1602 733 1725 768 Sueviae
1750 736 1783 768 &
1819 733 1979 769 Carentiae
2000 746 2007 766 z
2043 735 2144 772 etiam

1265 782 1394 817 Alberti
1406 782 1631 818 Namurcenfis
1642 808 1652 824 ,
1663 785 1696 818 ὃς
1709 784 1848 819 Roberti
1862 784 2019 820 Comitis.
2046 785 2144 819 Flan-

1262 833 1425 869 drenfium
1436 835 1526 869 enim
1538 833 1748 877 Presbyteros
1759 835 1852 869 fuisse
1877 835 1977 880 longe
1996 834 2145 869 sordidis-

1262 883 1358 919 simos
1383 885 1415 918 δε
1429 884 1609 927 Episcopos
1622 885 1914 930 negligentissimos
1926 910 1936 926 ,
1964 886 2033 919 ime>
2055 884 2142 929 quasi

1261 933 1464 971 colludentes
1478 958 1488 974 ,
1514 934 1636 968 docent
1649 932 1903 977 Papaleslittetae
1923 935 1962 969 ad
1974 934 2142 970 laudatum

1261 982 1447 1018 Robertum
1473 985 1507 1019 <Sc
1529 983 1738 1019 Comitiffim
1761 984 1920 1020 Adclam.
1948 986 2072 1022 Etiam,
2086 997 2143 1029 per
2160 998 2315 1037 1459„

1260 1033 1384 1070 zelosos
1397 1046 1434 1069 ac
1447 1034 1505 1068 fibi
1521 1033 1632 1068 fideles
1643 1034 1834 1070 Monachos
1844 1037 1972 1070 curavit
1983 1035 2141 1070 Pontifex
2159 1047 2187 1069 et
2210 1049 2222 1068 i
2231 1048 2253 1067 ι.

1261 1084 1314 1118 sua
1327 1085 1467 1120 Decreta
1478 1084 1641 1128 divulgari
1654 1109 1661 1117 .
1690 1085 1734 1119 Et
1747 1086 1825 1120 hinc
1838 1096 1913 1120 nata
1926 1086 1971 1120 est
1995 1084 2143 1122 binaim-

1262 1145 1413 1177 purorum
1440 1135 1678 1177 Episcoporum
1698 1135 1732 1169 &
1751 1135 1958 1170 Clericorum
1978 1137 2141 1179 querimo-

1262 1196 1313 1219 nia
1334 1209 1340 1217 .
1369 1183 1518 1219 Primam>
1529 1183 1624 1219 refert
1636 1183 1792 1218 Pontifex
1804 1186 1837 1218 in
1850 1187 1969 1221 litteris
1977 1187 2018 1221 ad
2032 1187 2140 1221 lauda·

1259 1244 1310 1267 ros
1330 1234 1442 1269 Duces
1468 1232 1685 1276 Rudolphum
1711 1246 1747 1268 ac
1770 1233 2006 1269 Bettholdum:
2034 1235 2065 1268 51
2089 1240 2142 1278 qut

1258 1294 1359 1317 contra
1372 1296 1427 1318 vos
1440 1308 1450 1324 ,
1477 1283 1558 1326 quafi
1565 1283 1646 1325 istud
1656 1284 1738 1325 officii
1754 1284 1843 1325 vestri
1853 1296 1910 1318 non
1924 1286 1990 1329 effes
2002 1309 2012 1324 ,
2022 1286 2142 1328 aliquid
2161 1269 2311 1307 L²'Ep‘⁴5

1253 1340 1370 1378 garrire
1388 1340 1555 1375 incipiant,
1583 1332 1635 1366 hoc
1654 1335 1716 1366 illis
1738 1333 1926 1376 respondete,
1952 1345 1986 1368 ut
2011 1334 2140 1375 vestram

1258 1386 1291 1418 <tr
1301 1385 1401 1426 populi
1405 1382 1534 1426 salutem
1545 1395 1602 1416 non
1616 1384 1806 1424 impedientes
1819 1409 1831 1424 ,
1857 1387 1895 1419 de
1904 1384 2038 1427 inJ'unc‘Za
2052 1385 2139 1419 vobis

1256 1434 1423 1467 obedientia
1436 1434 1481 1465 ad
1491 1445 1543 1467 nos
1558 1431 1703 1474 nobifi·um
1714 1432 1894 1475 disputaturi
1903 1442 2041 1469 veniant.
2068 1435 2141 1470 Uti

1258 1483 1406 1518 adversus
1427 1484 1578 1526 quintam
1592 1481 1766 1524 synodum
1792 1483 1928 1518 rebelles
1938 1485 2038 1518 trium
2054 1485 2140 1528 capi-

1258 1533 1403 1567 tulorum
1414 1533 1597 1566 defensores
1609 1530 1781 1576 Pelagium
1805 1532 1966 1575 primum,
1991 1534 2137 1569 Narseris

1257 1583 1400 1618 Comitis
1414 1594 1538 1617 armato
1554 1581 1688 1617 brachio
1699 1582 1740 1617 ad
1761 1582 1848 1625 ipsos
1860 1583 2140 1628 Constantinopo-

1258 1634 1316 1667 lim
1328 1633 1546 1676 deportandos
1559 1634 1654 1669 usum
1665 1658 1676 1674 ,
1703 1632 1744 1666 de
1764 1632 1885 1667 violata
1898 1633 2051 1668 Clericali
2077 1633 2139 1668 im·

1256 1684 1416 1719 munitate
1441 1683 1474 1716 &
1495 1684 1595 1718 motis
1607 1681 1798 1729 Christiano
1824 1693 1969 1728 tempore
1995 1684 2140 1727 persecu·-

1257 1733 1422 1774 tionibus,
1450 1733 1495 1767 ita
1518 1733 1618 1767 etiam
1630 1732 1826 1778 Gregorium
1838 1735 2012 1778 septimum
2034 1733 2139 1768 forni-

1256 1783 1334 1817 carii
1345 1782 1499 1826 Episcopi
1525 1784 1560 1819 ὃς
1571 1782 1690 1819 Clerici
1703 1783 1896 1818 accusabant
1910 1809 1917 1817 .
1947 1785 1992 1819 Et
2005 1784 2053 1818 uti
2066 1782 2137 1821 istis

1257 1834 1400 1878 Magnus
1419 1858 1430 1875 ,
1467 1834 1513 1868 ita
1537 1833 1588 1867 his
1609 1833 1774 1876 respondit
1808 1834 1915 1868 noster
1934 1834 2135 1880 Gregorius:

1256 1887 1381 1917 Romam
1414 1888 1540 1918 veniant
1561 1882 1707 1926 nobiscum
1728 1882 1912 1926 disputaturi
1936 1910 1943 1918 .
1983 1883 2136 1918 Alteram

1256 1933 1495 1977 querimoniam
1515 1932 1663 1978 producit
1675 1935 1821 1977 impurus
1840 1937 1951 1969 auctor
1971 1931 2137 1968 Chronici

1257 1984 1489 2028 Augustenfis:
1517 1987 1662 2027 Gyrovaga·
1667 1983 1724 2026 sub
1737 1985 1884 2027 religionis
1900 1981 1999 2027 specie
2021 1981 2136 2026 discur-
2154 1990 2210 2018 An.
2229 1998 2311 2026 ¹0⁷5·

1255 2043 1353 2068 remes
1368 2039 1535 2066 maximam
1545 2035 1652 2076 ubique
1656 2033 1809 2077 seminant
1821 2032 2008 2077 discerdiam.
2038 2035 2135 2075 Papa
2151 2035 2180 2058 et
2203 2033 2286 2064 ¹0⁷⁶·

1255 2086 1413 2117 Decretum
1436 2094 1550 2116 enorme
1575 2085 1612 2117 de
1621 2089 1806 2117 continentia
1828 2083 2136 2124 clericorumperlai-

1254 2144 1298 2168 cos
1310 2133 1484 2176 divulgatur
1497 2158 1503 2165 .
1533 2135 1703 2167 sacerdotes
1716 2136 1736 2177 ᾇ
1747 2135 1833 2167 laicis
1839 2142 1898 2175 pro
1907 2133 2058 2168 connubiis
2077 2138 2135 2166 mi-

1248 2181 1418 2226 serabiliter
1444 2185 1602 2224 cfficiuntur
1624 2209 1632 2218 .
1676 2188 1742 2217 Fas
1767 2185 1802 2220 Θ
1828 2183 1914 2226 nefits
1933 2210 1945 2226 ‚
1966 2181 2134 2227 promiscua

1253 2238 1354 2267 omnia
1367 2258 1379 2274 ,
1402 2232 1542 2276 confusa.
1570 2233 1712 2268 Emissos
1733 2231 1924 2270 aPontifice
1947 2232 2136 2269 Monachos

1255 2293 1350 2317 vocat
1363 2283 1567 2328 Gyrovagos.
1590 2285 1714 2318 Eorum
1726 2294 1810 2318 unus
1821 2284 1884 2318 fuit
1897 2282 2138 2329 Magenoldus,

1254 2333 1408 2377 regularis
1419 2333 1564 2369 Clericus
1573 2359 1584 2374 ,
1611 2345 1710 2377 quern
1720 2332 1765 2368 ob
1774 2334 1916 2368 similem
1925 2334 2137 2378 gyrationem

1253 2382 1345 2416 fuisse
1366 2382 1384 2417 ὲ
1407 2383 1635 2419 scortatoribus
1660 2383 1799 2416 Clericis
1818 2383 2000 2426 gravissima
2010 2382 2135 2425 passum
2154 2370 2209 2399 An·
2227 2375 2318 2413 ¹09⁴&

1254 2432 1360 2467 scribit
1376 2432 1574 2467 Berrholdus
1588 2432 1865 2467 Constantiensis.
1893 2432 1947 2467 Ex
1959 2432 2030 2474 ipsis
2050 2431 2132 2466 item

1253 2483 1345 2518 fuisse
1354 2482 1507 2519 existimo
1538 2484 1633 2517 illum
1645 2481 1838 2520 hominem,
1863 2491 1960 2524 quem
1983 2481 2135 2516 Camera-

1252 2535 1364 2568 censes
1376 2534 1487 2566 vivum
1498 2532 1739 2569 combusserunt
1751 2555 1758 2562 .
1787 2531 1914 2565 Eorum
1928 2531 2018 2566 zelus
2035 2530 2133 2574 poffit

1250 2582 1446 2628 quandoque
1470 2594 1539 2616 non
1559 2582 1633 2615 satis
1656 2579 1798 2614 habuisse
1817 2580 1912 2620 salis,
1938 2580 2066 2624 plebem
2094 2580 2132 2614 in

1251 2644 1406 2668 uxoratos
1418 2631 1564 2666 Clericos
1577 2631 1718 2665 nimium
1730 2630 1943 2664 inflammasse
1956 2655 1967 2671 ,
1977 2641 2073 2673 atque
2082 2630 2130 2665 ita

1249 2683 1368 2718 dedisse
1382 2683 1492 2716 ansam
1506 2706 1516 2722 ,
1543 2691 1580 2716 ut
1607 2682 1750 2724 ipsorum
1761 2682 1920 2723 personae,
1946 2682 1980 2715 &
2001 2681 2076 2715 data
2087 2680 2129 2714 ab

1250 2735 1320 2779 ipsis
1334 2733 1539 2767 Sacramenta
1554 2730 1740 2766 scandalose
1752 2732 1960 2765 tractarentur
1972 2757 1979 2763 .

1299 2783 1432 2817 Etenim
1444 2782 1582 2816 similem
1592 2781 1858 2816 Florentinorum
1870 2780 2128 2820 Monachorum,

1249 2834 1298 2868 sui
1320 2832 1360 2867 de
1381 2833 1528 2869 Simonia
1554 2832 1709 2866 defamari
1733 2831 1886 2875 Episcopi
1920 2833 2126 2866 Sacramenta

1249 2884 1465 2918 aversantium
1491 2906 1502 2922 ,
1528 2882 1692 2917 excelsum
1715 2881 1868 2915 describit
1887 2882 1922 2913 in
1944 2878 2059 2913 litteris
2081 2875 2125 2911 acl

1248 2933 1396 2968 eamdem
1409 2932 1577 2967 civitatem
1588 2932 1721 2966 Sanetus
1738 2931 1851 2966 Petrus
1873 2927 2027 2964 Damiani
2039 2940 2051 2959 .-
2075 2927 2129 2960 Ad
2143 2945 2200 2975 12⁸.
2207 2947 2296 2984 59⁸1„

1249 2982 1474 3017 Commonachos
1500 2994 1577 3016 meos
1601 2983 1758 3015 articulum
1780 2980 1946 3022 transfero,
1971 2980 1992 3008 ἃ
2014 2976 2123 3018 quibus

1243 3034 1376 3076 pmfhc‘lo
1384 3033 1539 3076 procedere
1551 3042 1652 3066 notam
1661 3032 1737 3065 hanc
1741 3031 1887 3075 jurgandi
1895 3032 2053 3060 materiam
2063 3038 2122 3061 non

1247 3090 1363 3128 ignoro.
1390 3085 1500 3116 Dicunt
1511 3089 1590 3116 enim
1603 3107 1613 3123 ‚
1639 3089 1711 3125 quia
1730 3082 1769 3114 ab
1782 3075 1948 3119 hujusmodi
1959 3077 2121 3109 Sacerdoti-

1247 3135 1301 3167 bus
1313 3145 1364 3167 nec
1373 3131 1513 3176 chrisma
1525 3135 1642 3177 confici,
1669 3142 1720 3165 nec
1747 3124 1870 3167 Ecclefia
1889 3127 2044 3168 dedicari,
2067 3138 2120 3161 ²¹8⁶

1246 3184 1405 3217 clericalia
1408 3185 1485 3223 jura
1495 3182 1621 3224 conferri
1632 3206 1643 3222 ,
1669 3191 1719 3214 nec
1730 3176 1883 3219 Miffarum
1900 3176 1959 3210 ullo
1976 3188 2121 3219 umquam

1245 3242 1374 3275 tempore
1389 3241 1551 3275 potuerunt
1557 3230 1698 3275 solemnia
1709 3227 1852 3259 celebrari
1867 3250 1875 3258 ·
1902 3229 1949 3259 Et
1969 3236 2034 3260 term
2055 3226 2121 3260 ὧδε

1243 3284 1426 3324 impudenter
1451 3283 1608 3327 allegant,
1632 3284 1664 3309 ut
1688 3287 1766 3309 anno
1791 3286 1850 3310 10ΐο
1874 3278 2064 3318 “impulerint
2083 3281 2117 3309 ln

1243 3334 1337 3366 tribus
1349 3333 1486 3367 Plebibus
1501 3331 1563 3374 fine
1574 3324 1762 3369 consperfione
1785 3325 1967 3370 chrismatis
1987 3323 2118 3358 catechu-

1243 3395 1340 3417 menos
1352 3385 1520 3425 baptizari.
1543 3378 1604 3410 sed
1611 3388 1673 3410 cum
1687 3375 1821 3416 Christus
1846 3374 2045 3418 proculdubio
2066 3374 2119 3408 de-

1243 3425 1613 3471 nomineturacbrismate
1625 3451 1635 3469 ‚
1662 3427 1707 3460 nil
1722 3428 1808 3461 aliud
1828 3426 1937 3463 tollunt
1959 3421 2118 3467 Baptismo

2016 3471 2072 3516 ²¹¹st
