2352 3736
382 166 443 207 30

687 147 880 195 PRIMA
914 147 1323 193 Pnonomitrs
1356 147 1802 206 Dissunrnrxo,

307 245 377 268 vero
400 234 481 277 quod
497 235 589 276 aliqui
598 234 700 267 dicunt
712 257 724 274 ‚
751 235 850 268 Vidua
870 245 939 276 quae
961 231 1113 266 benedilla
1135 244 1194 267 non
1253 233 1383 277 nuptias
1396 232 1518 277 lapsum
1530 257 1542 274 ,
1567 235 1860 280 Mopsuestiensem
1870 239 1981 284 postea
1990 252 2067 277 cum
2076 249 2131 278 toe-

301 285 368 326 fuit
379 310 390 326 ,
414 295 505 327 quare
517 295 575 316 „on
587 283 672 317 debet
691 289 833 318 maritum
858 290 985 325 accipere
998 283 1015 314 ἓ
1042 287 1119 316 cum
1138 295 1195 317 om-
1253 285 1321 328 post
1334 294 1473 318 mortem
1485 286 1753 323 contentionibus
1765 291 1964 334 Episcopum
1975 316 1987 333 ,
2014 293 2127 329 scribit

305 345 361 368 nes
377 333 474 378 sciunt
485 334 563 375 quod
573 344 722 377 nunquam
737 339 769 367 in
795 337 951 366 Canonicis
963 334 1074 365 litteris
1086 334 1192 378 legitur
1251 336 1385 369 Sanetus
1396 335 1537 377 Joannes
1548 332 1818 378 Chrysostomus:
1846 345 1996 386 Legitima
2003 343 2126 386 &julla

303 385 462 418 benedic‘iio
473 385 609 418 vidualis
621 409 629 416 .
657 383 739 418 Non
753 395 794 418 an
810 383 944 422 liceret,
964 382 1018 417 sed
1044 394 1087 417 an
1108 385 1192 418 vale·

303 443 352 467 ret
372 433 503 467 istarum
525 435 735 478 personarum
761 431 956 476 conjugium
978 457 990 474 ‚
1012 444 1081 468 erat
1106 445 1189 478 quae·

1251 396 1297 418 res
1316 385 1354 425 ⁶st
1374 387 1539 429 coniugium
1551 399 1562 418 :
1589 387 1623 419 (a'
1635 388 1697 429 ipse
1699 385 1820 427 fateor.
1845 394 1905 425 Sed
1913 392 1971 426 tibi
1979 394 2054 434 jam
2064 405 2125 428 m„
2141 362 2299 399 hp'²‘c'¹¹‘

1248 435 1285 475 est
1306 441 1454 479 integrum
1469 438 1546 478 jura
1571 437 1708 469 connubii
1725 435 1850 479 servare
1869 467 1876 474 .
1904 442 2018 483 Coelesti
2042 449 2126 480 enim

303 482 386 517 stio.
414 484 502 532 Qis
526 484 616 518 enim
644 482 750 515 fidelis
769 492 916 523 unquam
938 484 1118 525 quaesierit,
1145 496 1186 518 an
1243 484 1350 528 sponso
1366 485 1461 528 semel
1471 486 1631 527 junelum,
1663 490 1744 520 illum
1767 489 1948 532 relinquere,
1975 494 2124 528 &umis

301 534 542 568 continentiam
563 533 705 576 professae
716 531 860 577 virgini,
892 541 949 567 aut
970 533 1074 570 viduae
1092 534 1186 569 liceat

301 583 571 618 matrimonium?
596 581 758 629 Qaedam
779 582 922 627 virgines
939 595 1005 617 non
1022 586 1054 618 in
1070 584 1185 628 profes-

300 632 397 668 tionis
413 633 501 666 istius
511 630 653 676 figillum
667 655 679 672 ,
704 631 758 665 sed
767 631 939 667 dumtaxat
958 634 1106 668 adversus
1121 635 1183 670 Ra-

300 692 430 727 ptorum
452 681 649 716 violentiam
669 679 798 725 ajebant
823 684 856 717 se
879 686 1013 718 mutasse
1039 685 1157 719 vestem
1171 710 1182 726 ‚

299 730 440 775 quaedam
462 730 566 765 viduae
588 731 653 765 sese
681 732 940 768 Sacerdotalibus
967 734 1113 778 precibus
1135 737 1182 770 so-

299 782 450 816 lemniter
460 792 530 815 non
547 780 729 817 benedietas
757 783 1014 826 cavillabantur,
1040 785 1180 829 ideoque

125 807 243 844 cmm*
295 831 314 864 a
328 831 437 865 valido
448 831 607 876 conjugio
621 843 689 865 non
702 834 800 867 arceri
812 859 819 866 .
848 833 994 877 Ipsarum
1014 835 1179 870 nihilomi-

1246 535 1363 578 laqueis
1388 537 1535 577 implicari
1561 537 1599 576 est
1635 538 1775 571 adulterii
1809 544 1919 572 crimen
1950 546 2099 579 incurrere
2113 569 2123 577 .

1247 587 1401 629 ‚Quamvis
1422 587 1530 619 milltes
1553 586 1605 619 hoc
1626 586 1723 630 ipsum
1743 599 1826 622 voces
1843 594 1990 630 nuptias,
2013 603 2063 635 ego
2074 603 2123 627 ta-

1246 648 1313 669 men
1334 636 1524 669 &adulterio
1540 637 1617 669 illud
1638 646 1724 671 tanto
1740 640 1832 682 pejus
1854 641 1965 681 affirmo
1977 663 1988 680 ,
2013 651 2122 682 quanto

1246 688 1341 727 major
1350 697 1385 719 ac
1395 688 1494 719 melior
1504 687 1679 721 mortalibus
1697 691 1772 722 Deus
1783 713 1790 719 .
1817 689 1854 722 N
1855 688 1966 723 ervose
1977 689 2122 727 ostendit

1245 736 1373 778 penitus
1394 737 1520 770 irritum
1544 736 1608 770 effe
1634 738 1819 773 istiusmodi
1841 739 2059 783 conjugium,
2087 741 2128 776 ὅτ.

1246 786 1408 830 subjungit
1423 789 1571 820 causam:
1598 787 1694 820 Nihil
1701 795 1734 821 in
1743 797 1771 822 te
1780 796 1905 831 penitus
1917 796 1962 822 tui
1964 792 2047 830 J'uris
2059 790 2097 830 est
2111 816 2120 824 .
2161 828 2165 833 ,

1243 841 1329 869 Nam
1335 836 1365 878 fi
1372 838 1476 870 mulier
1493 843 1611 879 proprii
1619 844 1746 880 corporis
1761 851 1818 872 non
1829 839 1919 873 babet
1925 840 2100 881 potestatem
2109 866 2121 882 ,

295 892 358 915 nus
368 893 471 926 nugas
484 882 617 916 damnat
628 905 640 921 ,
665 882 700 916 &
711 893 866 918 attentata
878 885 1031 929 conjugia
1043 887 1177 929 separari
1238 885 1294 928 fied
1314 893 1364 919 vir
1377 913 1387 927 ‚
1412 888 1504 920 multa
1524 893 1622 931 magis
1645 887 1677 920 bi
1687 912 1698 929 ,
1725 888 1899 931 quichnsto
1918 896 2018 931 potius
2029 903 2123 933 quam

293 931 612 975 mandatsynodus,
641 932 789 977 adeoque
811 930 918 976 palam
940 936 1048 969 censet
1068 936 1175 970 irrita.

294 980 425 1015 Illarum
441 983 571 1024 nuptias
582 981 643 1015 este
653 984 762 1025 potius
774 983 918 1027 stuprum
946 996 1042 1028 quam
1064 987 1176 1029 conju-

293 1032 386 1075 gium
421 1029 538 1066 definit
577 1033 679 1075 prima
716 1035 870 1077 synodus
909 1035 1174 1070 Matisconenfis.

294 1081 476 1128 Qousque
490 1083 554 1116 sese
566 1083 738 1125 separarint
751 1107 761 1122 ‚
787 1083 827 1117 ab
852 1084 1076 1120 Ecclefiastica
1088 1098 1176 1121 corn-

294 1130 452 1166 munione
478 1132 513 1165 &
543 1133 695 1167 omnium
722 1133 987 1169 Christianorum
1020 1137 1173 1171 convivio

293 1182 438 1225 separant
462 1182 690 1226 Lugdunensis
710 1184 803 1219 tertia
824 1210 836 1226 ,
876 1186 910 1220 ἀ
936 1186 1050 1230 quinta
1087 1187 1174 1221 Pari-

292 1232 415 1267 fienfis.

301 1311 305 1314 ,
341 1282 433 1317 Idem
454 1295 512 1327 pro
524 1285 756 1330 Hispaniarum
771 1288 921 1322 Ecclefiis
946 1288 1093 1322 statuunt
1115 1288 1170 1329 Sy-

292 1333 400 1367 nodus
418 1335 587 1379 ilerdensis
599 1360 609 1376 ,
619 1338 883 1372 ‘Barcinonenfis
894 1363 905 1378 ,
933 1339 966 1372 &
978 1347 1088 1381 quarta
1101 1337 1172 1371 To-

290 1382 416 1417 letan-a.
439 1386 544 1418 Sancti
566 1385 751 1424 Bachiarii,
775 1387 982 1422 &Gennadio
994 1387 1173 1422 Maffilien-

289 1432 354 1465 fiin
367 1433 508 1467 virorum
523 1434 696 1469 illustrium
721 1437 874 1480 catalogo
888 1438 1032 1478 laudati,
1060 1438 1171 1471 dostis-

287 1482 399 1515 fimam
413 1483 593 1525 Epistolam
616 1494 683 1516 non
700 1486 813 1525 possirn
824 1487 981 1527 praeterire
995 1511 1001 1518 .
1029 1489 1118 1521 Cum
1130 1489 1173 1521 sa-

286 1542 341 1565 cra
359 1532 485 1577 virgine
505 1533 538 1565 in
559 1531 812 1567 fornicationem
833 1535 923 1578 lapso
944 1535 1118 1570 Monacho
1135 1548 1170 1570 ut

286 1582 412 1616 crimen
439 1583 532 1616 initis
551 1593 628 1616 cum
643 1584 708 1626 ipsa
733 1584 856 1627 nuptiis
875 1586 1084 1627 emendaret,
1103 1588 1174 1628 qui-

287 1630 423 1666 busdam
435 1632 644 1667 suadentibus
655 1634 823 1678 insigniter
836 1634 893 1668 ille
904 1637 1086 1678 respondit:
1116 1638 1172 1670 Ab.

257 1714 259 1716 ,
280 1680 321 1723 fit
331 1681 383 1715 hoc
394 1684 414 1714 a
426 1681 588 1722 Christiani
603 1689 660 1717 oris
686 1686 796 1726 eloquio
813 1710 820 1717 .
845 1688 996 1727 Serpentis
1006 1687 1062 1719 iffa
1071 1686 1173 1731 sugge-

279 1731 336 1772 stio
343 1732 384 1773 est
398 1757 409 1772 ‚
434 1743 467 1766 ut
490 1734 570 1766 illius
587 1745 675 1775 quem
684 1737 787 1768 occidit
800 1759 810 1775 ,
835 1743 924 1768 etiam
942 1738 1074 1770 cadaver
1086 1738 1172 1780 absu-

285 1790 371 1815 mat.
397 1787 510 1816 Nonne
527 1782 620 1824 fimile
644 1783 681 1823 est
706 1810 717 1826 ,
737 1785 767 1826 fi
784 1791 848 1829 quis
869 1788 1012 1829 percuffus
1028 1794 1172 1831 graviter

285 1840 417 1866 extremo
441 1833 557 1866 anhelet
567 1840 599 1867 in
608 1834 671 1877 fine
685 1859 696 1875 ,
723 1837 756 1869 ἐν
769 1830 846 1869 hicne
859 1846 991 1870 terrenus
1014 1838 1177 1880 medicusfi

279 1881 366 1925 forte*
386 1881 576 1924 visitaverit,
601 1890 674 1926 quia
694 1895 752 1917 non
768 1887 844 1929 posse
858 1893 963 1921 vivere
978 1885 1169 1930 suspicatur,

285 1931 420 1966 hortetur
430 1934 546 1967 occidi?
572 1933 719 1968 Nervose
736 1935 879 1971 ostendit
905 1937 1097 1982 conjugium
1109 1939 1171 1973 effe

285 1982 427 2028 religiosi
452 1985 598 2019 nominis
623 1985 837 2027 vocabulum,
869 1988 904 2020 in
916 1987 1091 2022 Monacho
1115 1999 1170 2022 aut

285 2033 432 2068 Moniali
458 2045 518 2069 nec
530 2034 626 2070 licere
645 2047 704 2070 nec
720 2039 806 2079 poffe
818 2037 924 2071 valere
935 2062 946 2078 ,
973 2038 1112 2081 ideoque
1124 2037 1172 2071 hi-

286 2084 336 2117 sce
356 2085 449 2126 lapsis
472 2085 601 2119 nullum
624 2086 682 2119 nisi
705 2087 723 2119 a
749 2087 943 2121 Monasterii
965 2098 1087 2122 carcere
1107 2089 1170 2122 esse

285 2134 373 2176 spem
384 2134 496 2167 salutis
508 2160 516 2167 .
546 2135 659 2170 Exstat
670 2135 819 2179 Epistola
830 2137 946 2171 Tomo
971 2138 1068 2171 tertio
1081 2139 1170 2171 sacrae

285 2182 502 2218 Bibliotheca
514 2207 521 2215 .
550 2185 661 2219 Etiam
675 2186 709 2219 in
722 2186 836 2220 litteris
846 2187 886 2221 ad
899 2189 1073 2230 Lucaniae,
1094 2188 1171 2221 Bru·

288 2234 326 2267 tii
341 2257 351 2272 ,
378 2244 414 2266 ac
428 2234 547 2267 Siciliae
559 2234 741 2277 Episcopos
755 2236 902 2271 Gelafius
913 2238 1034 2281 primus
1050 2262 1061 2278 ‚
1078 2239 1169 2280 Sym-

287 2281 422 2317 machus
444 2284 477 2316 in
494 2283 610 2316 litteris
631 2285 670 2318 ad
682 2285 834 2320 Sannum
854 2287 1032 2322 Caesarium
1054 2286 1172 2321 Archi·

287 2333 474 2376 episcopum
489 2331 711 2367 Arelatensem
728 2358 738 2373 ‚
758 2347 795 2368 ac
807 2336 841 2368 in
854 2336 968 2369 litteris
978 2337 1074 2371 variis
1085 2337 1168 2371 istud

287 2384 391 2428 ipsum
414 2383 511 2417 docet
521 2384 655 2418 sanstus
668 2384 845 2426 Gregorius
854 2386 1003 2430 Magnus
1014 2404 1021 2418 t

337 2433 462 2468 Eadem
472 2434 538 2467 fuit
551 2434 709 2468 sententia
726 2435 873 2468 Ecclefiae
884 2435 1021 2470 Graecae.
1037 2437 1169 2470 Etenim

287 2485 323 2517 in
345 2483 460 2517 litteris
473 2484 655 2520 Canonicis
678 2484 717 2518 ad
732 2485 881 2518 Sanstum
896 2484 1168 2530 Amphilochium

287 2532 399 2567 scribit
422 2533 568 2577 Magnus
592 2534 747 2568 Basilius:
775 2539 988 2569 canonicorum
1009 2536 1171 2578 fornicatio

282 2591 339 2626 pro
350 2588 536 2616 matrimonio
555 2595 612 2616 non
624 2593 776 2625 reputetur
790 2609 799 2624 ‚
819 2583 879 2627 sed
889 2597 985 2619 eorum
1008 2587 1171 2627 conjunc‘lio

288 2639 403 2667 omnino
426 2633 603 2667 divellatur.
634 2642 692 2670 Hoc
715 2640 793 2668 enim
823 2636 867 2667 ad
877 2635 1010 2678 Ecclefiae
1028 2635 1170 2679 securita-

288 2683 398 2724 temest
419 2684 488 2716 utile
501 2707 511 2724 ,
537 2684 730 2718 &haereticis
752 2683 914 2726 adversum
926 2698 976 2719 nos
1000 2698 1057 2719 non
1083 2687 1168 2719 dabit

288 2733 394 2777 ansam
406 2758 416 2773 ‚
442 2734 645 2775 quodpropter
664 2737 803 2776 peccandi
812 2736 985 2769 libertatem
1006 2738 1050 2769 ad
1059 2748 1109 2769 nos
1121 2746 1168 2769 at-

289 2783 460 2817 trahamus.
488 2784 550 2817 Per
565 2784 753 2818 Canonicos
766 2785 817 2819 seu
831 2785 1008 2830 Regulares
1022 2787 1161 2830 intelligi

289 2833 427 2876 majores
455 2834 600 2868 Clericos
621 2860 630 2875 ,
669 2836 886 2879 profeffosque
912 2835 1102 2870 Monachos
1127 2849 1164 2870 ac

289 2884 456 2918 Moniaies
469 2907 478 2923 ‚
503 2883 582 2918 ῐεᾶὲ
595 2885 732 2918 advertit
752 2883 954 2919 Theodorus
969 2887 1139 2920 Balsamon
1156 2910 1162 2916 .

291 2934 365 2977 Ego
383 2933 564 2968 existimem
588 2946 654 2968 non
674 2933 714 2968 de
739 2934 1018 2979 quibuscumque,
1047 2935 1100 2969 sed
1123 2935 1163 2969 de

122 1072 194 1109 Cap·
211 1079 237 1108 3.

117 1302 191 1339 Cap.
210 1307 237 1331 6.

116 1343 192 1379 Cap.
210 1354 256 1379 52.

110 2142 232 2181 Epist-9.

112 2182 229 2221 Epist.3.

114 2533 187 2571 Cap
206 2535 230 2560 6.

292 2984 366 3015 solis
377 2983 460 3025 apud
478 2983 645 3027 haereticos
655 2985 813 3027 promotis
822 3007 832 3023 ‚
858 2996 895 3018 ac
908 2985 1050 3028 professis
1064 2985 1165 3018 Cleri-

290 3032 339 3065 cis
355 3032 388 3063 &
400 3033 576 3067 Monachis
588 3034 727 3068 retulisse
741 3033 1014 3077 Amphilochium
1025 3061 1036 3077 ‚
1062 3036 1095 3069 &
1106 3035 1164 3069 Ba·

293 3080 401 3114 filium
422 3084 634 3124 respondisse,
659 3084 749 3128 quod
773 3085 854 3118 faeta
875 3096 965 3118 extra
991 3085 1162 3119 Ecclesiam

294 3138 370 3163 vota
380 3129 511 3171 quidam
518 3135 678 3167 censerent
694 3134 780 3168 irrita
792 3135 826 3168 &
838 3134 1039 3170 exsufflanda
1051 3161 1059 3166 .
1086 3135 1164 3169 Hoc

295 3179 416 3214 evincit
428 3180 510 3213 ratio
533 3191 590 3222 pro
601 3184 749 3224 responso
758 3182 910 3219 adduaa.
938 3185 986 3219 Ita
1017 3185 1103 3220 lucet
1124 3184 1165 3219 de

295 3228 446 3262 attentati
469 3240 522 3271 per
532 3227 735 3265 orthodoxos
755 3234 902 3268 Clericos
911 3245 966 3269 aut
979 3232 1165 3269 Monachos

297 3277 454 3311 connubii
481 3279 681 3313 invaliditate
712 3292 770 3314 nec
792 3283 878 3318 hunc
898 3297 958 3319 nec
983 3285 1076 3318 illum
1098 3297 1166 3318 um-

296 3338 396 3371 quam
408 3326 584 3371 ambegisse
601 3352 607 3359 .
638 3328 684 3362 Ea
692 3330 782 3362 enim
792 3330 855 3371 jam
868 3335 990 3374 pridem
1003 3335 1089 3369 irrita
1100 3335 1164 3370 edi-

300 3387 388 3412 xerat
395 3388 438 3410 ex
454 3377 647 3419 Apostolico
659 3378 797 3411 canone
808 3381 957 3422 Synodus
971 3385 1142 3426 Ancyrana
1157 3410 1164 3417 .

301 3427 345 3462 Et
369 3425 410 3461 ad
430 3425 648 3464 Theodorum
681 3427 887 3465 Monachum
906 3455 918 3471 ‚
944 3433 979 3466 in
1000 3435 1166 3481 sacrilegas

1234 935 1290 978 fibi
1303 943 1418 970 vivunt
1429 961 1440 977 ‚
1465 939 1606 971 ditionem
1611 936 1634 981 s
1630 944 1660 971 ui
1671 946 1796 981 corporis
1805 939 1912 973 babere
1921 952 1978 975 non
1984 941 2099 983 possunt
2108 964 2117 973 .

1242 987 1394 1021 Solemne
1406 987 1563 1022 castitatis
1575 999 1693 1023 votum
1713 990 1809 1033 ponit
1824 989 1993 1025 bominem
2013 990 2049 1024 in
2061 990 2124 1026 sta·

1241 1046 1276 1070 tu
1289 1061 1299 1077 ‚
1325 1037 1357 1071 &
1369 1038 1447 1071 facit
1457 1038 1518 1071 esse
1530 1038 1608 1080 juris
1621 1039 1740 1073 alieni.

1288 1086 1460 1121 Consonat
1492 1088 1598 1122 sextus
1619 1088 1763 1123 decimus
1785 1090 1904 1125 Canon
1939 1090 2123 1126 Chalcedo-

1241 1137 1341 1170 nenfis
1353 1151 1364 1170 :
1389 1141 1562 1180 Virginem,
1587 1149 1653 1180 quae
1670 1137 1703 1182 se
1724 1141 1849 1173 Domino
1862 1143 1923 1174 Deo
1942 1142 2120 1182 dedicavit,

1231 1185 1368 1227 similiter
1395 1188 1429 1220 (9
1444 1186 1602 1220 Monachos
1617 1211 1628 1226 ‚
1655 1200 1714 1221 non
1735 1190 1820 1223 licere
1840 1198 2030 1225 matrimomo
2048 1194 2123 1233 Jun-

1232 1242 1285 1280 gi.
1315 1239 1366 1269 Sin
1382 1247 1480 1270 autem
1505 1237 1558 1270 hoc
1570 1236 1671 1279 feciffe
1691 1243 1810 1271 inventi
1822 1238 1942 1280 fuerint
1955 1264 1965 1280 ,
1984 1239 2046 1281 fint
2069 1251 2122 1273 ero-

1237 1294 1464 1320 communicati.
1492 1286 1699 1331 Coniugium
1721 1286 1874 1323 declarari
1898 1290 2025 1324 irritum
2038 1290 2120 1324 affir-

1238 1338 1372 1370 mantin
1384 1339 1537 1379 responfis
1546 1338 1585 1371 ad
1599 1338 1802 1373 Francorum
1825 1339 1973 1374 consulta
1985 1338 2120 1383 Stepha·
2134 1350 2206 1388 C²P¹
2226 1359 2253 1384 ⁷·

1241 1398 1299 1421 nus
1319 1386 1477 1421 secundus
1504 1386 1660 1421 Pontifex
1683 1411 1694 1427 ‚
1720 1388 1755 1422 in
1779 1389 1960 1424 Canonum
1981 1390 2118 1434 Synopfi
2135 1393 2170 1421 C.
2185 1396 2249 1420 106·

1240 1438 1393 1471 Arsenius
1404 1435 1592 1469 Monachus
1602 1461 1613 1476 ‚
1624 1436 1706 1470 acin
1721 1437 1849 1472 adduffi
1862 1439 2013 1477 canonis
2026 1438 2118 1474 scho-

1239 1487 1282 1520 lio
1300 1485 1500 1521 Theodorus
1514 1486 1686 1520 Balsamon
1701 1510 1712 1526 ‚
1738 1488 1900 1521 affirmans
1911 1489 2013 1531 ipsum
2025 1489 2120 1534 loqui

1237 1538 1335 1571 etiarn
1358 1537 1399 1570 de
1409 1538 1603 1570 consecratis
1626 1548 1717 1571 extra
1729 1536 1924 1571 Monasterii
1944 1539 2120 1574 claustrum

1237 1588 1270 1620 in
1285 1587 1412 1629 propria
1432 1586 1536 1621 domo
1559 1585 1761 1632 virginibus,
1789 1586 1992 1632 probansque
2013 1600 2054 1623 ex
2067 1590 2121 1632 Ju-

1237 1637 1366 1670 stiniani
1393 1635 1534 1681 Augusti
1568 1635 1609 1671 ad
1634 1634 1856 1680 Epiphanium
1894 1636 2119 1682 Patriarcham

1237 1687 1645 1730 Constantinopolitanum
1669 1687 1798 1721 novella
1820 1687 1915 1732 lege,
1940 1689 2119 1726 mandante

1236 1747 1430 1772 attentatum
1447 1737 1466 1770 a
1489 1736 1680 1772 Diaconiffit
1702 1737 1897 1783 conjugium
1917 1739 2022 1779 solvi,
2048 1751 2120 1774 non

1235 1788 1351 1831 quovis
1372 1788 1474 1822 modo
1487 1810 1498 1827 ,
1523 1788 1574 1821 sed
1595 1788 1973 1831 utriusqueatttentantis
1982 1788 2120 1834 capitali

1237 1837 1395 1881 supplicio
1414 1862 1421 1869 .
1452 1838 1497 1871 Et
1518 1838 1553 1871 in
1591 1835 1718 1872 scholio
1744 1837 1981 1884 quadragesimi
2008 1840 2119 1885 quarti

1237 1888 1391 1922 Trullani
1405 1887 1577 1927 Canonis,
1603 1887 1814 1922 Monachum
1838 1889 1874 1923 in
1888 1891 2040 1933 profanas
2060 1900 2121 1926 nu-

1237 1938 1317 1980 ptias
1340 1938 1462 1982 lapsum
1479 1937 1546 1972 sola
1569 1938 1805 1972 fornicantium
1829 1950 1926 1981 poena
1949 1939 2120 1981 ferientis,

1237 1990 1339 2032 pergit
1351 1988 1547 2022 Balsamon:
1575 1989 1668 2032 ,Quod
1679 1987 1898 2029 fornicatorum
1905 1986 1999 2031 solum
2014 1992 2122 2030 poenis

1231 2043 1379 2079 puniatur
1391 2063 1400 2078 ‚
1427 2044 1479 2079 qui
1494 2042 1579 2071 venit
1592 2040 1638 2071 ad
1649 2044 1834 2071 matrimonii
1841 2037 2008 2082 societatem
2019 2041 2123 2072 Mam»

1233 2087 1326 2126 chus,
1352 2099 1410 2120 non
1431 2087 1489 2127 est,
1514 2097 1548 2120 ut
1559 2086 1709 2128 existimo,
1733 2087 1797 2129 fine
1818 2087 2018 2130 distinaione.
2046 2088 2122 2122 Vide

1234 2142 1311 2171 enim
1335 2145 1463 2179 tempore
1486 2137 1677 2170 Patriarchae
1692 2141 1812 2181 Domini
1827 2141 1915 2171 Lucae
1938 2138 2118 2172 Monachum

1234 2187 1393 2229 quemdam
1417 2189 1572 2220 Leontium
1602 2190 1752 2220 Mazacem
1777 2192 1891 2222 nomine
1914 2211 1924 2227 ‚
1948 2199 2014 2222 cum
2029 2187 2118 2228 'veste

1233 2237 1362 2270 militari
1373 2237 1498 2269 indutus
1511 2238 1644 2275 synodice
1656 2236 1810 2280 adstitiffet
1820 2262 1831 2278 ‚
1857 2239 1892 2272 ὦ·
1901 2236 1940 2270 ab
1951 2250 1986 2272 ea
1995 2239 2118 2272 muliere

1232 2298 1297 2320 cum
1309 2299 1368 2329 qua
1392 2292 1517 2320 vixerat
1533 2285 1668 2329 separari
1687 2286 1981 2330 nonpersuadnetur
1992 2314 2002 2328 ,
2027 2299 2063 2321 ea
2077 2289 2116 2322 de

1232 2336 1319 2380 causa
1329 2338 1392 2370 ciam
1409 2334 1572 2380 severitate
1590 2337 1675 2380 fuisse
1690 2338 1912 2371 Monacbalibus
1932 2337 2122 2374 vestimentu

1233 2388 1369 2420 indutum
1380 2413 1389 2427 ,
1415 2388 1449 2420 <ff
1459 2393 1562 2420 carceri
1582 2389 1731 2420 traditum
1743 2411 1753 2426 ,
1779 2389 1813 2421 o·
1823 2389 1901 2419 alias
1924 2388 2019 2420 valde*
2026 2389 2115 2426 puni-

1233 2447 1296 2470 tum
1309 2463 1316 2469 .
1343 2436 1419 2469 Mihi
1435 2449 1499 2480 ergo
1510 2438 1631 2470 videtur
1645 2461 1656 2477 ,
1681 2438 1761 2479 quod
1766 2435 1902 2480 praesens
1913 2439 2017 2467 Canon
2027 2435 2114 2468 illum

1233 2486 1428 2527 Monachum,
1454 2494 1504 2529 qui
1527 2493 1559 2520 in
1581 2493 1765 2519 matrimonio
1787 2484 1927 2527 versatus
1938 2484 1976 2517 eff
1988 2507 1999 2522 ‚
2017 2482 2114 2524 forni-

1231 2546 1363 2581 catorum
1368 2542 1466 2578 poenis
1472 2536 1691 2580 subjiciendum
1702 2536 1774 2567 dicit
1786 2559 1796 2575 ,
1822 2539 1873 2576 qui
1880 2531 1937 2576 sua
1952 2532 2059 2576 sponte
2071 2533 2115 2567 ab,

1232 2589 1342 2621 illicitis
1365 2592 1478 2629 nuptiis
1496 2584 1648 2629 sejuncius
1672 2584 1709 2625 est
1722 2608 1732 2624 ,
1759 2585 1793 2619 Θ
1814 2585 1859 2617 ad
1871 2589 1999 2626 priorem
2008 2587 2114 2616 Mona-

1230 2637 1341 2670 chalem
1344 2636 1455 2676 statum
1465 2633 1603 2677 reversus
1616 2659 1626 2674 ,
1652 2645 1687 2667 ac
1701 2634 1784 2676 conse
1804 2645 1839 2667 us
1851 2659 1858 2666 .
1888 2636 1954 2677 ,Qui
1963 2638 2041 2666 enim
2053 2645 2114 2667 non

1223 2686 1283 2731 saa
1299 2686 1404 2729 sponte
1429 2686 1468 2718 ab
1490 2687 1590 2718 illicito
1611 2690 1796 2718 matrimonio
1818 2686 1929 2718 recedit
1950 2708 1962 2724 ,
1989 2692 2112 2726 propter

1230 2746 1364 2778 apertam
1375 2737 1591 2777 impudentiam
1598 2741 1738 2780 graviter
1745 2740 1872 2776 punitur
1881 2758 1889 2765 .
1911 2734 1954 2768 Et
1965 2734 1998 2767 in
2011 2732 2113 2768 Scho-

1231 2787 1275 2821 lio
1288 2786 1404 2822 decimi
1419 2785 1499 2819 noni
1512 2785 1658 2819 Canonis
1672 2784 1842 2826 Ancyrani
1859 2782 2031 2828 distinguit
2055 2793 2111 2817 vo·
2130 2818 2133 2827 Α

1229 2847 1298 2870 tum
1309 2835 1444 2879 fimplex
1471 2836 1506 2869 δε
1519 2836 1662 2870 solemne
1676 2857 1686 2872 ,
1713 2835 1880 2879 pergitque
1900 2834 1941 2868 de
1957 2831 2109 2875 posterio-

1229 2887 1253 2919 ri
1269 2899 1279 2918 :
1306 2888 1369 2929 ,Qui
1381 2891 1480 2919 vitam
1491 2885 1679 2926 Monasticam
1690 2885 1828 2928 elegerint
1841 2909 1852 2924 ,
1874 2881 1963 2926 fitam
1973 2885 2032 2915 Deo
2037 2888 2108 2922 pro-

1222 2936 1368 2978 fefflonem
1377 2940 1496 2968 irritam
1498 2934 1651 2976 facientes
1668 2958 1680 2975 ,
1705 2936 1740 2968 ὃ
1747 2932 1782 2978 se
1794 2938 1978 2966 matrimonio
1987 2931 2109 2970 conjun-

1223 2995 1329 3030 gentes
1340 3011 1351 3028 ‚
1381 2989 1574 3029 Digamorum
1581 2990 1681 3028 parnis
1695 2996 1751 3017 non
1759 2983 1948 3027 subjicientur·
1959 3003 1970 3019 2
1991 2977 2050 3022 sed
2058 2980 2108 3012 di·

1228 3034 1312 3078 vulfi)
1336 3048 1371 3070 ac
1375 3034 1516 3078 separato
1541 3041 1745 3073 matrimonio,
1770 3026 2034 3075 utquodconfistere
2044 3039 2104 3062 7¹0²*

1227 3086 1307 3128 pqffit
1318 3111 1328 3127 ,
1357 3086 1449 3119 valde*
1455 3092 1616 3127 punientur
1628 3109 1638 3125 ‚
1663 3086 1695 3118 &
1705 3083 1874 3122 Monusteffl’
1885 3104 1897 3119 ²
1922 3084 1956 3111 ’Ἦ
1966 3089 2023 3121 9¹⁴⁰
2034 3077 2107 3121 ΜΨ.

1222 3135 1296 3179 sunt
1307 3159 1318 3175 ‚
1345 3136 1501 3169 tradentur
1515 3161 1525 3176 ,
1543 3135 1615 3177 ficut
1627 3134 1744 3168 maliis
1763 3129 1933 3164 canonibus
1947 3130 2101 3162 diximus-

1277 3185 1402 3220 Eadem
1414 3186 1460 3219 est
1472 3187 1554 3220 ratio
1562 3184 1713 3219 attentati
1723 3191 1777 3223 per
1789 3178 1978 3236 Episcopos·
1989 3190 2027 3213 ac
2036 3189 2105 3236 φα·

1226 3237 1307 3278 jores
1320 3236 1467 3270 Clericos
1479 3233 1697 3270 matrimonii.
1724 3229 1813 3263 Dico
1822 3229 1908 3263 olim
1931 3230 2023 3263 fulffe
2035 3230 2106 3263 irri-

1228 3297 1298 3319 tum
1322 3298 1364 3320 ex
1387 3286 1525 3321 canone
1546 3279 1765 3323 antiquissimo
1789 3303 1796 3309 -
1825 3279 1958 3314 Etenim
1977 3280 2102 3313 cunctis

1228 3336 1407 3370 orientalis
1416 3337 1513 3370 etiam
1523 3330 1670 3371 Ecclefiae
1683 3329 1849 3373 Episcopis
1861 3354 1872 3369 ,
1882 3328 2078 3371 presbyteris
2090 3351 2102 3368 ‚

1228 3386 1408 3426 Diaconis,
1434 3397 1474 3419 ac
1484 3379 1699 3417 subdiaconis
1713 3391 1813 3414 novas
1840 3379 1909 3422 post
1932 3387 2102 3421 acceptum

1229 3436 1376 3471 ordinem
1387 3433 1514 3477 nuptias
1522 3430 1614 3465 fuiffc
1627 3429 1667 3464 ab
1687 3427 1915 3466 immemoriali
1925 3429 2102 3511 cqinsuetu·

1978 3489 2032 3512 ine
2042 3502 2055 3520 ,

2136 1621 2208 1656 Lege
2217 1624 2246 1650 6.

2120 1680 2122 1685 ,
2135 1666 2193 1691 c.⁶.
