2352 3736
181 937 188 950 .
243 919 281 957 fis
292 916 447 960 Synodus
459 917 584 951 statuit:
614 920 665 949 Ne
676 920 742 957 quis
754 916 940 949 Britannum
953 920 1006 945 aut
1020 915 1126 944 Roma-

545 200 633 230 DE
705 198 862 229 HAC

248 268 458 308 Nomenoius
480 264 658 301 Britanniae
683 265 765 305 Dux
787 263 895 308 postea
906 261 1013 301 divisit
1032 259 1066 299 in
1089 261 1129 293 se-

246 311 335 365 ptem
350 344 357 351 .
385 318 448 352 Rei
459 318 571 356 seriem
594 315 693 350 habes
710 314 794 358 apud
818 312 974 361 jacobum
987 311 1129 346 Sirmon-

244 370 325 406 dum
338 369 372 402 in
386 368 550 407 Analedlis
573 365 614 400 ad
633 365 774 409 capitula
786 362 902 397 Caroli
916 362 1014 395 Calvi
1025 361 1127 405 Regis

244 421 465 454 Francorum.
494 417 671 452 Matthaeus
682 413 863 454 Parisiensis
883 413 917 445 &
940 410 1127 455 Sigebertus

246 468 490 509 Gemblacensis
502 478 608 503 errant
617 465 826 508 Sampsonem
840 461 933 496 fuisse
945 461 1127 495 Eboracen-

245 520 312 553 sem
324 518 622 563 Archiepiscopum.
642 515 778 549 Certum
791 512 835 546 est
847 511 940 546 fuisse
951 512 1127 546 Meneven-

245 571 327 607 sem‚
355 570 435 613 Ejus
448 569 623 603 adventum
636 565 669 597 δε
690 574 801 597 natam
829 562 908 596 inde
928 561 1125 606 dignitatem

245 620 330 654 tanti
347 619 543 653 aestimarunt
555 615 706 648 Britones
718 638 729 655 ,
755 624 790 647 ut
806 612 1040 650 Cathedralem
1057 611 1126 644 Do-

245 670 383 704 lensium
406 667 577 703 Basilicam
597 663 707 709 postea
727 663 891 702 titularint
910 661 1019 701 Sanc‘ti
1039 661 1126 697 Sam-

269 720 371 758 sonis,

246 731 266 763 Ρ
296 766 419 805 Verum
430 776 556 801 tantam
570 766 778 801 Turonensis
801 762 951 798 Ecclesiae
972 760 1123 804 injuriam

245 815 373 864 peffime
385 817 505 860 semper
516 817 663 853 tulerunt
675 840 686 856 ,
711 816 744 849 δε
758 824 901 857 reparare
913 811 1025 846 conati
1051 812 1125 845 sunt

245 867 402 912 Episcopi
417 867 584 905 Gallicani
598 891 605 898 .
632 865 769 900 Etenim
784 863 925 898 secunda
947 862 1125 895 Turonen-v

242 979 313 1005 num
323 973 356 1000 in
365 971 511 1005 Armorica
516 965 577 1008 fine
588 967 808 1008 Metropolitum
819 974 871 997 aut
882 968 1126 1004 comprovincia-

242 1019 315 1052 lium
337 1019 492 1052 voluntate
512 1018 564 1051 vel
573 1019 683 1050 litteris
695 1018 835 1049 ordinare
849 1012 1027 1057 Episcopum
1046 1021 1126 1054 prae-

240 1067 356 1113 sumat.
384 1068 488 1103 Aliud
498 1077 695 1105 attentantes
708 1067 762 1099 sua
785 1065 882 1108 usque
904 1064 944 1097 ad
971 1063 1125 1106 majorem

243 1119 416 1162 Synodum
427 1118 666 1153 communione
679 1117 802 1159 privat,
828 1116 862 1148 ὃς
885 1115 1024 1148 fraterna
1053 1112 1127 1151 cha-

245 1170 360 1203 ritate.
397 1167 520 1202 Christi
540 1168 684 1202 Domini
708 1178 797 1200 anno
819 1165 888 1208 post
913 1163 1125 1208 quingentesi-

245 1231 336 1254 mum
348 1217 547 1262 sexagefimo
558 1217 716 1260 septimo,
756 1216 863 1259 primo
889 1214 959 1258 post
980 1214 1125 1257 Sampso-

243 1268 561 1312 nis&Collegarum
586 1266 765 1301 adveutum
780 1290 791 1306 ,
817 1265 976 1299 celebrata
998 1264 1043 1297 est
1067 1263 1124 1296 ista

242 1317 397 1362 Synodus
411 1329 547 1360 ,atque
561 1318 607 1356 ita
621 1317 708 1351 lucet
721 1316 827 1360 ipsum
841 1316 948 1349 statim
970 1314 987 1348 a
1010 1315 1067 1347 suo
1092 1314 1123 1346 in

243 1371 457 1404 Armoricum
491 1369 630 1412 ingressu
669 1365 954 1410 Metropoliticum
989 1364 1057 1397 illic
1080 1363 1126 1405 jus

242 1420 412 1455 attentasse
427 1443 433 1449 .
459 1418 573 1456 Etiam
587 1418 674 1451 lucet
687 1415 870 1454 adventasse
880 1425 953 1448 eum
966 1425 1040 1448 cum
1057 1414 1125 1447 Suf-

244 1470 404 1514 fraganeis
414 1480 431 1509 ;*
453 1469 576 1502 etenim
613 1467 758 1501 Romani
781 1465 960 1498 Turonicae
982 1463 1127 1498 Ecclefiae

243 1520 445 1564 suffraganei
466 1518 531 1551 fine
555 1517 780 1559 Metropolitae
802 1516 848 1549 sui
870 1514 963 1547 venia
991 1512 1124 1545 affistere

243 1569 312 1612 ejus
322 1566 622 1606 consecrationibus
633 1565 818 1603 noluissent.
844 1562 900 1597 Ab
911 1561 997 1597 hisce
1009 1560 1123 1604 potissi-

241 1630 335 1652 mum
350 1617 620 1661 prodiitpraesens
633 1615 773 1649 Canon.
803 1614 846 1647 Et
859 1613 896 1646 ad
913 1611 1124 1646 Salomonem

240 1667 417 1702 Britanniae
446 1667 634 1709 Principem
671 1664 782 1698 scribit
813 1662 974 1702 Nicolaus
1004 1661 1125 1704 primus

240 1717 414 1753 Pontifex:
444 1715 596 1759 Haecsunt
617 1723 771 1758 praecepta
795 1717 853 1750 Det?
876 1716 982 1746 Patris
1003 1717 1066 1750 tui,
1093 1711 1126 1743 (u

239 1768 305 1804 baec
316 1768 354 1808 est
366 1769 416 1801 lex
428 1765 561 1807 Ecclefiae
574 1769 688 1798 Matris
698 1774 759 1797 tuae
772 1787 782 1803 ,
808 1772 843 1796 ut
856 1774 958 1795 omnes
969 1764 1064 1804 Regni
1080 1765 1124 1792 tui

240 1818 401 1861 Episcopos
413 1819 457 1850 ad
470 1814 665 1858 Turonensem
677 1811 924 1856 archiepiscopum
938 1818 1055 1843 mittere
1069 1821 1125 1842 non

240 1869 384 1903 detrec‘les
405 1892 416 1908 ,
447 1865 563 1910 ejusque
578 1867 728 1906 judicium
744 1862 890 1906 postulare
911 1873 969 1895 non
989 1862 1124 1903 dedigne-

239 1924 285 1955 ris
297 1943 304 1951 .
317 1952 320 1953 ⁷
331 1917 395 1961 Ipse
404 1924 483 1951 enim
512 1916 550 1956 est
561 1916 805 1956 Metropolitanus
819 1937 828 1951 ,
844 1910 996 1954 omnesque
1010 1908 1090 1952 Epis
1086 1921 1126 1942 co-

235 1974 271 2016 pi
286 1964 512 2011 Regnituisunt
532 1966 596 2005 ejus
617 1963 806 2006 Suffraganei
822 1986 832 2001 ‚
852 1960 925 2003 ficut
947 1959 1125 2003 conscriptio-

239 2030 293 2054 nes
308 2015 550 2058 Praedecefforum
561 2024 687 2047 meorum
701 2013 856 2048 evidenter
881 2010 1049 2051 ostendunt,
1076 2015 1127 2051 qui

239 2067 462 2109 Praedecessores
476 2075 538 2098 tuos
550 2088 560 2104 ,
587 2069 656 2106 quia
667 2064 732 2097 illos
744 2062 782 2095 ab
792 2060 880 2103 ipsius
904 2072 976 2094 cura
1005 2058 1114 2102 subtra

245 2127 357 2151 xerunt
368 2141 379 2157 ‚
389 2116 455 2158 fori
468 2114 633 2148 invectione
646 2119 789 2155 corripere
790 2110 970 2152 studuerunt
985 2135 992 2141 .
1008 2111 1114 2152 ‚Quam

243 2173 294 2200 vis
309 2179 359 2201 nec
370 2166 463 2206 nostra
469 2165 584 2209 scripta
590 2163 680 2208 super
690 2163 744 2197 hac
751 2175 783 2197 re
795 2162 877 2205 missa
892 2158 989 2202 deesse
1001 2161 1126 2193 videan-

243 2227 309 2251 tur.
340 2217 518 2259 Postquam
530 2216 663 2250 Sanctus
674 2213 852 2258 Apostolus
865 2211 972 2249 noster
995 2209 1115 2243 Bonifa

244 2268 315 2301 cius
327 2267 359 2299 in
374 2263 492 2299 avitam
506 2263 733 2298 Hierarchiam
744 2275 781 2297 ac
792 2261 1000 2304 disciplinam
1011 2270 1116 2302 repara

244 2317 294 2351 vit
313 2315 520 2352 Gallicanam
532 2314 731 2352 Ecclesiam,
759 2313 892 2355 ejusque
914 2310 1127 2348 Sanffiffitnas

243 2365 499 2400 constitutiones
519 2362 614 2407 plene
634 2363 765 2397 executi
789 2363 863 2396 sunt
892 2361 1127 2403 Imperatores,

241 2416 384 2450 Carolus
394 2408 540 2459 Magnus
553 2414 586 2448 &
602 2412 790 2447 Ludovicus
805 2411 883 2445 Pius
896 2435 906 2451 ‚
934 2412 1036 2445 etiam
1056 2409 1129 2443 Tu-

242 2467 414 2504 ronensem
427 2463 647 2507 Metropolim
659 2463 833 2497 restaurare
842 2461 954 2501 conati
966 2460 1129 2505 singulari-

242 2526 294 2550 ter
314 2517 446 2554 fuerunt
467 2513 636 2547 Gallicani
657 2512 829 2556 Episcopi:
868 2511 1048 2548 Praesertim
1072 2509 1126 2545 ubi

242 2564 637 2600 NomenoiusBritonum
650 2563 835 2605 Tyrannus
857 2562 1063 2605 semetipsum
1087 2572 1127 2594 ex

245 2616 342 2649 Duce
354 2626 409 2650 aut
421 2615 557 2654 Comite
580 2613 703 2648 curavit
719 2613 800 2657 ungi
823 2612 949 2656 Regem
962 2635 973 2651 ,
1000 2613 1034 2645 &
1058 2611 1130 2645 Me-

247 2665 476 2706 tropolitanam
488 2666 609 2708 septem
622 2662 834 2697 Ecclefiarum
859 2661 1060 2696 Cathedram
1081 2662 1133 2695 fir-

248 2715 351 2749 mavit
365 2715 398 2747 in
409 2715 613 2751 Monasterio
634 2713 760 2757 Oppidi
782 2711 951 2746 Dolensis.
996 2710 1131 2746 Etenim

245 2761 1019 2808 MatthaeusParisienfis,RogerusHovedenfis,&
1030 2763 1063 2796 N
1068 2762 1132 2795 ico-

246 2812 608 2856 lausHarpsfeldius,qui
623 2814 800 2849 Dolensem
815 2813 1046 2857 Episcopatum
1056 2814 1131 2846 San-

240 2866 301 2901 Δἑὶο,
312 2864 489 2906 Sampsone
501 2862 686 2897 existimant
704 2863 909 2898 vetustiorem
924 2887 934 2903 ,
962 2862 1131 2897 manifeste

247 2914 407 2949 falluntur
429 2937 437 2945 .
474 2912 691 2955 Nequaquam
722 2913 757 2947 in
792 2912 942 2947 Dolenfis
982 2912 1132 2950 Ecclefiae

249 2963 448 3006 Episcopum
468 2987 480 3003 ,
514 2961 569 2996 sed
600 2962 637 2995 in
659 2960 748 2995 istius
777 2962 936 2999 Coenobii.
965 2961 1129 2998 Abbatem

249 3013 366 3050 electus
376 3013 439 3051 suit
457 3013 635 3055 Sampson,
662 3012 906 3054 coepitqueistic
937 3011 1130 3056 Anglicano

251 3073 343 3096 more
364 3086 376 3106 ‚
407 3062 464 3101 ubi
499 3061 711 3097 Cathedrales
737 3061 885 3097 Eccleflae
911 3063 1022 3105 passim
1058 3064 1130 3097 sunt

250 3111 468 3150 Monachales
490 3137 501 3153 ‚
538 3124 607 3146 non
646 3111 751 3145 solum
789 3109 953 3146 Abbatem
967 3137 977 3152 ‚
1015 3111 1070 3146 sed
1097 3113 1131 3147 &

250 3162 452 3205 Episcopum
494 3173 588 3207 agere
613 3186 624 3202 ,
679 3161 713 3198 &
756 3159 890 3204 quidem
933 3162 1129 3205 Metropoli-

251 3222 320 3247 tam
333 3236 340 3243 .

301 3260 462 3297 Notanda
472 3262 546 3297 sunt
557 3261 652 3298 verba
666 3259 842 3304 synodalis
855 3260 1019 3303 Epistoiae‚
1031 3272 1128 3304 quam

254 3311 295 3346 ad
317 3311 485 3346 laudatum
504 3310 687 3346 Nicolaum
713 3311 909 3345 Pontificem
928 3311 1047 3354 scripsit
1069 3321 1129 3345 ter·

252 3363 337 3397 tium
350 3361 542 3399 Concilium
553 3360 794 3398 Sueffionense:
822 3361 951 3401 Vestram
971 3373 1028 3393 non
1039 3362 1129 3395 latere

255 3413 461 3446 Beatitudinis
472 3411 693 3449 Excellentiam
704 3417 840 3445 novimus
852 3436 861 3450 ‚
888 3409 1031 3453 Dioecefim
1042 3413 1129 3443 Turo-

253 3467 350 3500 nicam
360 3462 526 3502 austeritate
538 3464 696 3499 Britonum
715 3465 830 3498 omnino
856 3462 876 3494 i:
895 3459 952 3504 sua
973 3463 1128 3504 Metropoli

932 181 1336 230 REMENSI

1405 180 1782 224 SYNOD0.
1933 193 2030 239 213

1190 259 1358 303 divulsam,
1379 259 1553 305 penitusque
1573 260 1740 304 discissam,
1756 266 1802 293 ita
1812 260 1921 302 utjam
1941 266 2063 296 vicenus

1191 310 1264 352 adfit
1277 321 1374 343 annus
1387 337 1398 352 ‚
1424 323 1481 354 quo
1489 315 1649 351 Tyrannica
1662 311 1794 353 feritate
1813 309 1986 354 resumpta,
2011 323 2063 347 nec

1192 360 1461 402 comprovincialia
1474 373 1539 396 cum
1549 361 1911 403 TuronicoMetropolitano
1919 362 2064 396 celebrent

1193 413 1327 444 Concilio
1348 434 1359 450 ,
1391 423 1440 445 nec
1460 417 1492 445 in
1512 411 1722 455 Episcoporum
1742 411 2000 455 consecrationibus
2021 413 2066 446 ad

1190 463 1314 494 eundem
1324 463 1485 504 quidquam
1506 462 1684 505 respiciant,
1710 464 1755 496 illi
1774 473 1881 505 quoque
1897 461 1964 505 sedi
1986 464 2066 498 nullo

1184 511 1450 554 pac‘losesubdant
1460 536 1468 544 .
1496 512 1667 547 Celebrata
1677 513 1721 547 est
1733 511 1797 547 haec
1808 513 1961 556 Synodus
1981 513 2067 548 noni

1191 563 1295 595 saeculi
1318 573 1407 596 anno
1431 562 1627 605 sexagesimo
1649 564 1763 603 sexto,
1798 562 1937 606 ideoque
1957 563 2066 607 palam

1192 611 1299 645 scribit
1313 613 1345 645 in
1358 611 1589 645 Nomenoium
1601 636 1611 652 ,
1639 613 1694 654 qui
1706 613 1789 647 circa
1800 612 1941 654 ejusdem
1960 613 2067 649 saeculi

1189 673 1312 694 annum
1341 661 1619 706 quadragesimum
1641 663 1768 695 sextum
1786 663 1851 706 jam
1871 674 2068 699 memoratas

1190 712 1379 745 insolentias
1390 721 1582 747 attentarat.
1611 712 1706 744 Hinc
1717 711 1786 753 ejus
1805 713 1972 748 audaciam
1994 715 2067 749 Leo

1189 761 1296 795 statim
1308 771 1459 804 quartus,
1486 761 1679 795 annoistius
1700 762 1804 794 saeculi
1825 764 2067 807 quadragesimo

1191 812 1328 854 septimo
1339 821 1509 855 promotus
1521 811 1608 854 Papa
1620 835 1631 851 ,
1657 811 1787 855 ejusque
1797 811 1954 844 successor
1966 813 2068 848 Bene-

1188 860 1292 894 dictus
1314 861 1447 901 tertius,
1472 861 1513 898 ad
1544 861 1795 896 Gallicanorum
1829 861 2068 904 Episcoporum

1189 922 1319 955 preces,
1339 912 1626 955 compescuerunt.
1654 912 1704 945 Hi
1725 912 1801 946 sunt
1822 911 2069 947 Praedeceffores

1188 963 1206 995 a
1232 961 1376 996 Nicolao
1396 961 1501 1006 primo
1524 962 1647 996 laudati
1669 987 1675 994 .
1708 962 1849 996 Eosdem
1870 961 2068 1004 Pontifices,

1191 1013 1396 1056 ipsorumque
1417 1011 1456 1046 de
1477 1012 1593 1046 eodem
1617 1012 1757 1047 articulo
1777 1013 1817 1046 ad
1837 1011 2070 1047 Nomenoium

1192 1064 1321 1097 Ducem
1333 1063 1448 1106 scripta
1460 1063 1571 1096 laudat
1583 1062 1750 1097 Tullenfis
1771 1062 1854 1106 apud
1877 1063 2071 1106 Saponarias

1190 1113 1364 1155 Synodus,
1391 1112 1510 1147 addens
1522 1113 1562 1146 ab
1584 1113 1648 1146 illis
1671 1123 1784 1147 omnes
1805 1112 2002 1156 Apostolicae
2015 1125 2073 1147 au·

1190 1164 1330 1197 &oritati
1343 1164 1540 1208 refragantes
1561 1164 1655 1197 fuisse
1673 1163 1979 1197 excommunicatos
1991 1187 1998 1196 .
2027 1164 2072 1196 Et

1192 1213 1268 1247 hinc
1279 1214 1423 1248 notanda
1435 1214 1510 1246 suasi
1524 1212 1589 1247 haec
1600 1213 1703 1247 tertiae
1725 1212 1956 1247 Sueffionenfis
1967 1213 2073 1256 Syno-

1189 1263 1223 1296 di
1247 1263 1342 1297 verba
1355 1278 1366 1297 .-
1386 1267 1471 1308 Jam
1495 1269 1616 1297 vicenus
1633 1263 1707 1305 adsit
1727 1275 1823 1296 annus
1836 1276 1847 1295 .·
1868 1262 1951 1298 Item
1982 1262 2072 1297 haec:

1190 1317 1355 1352 Tyrannica
1372 1315 1501 1354 feritate
1524 1312 1675 1356 resumpta
1698 1338 1705 1346 .
1743 1314 1914 1347 Evincunt
1935 1314 2073 1347 Beatum

1190 1365 1401 1407 Sampsonem
1414 1363 1561 1397 secundae
1573 1364 1780 1397 Turonenfis
1790 1362 1917 1404 Synodi
1931 1365 2074 1398 Decreto

1191 1415 1385 1456 acquievisse
1398 1437 1409 1452 ,
1435 1414 1591 1455 istamque
1605 1415 1750 1456 requiem
1762 1414 1861 1457 usque
1884 1412 1926 1447 ad
1948 1414 2075 1448 Nome-

1190 1464 1303 1497 noium
1316 1464 1445 1497 Ducem
1457 1464 1679 1507 perseverasse.
1710 1462 1762 1497 At,
1780 1460 1856 1495 νει-ὂ
1879 1473 1985 1504 neque
2006 1463 2078 1497 No-

1190 1513 1341 1546 menoius
1355 1512 1460 1545 Leoni
1473 1522 1589 1556 quai-to
1601 1537 1611 1551 ,
1623 1522 1679 1545 aut
1694 1511 1868 1546 Benedisto
1879 1512 1975 1546 tertio
1986 1535 1997 1551 ,
2023 1524 2078 1546 ne-

1188 1573 1251 1605 que
1271 1561 1338 1603 ejtis
1364 1562 1451 1594 filius
1471 1561 1629 1595 Salomon
1655 1561 1801 1596 Nicolao
1819 1561 1926 1604 primo
1948 1562 2080 1596 obedie-

1188 1622 1277 1646 runt.
1308 1612 1408 1645 Erant
1430 1611 1520 1644 enim
1545 1610 1671 1645 barbari
1703 1611 1737 1644 &
1767 1610 2076 1646 semi-Christiani.

1189 1663 1232 1695 Et
1246 1661 1324 1694 hinc
1338 1662 1378 1695 de
1391 1663 1508 1696 Sand'to
1522 1660 1666 1695 Astardo
1678 1662 1890 1696 Namnetensi
1906 1661 2084 1706 Episcopo,

1190 1713 1246 1745 suo
1258 1713 1290 1744 ὃς
1304 1710 1495 1744 Tricaffinae
1517 1711 1644 1754 Synodi
1660 1712 1788 1756 Legato
1801 1736 1812 1752 ,
1833 1711 1873 1746 ad
1895 1711 2083 1747 Adrianum

1189 1759 1365 1795 secundum
1399 1762 1599 1795 Pontificem
1621 1762 1741 1805 scripsit
1772 1763 1974 1796 Francorum
2007 1764 2085 1797 Rex

1189 1812 1326 1846 Carolus
1350 1810 1471 1846 Calvus
1485 1825 1495 1844 .·
1533 1814 1636 1845 Romae
1653 1812 1816 1853 destinavit
1847 1814 1964 1855 aliquas
1981 1813 2086 1854 facere

1187 1873 1285 1895 moras
1300 1888 1311 1903 ,
1338 1872 1372 1896 ut
1385 1861 1620 1894 adventantibus
1632 1863 1900 1903 Britoniburpoffit
1910 1873 2007 1895 coram
2014 1863 2087 1905 posi-

1186 1919 1233 1943 tus
1259 1922 1306 1944 eos
1330 1917 1528 1950 convincens,
1550 1911 1615 1952 suae
1651 1912 1900 1954 Ecclefiarumque
1918 1918 2087 1946 vicinarum

1188 1961 1226 1993 ab
1239 1966 1281 1994 eii
1291 1969 1470 2002 perpetrata
1481 1962 1615 2002 ‘pandere
1628 1962 1805 1994 detrimenta
1820 1987 1826 1993 .
1867 1961 1999 2006 Nempe
2020 1963 2090 1996 Bri-

1187 2023 1304 2045 tonum
1321 2011 1498 2054 Episcopos
1510 2035 1518 2049 ,
1529 2010 1617 2054 quod
1640 2012 1673 2044 &
1686 2013 1781 2045 antea
1794 2011 1954 2046 Nicolaus
1965 2014 2087 2055 primus

1188 2063 1320 2101 fecerat,
1334 2061 1478 2094 Romam
1490 2061 1530 2094 ad
1543 2059 1718 2095 reddendas
1730 2063 1858 2096 suarum
1870 2064 2088 2105 praesumptio-

1190 2122 1267 2144 num
1287 2111 1427 2144 rationes
1441 2110 1778 2145 Adrianusevocavit.
1793 2112 1837 2145 Et
1847 2113 1889 2146 rei
1902 2114 2086 2147 successum

1188 2160 1332 2195 rescribit
1344 2161 1383 2194 ad
1398 2161 1583 2194 Herardum
1598 2162 1889 2205 Archiepiscopum
1911 2163 2089 2198 Turonen-

1188 2213 1252 2245 sem
1267 2224 1277 2243 :
1289 2212 1333 2243 De
1342 2210 1469 2252 bis,quae
1479 2212 1515 2242 de
1527 2210 1660 2252 Ecclefiae
1672 2221 1731 2245 tuae
1742 2213 1795 2244 vel
1803 2213 1949 2255 Dioecefios
1957 2216 2087 2256 privile·
2108 2228 2159 2264 Ep,
2184 2234 2210 2261 ς,

1186 2268 1245 2305 giis
1262 2261 1442 2294 venerabilis
1456 2260 1599 2293 ABardus
1609 2261 1893 2306 praecipubsuggeffit
1907 2288 1918 2303 ,
1939 2266 2086 2298 salomoni

1190 2315 1266 2345 Ducz'
1278 2313 1311 2344 (9⁸
1326 2313 1541 2351 Britannorum
1567 2312 1676 2353 Populo
1682 2311 1859 2355 sufficienter
1870 2312 2081 2356 descripfimus,

1189 2363 1268 2404 quod
1281 2367 1372 2395 etiam
1384 2367 1416 2393 in
1438 2362 1622 2403 exemplari,
1649 2364 1729 2404 quod
1730 2361 1827 2405 secum
1851 2366 1929 2396 idem
1954 2365 2084 2406 antistes

1189 2411 1302 2453 deferet
1311 2434 1321 2450 ,
1348 2414 1548 2453 Experientia
1569 2421 1622 2444 tua
1656 2413 1750 2454 quibit
1776 2413 1945 2457 agnoscere.
1975 2414 2084 2449 Addit

1196 2460 1281 2506 ipsos
1303 2462 1418 2496 Romae
1449 2462 1590 2495 necdum
1613 2466 1827 2506 comparuisse
1850 2489 1859 2503 ,
1904 2476 2082 2508 eorumque

1197 2514 1323 2556 iniquas
1350 2512 1611 2555 praesumptiones
1639 2512 1774 2555 spondet
1791 2527 1859 2548 non
1882 2515 2081 2557 probandas.

1196 2564 1232 2596 ln
1246 2562 1316 2595 aliis
1327 2561 1367 2596 ad
1379 2561 1547 2597 laudatum
1560 2563 1687 2606 Regem
1700 2564 1816 2598 litteris
1841 2565 1945 2598 Saneti
1967 2565 2083 2599 Marti-

1198 2613 1231 2646 ni
1246 2612 1487 2656 Metropolim,
1513 2612 1629 2657 utpote
1651 2613 1878 2658 Lugdunensis
1900 2616 2016 2649 Gallia:
2037 2618 2080 2649 se-

1195 2663 1339 2697 cundam
1350 2663 1402 2697 vel
1416 2664 1542 2696 tertiam
1561 2686 1571 2702 ,
1600 2664 1712 2697 scribit
1734 2665 1776 2699 ab
1797 2665 1936 2708 antiquo
1955 2666 2079 2707 semper

1195 2713 1287 2747 fuisse
1300 2712 1552 2753 honorabilem,
1581 2713 1722 2758 ideoque
1743 2714 1889 2748 hortatur
1911 2724 1948 2747 ut
1975 2716 2078 2756 ipsam

1196 2774 1264 2797 non
1279 2763 1443 2805 permittat
1453 2763 1644 2796 decolorari.
1673 2763 1785 2807 Regii,
1803 2764 1890 2806 quod
1899 2775 1965 2798 non
1980 2764 2079 2798 solius

1195 2815 1257 2847 suae
1267 2812 1470 2846 Turonensis
1481 2812 1663 2846 Provinciae
1675 2815 1918 2848 truncationem
1933 2838 1944 2854 ,
1971 2814 2024 2848 sed
2043 2815 2079 2848 δε

1195 2862 1335 2907 Regiam
1348 2863 1532 2897 Nomenoii
1546 2864 1734 2897 unctionem
1745 2865 1866 2907 semper
1877 2866 1980 2898 fuerat
1991 2874 2080 2898 aver-

1196 2916 1299 2948 satum
1311 2937 1322 2953 ,
1339 2912 1463 2947 brachii
1479 2913 1641 2948 auxilium
1653 2912 1799 2949 adversus
1812 2915 1986 2950 Britonum
1998 2925 2080 2950 con«

1193 2965 1370 2999 tumaciam
1383 2964 1552 3008 implorat.
1873 3000 1875 3003 v

1244 3014 1393 3048 Eandem
1406 3015 1615 3057 quaestionem
1627 3026 1737 3049 coram
1751 3016 1829 3058 Joan
1836 3025 1877 3050 ne
1888 3013 2076 3051 V111.P0n-

1196 3064 1307 3103 tifice,
1332 3063 1464 3107 ejusque
1474 3064 1631 3106 Trecensi
1653 3065 1792 3108 Synodo
1813 3067 1918 3100 movit
1939 3065 2075 3101 Adalar-

1193 3114 1253 3147 dus
1287 3113 1491 3146 Turonenfis
1516 3113 1788 3158 Archiepiscopus
1808 3140 1820 3156 ,
1863 3116 2074 3161 obtinuitque

1196 3163 1404 3207 Apostolicas
1430 3163 1572 3203 litteras,
1610 3163 1727 3207 quibus
1749 3164 1873 3200 Mahen
1897 3167 2073 3207 Dolensis,

1193 3214 1226 3248 &
1241 3213 1308 3256 ejus
1321 3213 1354 3246 in
1379 3212 1549 3247 Britannia
1572 3213 1767 3258 Coepiscopi
1789 3216 1828 3249 ad
1851 3215 1981 3261 plenam
2003 3217 2073 3260 ejus
2095 3221 2200 3261 sip-46.

1192 3263 1415 3297 obedientiam
1441 3264 1517 3297 sunt
1530 3263 1591 3297 sub
1608 3266 1964 3301 excommunicationis
1976 3278 2072 3311 poena

1190 3314 1261 3356 jussi
1273 3312 1375 3347 redire
1387 3338 1394 3345 .
1421 3313 1526 3360 Qod
1537 3313 1640 3357 ipsum
1653 3316 1843 3351 mandatum
1867 3315 1908 3350 ad
1927 3315 2070 3353 Arduini

1191 3363 1395 3397 Turonensis
1410 3361 1657 3407 Archiepiscopi
1670 3375 1775 3408 preces
1788 3366 1962 3403 innovavit
1975 3365 2072 3407 Joan-

1194 3425 1247 3447 nes
1287 3413 1434 3447 decimus
1470 3413 1603 3455 tertius,
1631 3414 1740 3449 Roma
1778 3427 1918 3450 evocans
1952 3424 2070 3447 omnes

1196 3464 1273 3499 istos
1300 3464 1479 3507 Episcopos
1505 3464 1562 3498 sub
1589 3476 1685 3509 poena
1712 3465 1943 3510 suspensionis,
1971 3464 2006 3496 δε
2027 3462 2069 3499 de

1877 3512 2021 3557 ipsorum
