2352 3736
538 190 593 219 DE
628 175 830 220 REGIA
863 175 1237 223 Annsnron
1272 180 1724 215 ΝοΜῙΝΑτῙοΝε.

218 264 358 299 obtenta
372 258 479 294 liberae
491 257 661 292 elestionis
670 255 804 294 ,licentia
815 256 934 300 gratias
946 253 1015 298 agit
1037 252 1097 284 Ec·

1879 184 1967 231 141

1166 252 1319 286 servitute
1342 252 1475 288 liberam
1486 251 1579 287 fuiffe
1589 262 1630 285 ex
1652 251 1739 285 avita
1750 249 1987 286 consuetudine
1994 258 2041 285 et-

222 311 314 348 clesia
333 309 549 344 Senonensis.
578 308 622 341 Et
646 305 703 340 sub
714 306 838 343 Carolo
861 305 966 338 Calvo
988 299 1106 335 habita·
1165 303 1232 336 iam
1255 302 1466 338 Aniciensem
1487 302 1685 342 Ecclesiam,
1713 302 1830 335 fatetur
1851 301 1887 334 in
1901 300 2042 335 adducto

219 362 314 397 tertia
332 359 511 395 Valentina
525 357 679 400 Synodus
688 356 799 393 statuit
810 355 851 388 de
873 352 1027 386 Ecclesiis
1048 353 1106 386 va·¹

221 411 373 447 cantibus
385 424 396 444 .-
422 408 638 454 Agloriofiffimo
653 410 787 445 Principe
791 403 987 445 fitpplicando
1004 401 1098 444 postu-

218 463 299 501 letur
310 486 320 502 ,
342 469 375 494 ut
386 465 566 494 eanonicam
578 456 741 493 eluvionem
754 453 837 486 clero
845 454 992 495 &populo
1011 451 1098 494 ipfius

222 518 356 546 civitatis
373 516 549 553 permittere
573 509 726 550 dignetur-
755 503 798 537 Et
819 503 861 537 ad
886 502 1099 537 Ludovicum

229 562 367 597 Balbum
386 561 515 604 Regem
532 556 652 598 scripsit
674 553 719 588 de
742 552 942 587 Belluacensi
958 552 1099 587 Ecclesia

53 609 137 648 Epist.
159 620 201 644 ιι,
221 612 423 646 Hincrnarus
436 605 650 649 Metropolita
663 603 851 637 Remensis:
874 603 1054 646 Sicutsacrae
1063 603 1101 635 le-

52 660 117 689 αρ’
141 661 165 682 ¹·
215 647 274 708 ges
283 666 484 704 primmdum,
508 655 674 692 eleciionem
683 655 833 692 concedere
844 655 1024 697 dignemini.

213 706 217 712 ⁴
275 712 398 746 Eadem
409 706 564 751 potestate
576 704 625 738 uti
637 714 842 747 perrexerunt
866 704 967 737 etiam
993 701 1100 745 Reges

223 758 376 805 Capetini
387 782 397 795 ,.
423 756 560 794 Etenim
572 751 790 801 Rudolphum
804 752 950 791 Ecclesia:
960 752 1101 785 Remen-

221 811 263 849 ,fis
282 806 575 850 Archiepiscopum
598 805 693 848 ejecit
717 803 909 841 Ludovicus
931 802 1067 836 Grossus
1091 824 1102 840 ,

223 859 440 903 imposuitque
459 856 652 892 Gervasium
673 865 712 890 ca
732 853 901 897 praesertim
924 852 965 886 de
987 851 1102 891 causa,

221 908 310 951 quod
322 908 389 940 fine
400 907 597 940 sualicentia
610 905 717 938 fuisset
735 904 866 936 electus.
892 903 941 936 lta
966 902 1000 934 in
1024 900 1102 934 dieti

219 958 324 1002 Regis
347 958 415 991 vita
438 955 550 994 scribit
572 954 685 989 Abbas
703 953 857 997 sugerius
884 977 896 993 ,
922 951 1044 986 addens
1070 952 1102 991 ὅς

47 420 126 457 Cap·
138 427 162 451 7.

219 1008 262 1042 de
282 1009 337 1041 sua
357 1008 439 1046 ,citra
450 1006 578 1040 veniam
591 1004 671 1038 fasta
690 1003 850 1037 relectione
873 1003 1015 1036 eundem
1040 1001 1114 1049 Re<

220 1068 297 1103 gem
320 1057 406 1091 adeo
424 1054 654 1095 excanduisse,
681 1063 716 1087 ut
735 1053 930 1097 eligentium
949 1051 1103 1095 primores

220 1106 401 1142 carceribus
412 1106 603 1149 manciparit
614 1131 621 1137 .
648 1104 716 1137 Res
727 1104 861 1136 tandem
872 1103 934 1136 fuit
946 1101 1104 1144 composi-

221 1166 254 1191 ta
267 1183 274 1190 .
302 1158 346 1191 Et
359 1157 440 1194 hinc
453 1157 493 1190 ad
507 1158 629 1189 sacrum
641 1153 764 1190 bellum
777 1153 888 1186 abiens
914 1152 1103 1186 Ludovicus

220 1208 377 1251 septimus
387 1217 493 1241 rerum
508 1204 798 1239 Ecclefiasticarum
813 1202 1004 1246 potestatem
1017 1201 1100 1235 dele·

47 1252 203 1293 Epist-w&
218 1259 309 1302 gavit
320 1256 426 1291 eidem
439 1255 588 1294 Abbati,
615 1266 655 1288 ex
673 1264 738 1295 qua
758 1253 824 1296 ipse
846 1251 936 1287 dedit
969 1251 1103 1294 potesta-

53 1304 97 1323 ¹⁰'
220 1319 287 1341 tem
298 1306 443 1350 eligendi
471 1303 626 1347 Episcopi
638 1303 864 1337 Carnutenfis.
893 1302 936 1335 Et
959 1303 1030 1344 quis
1053 1312 1103 1334 ne-

220 1358 301 1391 sciat
313 1355 407 1398 hujus
420 1356 585 1389 Ludovici
607 1353 780 1398 tragoedias
800 1353 948 1386 adversus
971 1350 1102 1386 Petrum

223 1406 525 1448 Archiepiscopum
562 1404 798 1438 Bituricensem
816 1404 832 1440 v?
869 1402 956 1435 Eum
977 1426 987 1441 ,
1015 1401 1103 1445 quod

218 1458 286 1490 sine
313 1458 368 1489 sua
394 1455 526 1489 licentia
546 1455 689 1488 ,electum
706 1451 922 1491 Innocentius
946 1451 1104 1485 secundus

219 1506 377 1544 Pontifex
387 1505 599 1541 consecrasset
611 1527 621 1543 ,
647 1502 826 1546 proscripsit
837 1513 877 1535 ex
891 1500 1000 1535 Gallia
1018 1526 1028 1541 ,
1040 1501 1105 1534 Re-

218 1557 309 1601 giam
323 1565 456 1588 manum
467 1554 551 1588 misit
574 1554 610 1587 in
626 1552 744 1586 omnia
763 1552 978 1595 Episcopatus
990 1550 1077 1584 bona
1092 1574 1103 1591 ,

218 1605 400 1648 juravitque
409 1604 543 1638 Petrum
556 1603 587 1637 se
600 1603 675 1637 vivo
687 1613 757 1638 non
779 1603 927 1636 futurum
950 1602 985 1634 in
1007 1601 1104 1634 Fran-

219 1658 272 1689 cia
286 1655 501 1698 Episcopum.
522 1657 661 1698 Juravit
672 1677 684 1693 ‚
704 1653 813 1695 inquit
828 1653 960 1686 Sanctus
973 1651 1105 1684 Bernar-

220 1704 300 1744 dus,
323 1705 423 1738 illicite*
437 1729 447 1744 ,
474 1702 859 1747 &perseveravit,injuste.
887 1706 972 1734 Nam
996 1701 1105 1742 probro

219 1756 336 1789 ducitur
360 1755 446 1796 apud
468 1758 675 1796 Francigenas
707 1755 915 1794 juramentum
947 1750 1064 1791 solvere
1094 1774 1104 1789 ,

214 1804 384 1847 quamlibet
408 1804 486 1837 male?
504 1803 619 1844 publice
631 1805 774 1843 juratum
784 1800 822 1842 fit
835 1826 842 1833 .
870 1802 914 1835 Et
937 1802 1041 1844 pergit
1069 1801 1103 1834 in

45 1851 171 1891 Epa-19»
221 1854 371 1898 Epistola
381 1853 421 1888 ad
433 1851 871 1897 JoslenumSueffionensem
884 1852 1080 1894 Episcopum
1096 1873 1106 1889 ,

217 1903 255 1939 &
279 1903 448 1938 laudatum
472 1902 639 1937 Abbatem
661 1902 833 1946 Sugerium
856 1915 863 1934 ι
900 1904 966 1944 ,Qui
998 1906 1105 1933 meruit

214 1956 284 1995 jam
304 1964 362 1986 non
376 1951 443 1994 βία
463 1951 651 1993 Bituricenfis
677 1950 804 1992 Ecclesia
828 1976 840 1991 ‚
861 1950 918 1993 sed
941 1951 1105 1983 Cathalau-

220 2000 312 2044 nenfis
338 2008 453 2042 etiam,
477 2004 515 2036 (at
541 2002 685 2043 Remenfis
709 2026 719 2041 ‚
745 2007 835 2034 etiam
860 1999 1106 2041 &fParifienfist

222 2055 290 2096 Quo
304 2054 377 2093 jure
396 2050 554 2094 praesumit
571 2051 654 2089 Rex,
680 2061 714 2084 ut
731 2050 1102 2093 Ecclcfi‘arumpoffffones

220 2105 257 2136 ὁ*
275 2112 371 2135 terras
382 2101 515 2142 devastet
527 2126 538 2141 ‚
563 2110 596 2134 ut
616 2101 727 2141 Christi
747 2101 852 2134 ovibus
869 2100 1004 2140 Pastores
1024 2109 1104 2141 prae-

219 2151 270 2194 fici
290 2163 349 2186 non
381 2158 544 2194 permittat
558 2176 569 2192 ‚
593 2161 627 2184 ut
650 2150 697 2183 his
722 2151 876 2184 elec‘lorum
892 2157 1104 2192 promotionem

220 2200 375 2242 prohibeat
395 2226 407 2242 ,
434 2204 503 2235 asiis
525 2227 536 2242 ,
570 2203 653 2244 quod
671 2201 813 2234 hac‘lenus
834 2201 1003 2233 inauditum
1023 2224 1034 2239 ‚
1061 2201 1103 2232 di-

223 2252 361 2284 lationem
377 2252 523 2285 elec‘li'onls
534 2253 647 2284 indicat
661 2275 672 2291 ,
698 2252 787 2284 donec
810 2249 952 2292 universa
978 2247 1104 2291 consum-

218 2299 315 2343 pserit
326 2324 337 2339 ,
361 2301 447 2333 donec
459 2303 613 2342 diripuerit
620 2309 786 2342 pauperum
796 2300 967 2345 facultates
980 2323 991 2339 ,
1017 2300 1105 2333 donec

0 2353 2 2358 “
50 2346 96 2385 ΕΡ
115 2356 183 2376 222·
220 2351 344 2392 penitas
363 2349 510 2393 desoletur
520 2360 604 2386 terra
619 2352 630 2381 .'
658 2349 955 2384 Cathalaunensem
967 2350 1102 2384 electum

224 2400 334 2443 Regio
346 2400 504 2434 consensu
515 2399 731 2440 confirmare,
756 2400 909 2435 Remensi
937 2410 1045 2434 autem
1070 2400 1104 2434 &

222 2449 389 2485 Parifiensi
403 2450 542 2491 Ecclefie
553 2450 758 2485 Canonicam
771 2450 964 2484 elediionem
976 2451 1105 2493 permit·

225 2510 293 2534 tete
318 2499 451 2536 nolebat
486 2498 676 2536 Ludovicus
702 2523 713 2540 ,
753 2501 944 2534 vacantium
979 2499 1102 2534 sedium

225 2550 430 2592 possessiones
443 2549 592 2586 detinens
614 2549 647 2582 in
671 2561 771 2584 manu
785 2552 859 2589 sua,
884 2560 981 2595 atque
1001 2551 1049 2585 ita
1072 2552 1103 2584 se

227 2598 266 2632 de
287 2599 400 2642 injuria
411 2599 582 2634 vindicans
595 2624 606 2640 ,
631 2611 730 2643 quam
752 2611 808 2643 per
829 2600 918 2634 Petri
940 2602 1103 2634 consecra—

231 2650 353 2682 tionem
364 2649 465 2692 ajebat
479 2650 591 2695 Regiae
604 2651 663 2684 suae
677 2651 839 2694 Majestati
857 2650 980 2685 illatam
992 2650 1032 2684 ab
1045 2652 1103 2684 Ec-

228 2696 322 2729 clesia
348 2699 516 2733 Romana.
545 2700 587 2734 Et
613 2699 803 2734 hincomne
816 2700 971 2745 Regnum
992 2701 1102 2735 Eccle-

230 2745 356 2778 fiastico
378 2747 547 2784 interdisto
566 2752 734 2794 supposuit
755 2751 971 2787 Innocentius
991 2749 1102 2785 Ponti·

231 2796 286 2828 fex
314 2819 325 2834 2
352 2795 440 2837 quod
465 2799 576 2832 mansit
594 2801 638 2835 ad
662 2801 877 2837 Coelestinum
900 2801 1102 2841 secundum,

229 2845 284 2878 cui
309 2844 385 2878 Rex
406 2845 539 2880 tandem
549 2849 715 2890 obedivit,
744 2851 794 2885 uti
821 2851 934 2885 multis
957 2850 1102 2885 scribunt

230 2892 397 2928 Robertus
415 2894 617 2938 Montensis,
643 2897 819 2934 Matthaeus
841 2901 954 2941 Paris,
981 2901 1103 2935 Radul·

232 2942 315 2987 phus
326 2943 367 2978 de
379 2944 502 2980 Diceto
514 2969 524 2985 ‚
547 2956 588 2981 ac
599 2950 765 2989 praesertim
776 2948 969 2986 Chronicon
985 2951 1103 2984 Mona-

230 2993 316 3027 sterii
328 2994 614 3037 Maurigniacenfis
624 3020 632 3028 .
657 2996 851 3043 ,Radulphus
860 2998 900 3034 de
912 3001 1035 3035 Diceto
1047 3002 1105 3034 fal-

230 3043 308 3077 litur
330 3043 463 3078 Petrum
487 3044 578 3079 fuisse
588 3047 808 3083 consecratum
829 3049 870 3084 ab
883 3050 1103 3095 Eugenioter·

231 3093 280 3127 tio
294 3118 301 3124 .
329 3092 439 3128 Etiam
450 3094 534 3138 apud
546 3095 731 3139 Rigordum
743 3097 847 3134 Sancti
862 3101 1017 3143 Dionysii
1034 3101 1101 3136 Ab·

232 3142 321 3176 batia
336 3142 359 3178 ⁴a
383 3142 539 3187 Philippo
562 3144 713 3189 Augusto
737 3147 817 3189 petit
842 3149 985 3192 eligendi
1007 3150 1115 3194 licen-y

232 3203 312 3226 [lam
340 3204 348 3223 :

231 3241 308 3276 Rex
331 3241 486 3277 omnibus
495 3242 744 3279 cathedralibus
756 3245 907 3279 Ecclefiis
926 3259 963 3281 ac
975 3247 1104 3292 Regali—

232 3292 293 3326 bus
312 3291 468 3329 ,Abbatiis
490 3293 645 3336 mandat,
673 3303 709 3328 ut
731 3296 831 3329 suain
854 3296 997 3331 absentia
1008 3297 1105 3335 licen-

230 3347 314 3377 tiam
326 3341 474 3388 eligendi
486 3341 650 3385 postulent
661 3344 679 3379 a
693 3345 823 3389 Regina
836 3370 843 3378 .
872 3347 916 3381 Et
926 3347 994 3381 sine
1007 3347 1105 3383 licen-

232 3392 280 3427 tia
298 3392 448 3439 eligendi
476 3391 666 3429 facultatem
687 3417 699 3433 ,
722 3396 772 3430 uti
795 3396 958 3431 summum
981 3397 1106 3440 privile-

230 3442 329 3489 gium
348 3467 362 3484 ‚
383 3442 476 3479 dedit
507 3443 658 3480 Ecclesiae
687 3444 890 3484 Atrebatensi
910 3470 917 3481 .
944 3447 1068 3484 Eadem
1088 3448 1105 3481 a

384 3193 421 3227 .&
441 3193 480 3227 ad
499 3195 620 3228 sacrum
641 3195 764 3228 bellum
787 3198 991 3239 proficiscens
1018 3197 1114 3233 idem

1165 362 1219 394 per
1231 351 1417 388 Dominum
1431 353 1563 393 Petrum
1582 351 1626 391 de
1634 351 1748 391 Marca
1757 350 1954 399 Diplomate
1965 350 2041 389 Rex

1163 401 1297 436 Sanctus
1308 402 1496 438 Ludovicus
1506 429 1514 436 .

1214 450 1336 486 Eadem
1360 452 1561 488 consuetudo
1583 450 1715 497 peffime
1732 449 1839 496 viguit
1861 450 1896 484 in
1911 448 2039 496 Anglia
2061 442 2194 474 Lib.8.c.

1160 501 1248 545 apud
1272 502 1381 547 Reges
1394 505 1623 538 Nortmannos
1635 527 1646 542 ,
1671 501 1776 545 quiin
1788 498 2038 537 Galliaeducati
2063 494 2109 520 ²4·

1163 552 1357 587 Gallicanos
1367 552 1482 586 abusus
1495 553 1527 584 in
1544 551 1704 596 Angliam
1715 551 1902 591 detulerunt
1914 574 1921 582 .
1949 551 2037 597 Quis

1162 603 1254 636 enim
1277 603 1396 636 nesciat
1417 601 1602 639 ,vacantium
1627 601 1841 639 Ecclesiarum
1862 598 2039 645 proventus

1163 652 1312 695 spestaffe
1340 651 1409 686 illic
1430 652 1471 685 ad
1493 652 1561 697 jura
1585 651 1712 695 Regia,
1738 651 1879 697 ideoque
1901 652 2043 695 ipsarum

1161 702 1335 736 elediiones
1356 702 1421 736 sine
1446 702 1551 746 Regis
1573 699 1669 735 venia
1689 711 1758 733 non
1795 702 1932 742 potuisse
1950 700 2044 742 fieri,

1162 752 1196 785 &
1208 750 1248 785 ad
1261 751 1383 785 multos
1393 751 1592 795 quandoque
1615 761 1721 784 annos
1738 748 1831 783 fuisse
1850 751 2011 793 suspensas
2022 751 2039 783 ἓ

1163 801 1388 835 Miserabilem
1407 801 1525 843 istam,
1552 811 1652 843 quam
1673 801 1707 835 ὅ(
1730 799 1868 833 aliarum
1889 801 2041 844 gentium

1163 852 1271 895 Reges
1293 851 1503 894 postmodum
1532 851 1723 894 usurparunt
1744 874 1755 890 ‚
1782 849 1966 883 servitutem
1993 850 2045 883 in-

1164 901 1250 935 vexit
1273 901 1430 936 secundus
1454 902 1472 936 ἐ
1493 902 1715 941 ,Νοῐῑαιαηηῐε
1738 900 1814 934 Rex
1841 898 2042 933 Guilielmus

1165 951 1271 986 Rufus
1282 976 1289 984 .
1318 952 1421 998 Quod
1434 952 1589 987 defuncto
1603 951 1732 986 Abbate
1742 949 1925 989 Scotlando
1936 973 1947 989 ‚
1966 950 2047 983 San-

1140 1012 1142 1014 ’
1163 1002 1202 1035 c’ti
1213 1000 1393 1047 Augustini
1409 1002 1652 1037 cantuariensis
1668 999 1909 1039 Monasterium
1931 999 2047 1034 abillo

1165 1052 1332 1086 licentiam
1357 1052 1486 1096 petierit
1508 1052 1653 1097 eligendi

1165 1101 1307 1137 scribunt
1329 1102 1530 1137 Guilielmus
1553 1101 1696 1136 Thorne
1713 1104 1747 1136 ὅ(
1771 1101 1942 1135 Gervasius
1963 1101 2049 1135 Can-

1165 1152 1336 1186 tuariensis.
1366 1153 1478 1187 Etiam
1494 1152 1718 1187 Cantuariensi
1732 1151 2024 1186 Ecclesiaeliberam
2038 1175 2049 1192 ‚
2067 1147 2092 1174 Α
2115 1147 2197 1177 1037·

1165 1213 1228 1245 qua
1239 1204 1370 1237 Sanetus
1383 1202 1557 1238 Anselmus
1567 1203 1630 1237 fuit
1645 1210 1816 1246 promotus
1827 1226 1837 1242 ,
1854 1201 2049 1235 eleetionem
2067 1185 2098 1216 &
2112 1195 2163 1220 ¹09
2172 1195 2193 1212 ¹⁶

1166 1252 1347 1287 concedere
1370 1254 1504 1294 noluit,
1530 1254 1588 1287 nisi
1608 1253 1742 1287 tandem
1763 1251 1946 1295 gravissime
1961 1251 2049 1284 infit-

1166 1313 1238 1335 mus
1255 1314 1296 1335 ex
1309 1311 1396 1336 metu
1407 1304 1543 1342 mortis.
1574 1303 1653 1346 Ejus
1665 1303 1760 1336 Pater
1772 1301 1971 1335 Guilielmus
1985 1301 2049 1335 Re-

1165 1353 1224 1395 gni
1250 1353 1464 1394 Conquaestor
1492 1354 1680 1393 nominarat
1701 1353 1901 1396 Episcopos,
1928 1352 1980 1385 cui
1995 1361 2052 1394 per

1163 1401 1352 1441 *Romanam
1377 1403 1557 1441 Ecclesiam
1576 1414 1679 1445 nuper
1702 1402 1864 1436 damnatae
1887 1401 2052 1435 violentiae

1165 1450 1252 1489 ,hanc
1276 1453 1343 1494 ipse
1363 1452 1461 1485 aliam
1485 1453 1692 1495 superduxit.
1721 1452 1799 1494 Ejus
1820 1450 1918 1483 frater
1935 1451 2051 1493 &pro-

1167 1501 1276 1534 ximus
1307 1500 1472 1535 Successor
1494 1502 1662 1535 Henricus
1697 1500 1820 1543 primus
1841 1500 1907 1533 suis
1934 1524 1945 1540 ,
1973 1511 2053 1543 quas

1168 1551 1378 1594 postmodum
1402 1550 1444 1584 ab
1453 1549 1602 1584 Henrico
1625 1549 1767 1584 secundo
1779 1549 1979 1583 resuscitatas
1994 1551 2055 1584 suo

1169 1600 1332 1644 sanguine
1351 1600 1543 1639 cleminavit
1565 1601 1726 1646 gloriosus
1738 1600 1867 1641 Martyr
1887 1600 1922 1633 ὃς
1935 1598 2056 1634 Archi-

1166 1651 1336 1695 episcopus
1369 1649 1524 1685 Thomas
1542 1675 1552 1690 ‚
1588 1650 1883 1686 consuetudinibus
1915 1649 2053 1685 inseruit

1169 1701 1259 1734 hunc
1273 1700 1448 1735 articulum
1466 1713 1473 1732 :
1501 1705 1579 1734 Cum
1593 1707 1752 1735 vacaverit
1767 1698 2056 1742 Arcbieptscopatus,

1169 1751 1224 1783 vel
1246 1749 1445 1793 Episcopatus
1463 1776 1474 1791 ,
1501 1753 1556 1784 vel
1574 1751 1706 1784 abbatia
1727 1775 1737 1792 ,
1764 1753 1817 1785 vel
1841 1753 1998 1783 Prioratus
2021 1756 2057 1783 in

1169 1801 1299 1832 dominio
1309 1804 1399 1844 Regis
1411 1824 1422 1840 ‚
1448 1801 1535 1835 debet
1549 1803 1692 1834 Dominus
1716 1805 1784 1835 Rex
1795 1803 1943 1833 mandare
1959 1805 2055 1842 potio-

1169 1862 1217 1883 res
1227 1852 1258 1881 E
1260 1849 1361 1891 cclefiae
1368 1848 1509 1893 personas
1520 1875 1530 1891 ,
1557 1853 1591 1884 Θ
1600 1857 1632 1882 in
1644 1852 1770 1893 Capella
1794 1849 1882 1892 spfius
1894 1849 1980 1883 debet
1986 1850 2057 1892 fieri

1167 1900 1285 1940 clema,
1311 1898 1422 1943 offensu
1449 1900 1534 1942 ipfius
1545 1904 1634 1945 Regis
1650 1925 1660 1941 ‚
1688 1900 1842 1942 &consilio
1859 1898 2057 1943 personarum

1169 1953 1287 1993 Regni,
1313 1961 1389 1991 quas
1415 1950 1519 1984 adhoc
1534 1951 1713 1993 faciendum
1732 1953 1952 1989 ‚advocaverit-
1981 1950 2058 1984 Ele-

1168 2000 1292 2033 &iones
1311 2010 1383 2034 non
1398 1999 1503 2034 solum
1523 2002 1564 2035 dc
1575 2001 1636 2038 suo
1648 2002 1767 2045 praevio
1788 2001 1974 2041 consensu,
2001 1999 2057 2034 sed

1167 2049 1267 2086 etiam
1292 2050 1326 2082 in
1340 2049 1447 2094 Regia
1470 2050 1608 2095 Capella
1634 2053 1726 2093 fieri,
1752 2051 1974 2086 &Procerum
1984 2051 2056 2084 suo·

1165 2110 1241 2133 *rum
1263 2099 1436 2138 affistentia
1458 2100 1564 2136 voluit
1582 2101 1702 2145 dirigi.
1728 2102 1833 2147 Qod
1857 2099 1919 2134 hac
1942 2099 1995 2133 via
2019 2099 2057 2132 in

1169 2149 1439 2184 Cantuariensem
1449 2150 1624 2184 Ecclesiam
1637 2175 1647 2190 ,
1671 2161 1742 2194 quae
1752 2149 1963 2184 Monachalis
1973 2149 2055 2184 sem-

1169 2209 1224 2242 per
1237 2197 1391 2232 habuerat
1402 2199 1611 2237 Monachum
1632 2200 1833 2244 Episcopum
1845 2224 1856 2241 ‚
1884 2199 2054 2234 Clericum

1168 2248 1302 2286 tandem
1327 2248 1493 2284 intruserit
1521 2249 1655 2287 ,testatur
1685 2251 1720 2290 ἀ
1742 2251 1887 2293 queritur
1912 2250 2053 2284 Simeon

1168 2299 1398 2337 Dunelrnenfis
1418 2323 1425 2331 .
1452 2299 1673 2335 Postmodum
1698 2310 1810 2335 tamen
1837 2300 1912 2344 post
1935 2300 2055 2345 longas
2072 2317 2111 2346 Α,
2122 2323 2209 2352 1023·

1168 2360 1244 2383 cum
1258 2350 1374 2383 Sandio
1395 2347 1557 2384 Anselmo
1581 2349 1840 2395 Archiepiscopo
1858 2349 2056 2385 &Paschali

1168 2398 1310 2433 secundo
1333 2398 1513 2434 Pontifices
1535 2401 1628 2440 lites,
1652 2402 1685 2435 &
1699 2401 1899 2436 Antistitum
1923 2401 2057 2434 investi·

1679 1077 1689 1093 ,
1712 1052 1750 1090 ,ὃς
1767 1062 1837 1085 non
1861 1052 2049 1094 acceperit,

1168 2449 1270 2488 turis,
1296 2449 1331 2483 &
1351 2451 1446 2484 omni
1468 2451 1503 2484 in
1517 2451 1660 2493 ipsorum
1682 2451 1875 2485 eleffionem
1899 2450 2055 2495 potestati

1166 2499 1287 2533 ceffiffe
1298 2522 1308 2538 ,
1335 2500 1504 2544 solumque
1527 2501 1673 2545 Regium
1692 2502 1713 2535 a
1735 2502 1831 2536 sacris
1854 2500 2052 2535 Canonibus

1166 2550 1351 2591 permissum
1362 2551 1518 2584 assensum
1530 2551 1709 2591 retinuisse,
1726 2550 1874 2585 laudatur
1884 2551 2052 2586 Henricus

1166 2599 1184 2632 a
1199 2597 1376 2643 Radulpho
1386 2600 1427 2634 de
1438 2600 1561 2636 Diceto
1574 2625 1581 2633 .
1602 2601 1776 2652 Qidquid
1792 2603 1831 2635 sit
1843 2625 1855 2642 ‚
1880 2601 2056 2636 consuetu-

1167 2649 1278 2682 dinem
1292 2650 1436 2692 priorum
1449 2652 1683 2695 resumpserunt
1696 2651 1766 2694 ejus
1775 2652 1976 2686 Succeffores
1984 2652 2053 2684 Ste-

1166 2698 1294 2742 phanus
1306 2724 1316 2740 ,
1341 2711 1381 2733 ac
1393 2702 1565 2743 praesertim
1586 2702 1754 2736 Henricus
1767 2702 1943 2736 secundus.
1975 2700 2051 2734 Nec

1167 2748 1234 2782 scio
1247 2749 1350 2792 ipsam
1362 2750 1404 2784 ab
1415 2749 1480 2784 hoc
1502 2752 1536 2784 in
1550 2752 1643 2786 initis
1658 2763 1736 2786 cum
1755 2752 1876 2790 SanCio
1890 2749 2027 2783 Thoma
2038 2773 2050 2789 ,

1163 2808 1223 2834 ‚aut
1238 2798 1308 2842 post
1318 2799 1385 2842 ejus
1407 2801 1529 2835 caedem
1539 2813 1615 2835 cum
1639 2801 1795 2836 Romana
1821 2800 1962 2835 Ecclesia
1975 2811 2054 2833 con-

1163 2848 1308 2883 cordatis
1330 2849 1422 2884 fuisse
1432 2850 1601 2892 ejeratam.
1628 2851 1907 2898 Liberasquidem
1926 2849 2056 2884 electio-

1167 2910 1223 2933 nes
1237 2898 1388 2933 Ecclefiis
1406 2900 1568 2942 reddidit,
1592 2913 1634 2936 eo
1646 2912 1758 2936 tamen
1770 2902 1880 2941 salvo,
1907 2898 1997 2942 quod
2016 2899 2053 2932 &

1164 2949 1262 2983 fadias
1273 2950 1461 2991 firmaret‚&
1473 2952 1630 2986 faciendis
1640 2962 1697 2985 aut
1706 2963 1760 2995 per
1773 2953 1816 2990 se,
1828 2959 1884 2983 aut
1895 2961 1950 2992 per
1959 2950 2052 2984 suum

1165 2999 1378 3042 Justitiarium
1391 3002 1552 3035 interesset
1564 3025 1574 3040 ‚
1600 3001 1745 3043 adeoque
1770 3001 1804 3034 &
1829 2998 2052 3033 faciendarum

1166 3047 1314 3091 praeberet
1324 3051 1514 3085 facultatem
1529 3075 1535 3082 .
1563 3050 1759 3084 Proximum
1786 3049 1894 3083 Sansti
1904 3046 2051 3082 Thomae

1163 3098 1321 3140 Martyris
1344 3101 1561 3133 Successorem
1575 3098 1777 3135 Richardutn
1799 3097 1893 3132 'fuisse
1917 3098 1962 3132 ita
1987 3098 2052 3132 ele-

1164 3150 1252 3181 stum
1272 3147 1404 3182 testatur
1423 3148 1539 3182 diserte
1560 3149 1594 3181 in
1617 3149 1732 3183 litteris
1751 3148 1794 3187 ad
1819 3147 2049 3183 Alexandrum

1165 3199 1296 3232 tertium
1308 3197 1502 3232 Pontificem
1512 3221 1522 3236 ‚
1533 3198 1733 3239 exstantibus
1745 3198 1829 3242 apud
1844 3199 1969 3232 Lucam
1981 3199 2051 3232 Da-

1164 3248 1310 3284 cherium
1322 3273 1333 3288 ,
1348 3246 1538 3291 Arnulphus
1552 3249 1728 3291 Episcopus
1743 3249 1956 3286 Lexoviensis
1967 3273 1974 3280 .
2004 3248 2049 3282 Et

1143 3325 1144 3328 ,
1166 3298 1313 3334 Ecclesiae
1324 3298 1547 3335 Lemovicensi
1557 3323 1569 3339 ‚
1582 3298 1670 3343 quod
1682 3299 1746 3333 fine
1757 3299 1811 3334 sua
1832 3299 1965 3334 licentia
1984 3298 2050 3332 ele-

1165 3347 1257 3392 gisset
1283 3371 1296 3387 ,
1320 3348 1430 3382 movit
1446 3359 1557 3383 coram
1584 3348 1716 3383 laudato
1738 3348 1932 3383 Alexandro
1957 3346 2046 3381 idem

1163 3396 1331 3431 Henricus
1352 3398 1426 3432 Rex
1452 3397 1542 3433 litem
1570 3399 1704 3444 longam
1730 3400 1764 3433 ὅ(
1787 3399 1928 3438 duram,
1953 3397 2046 3438 cujns

1164 3447 1339 3484 successum
1353 3448 1425 3485 vide
1437 3449 1521 3494 apud
1545 3448 1758 3494 Radulphum
1771 3449 1813 3486 de
1824 3448 1998 3532 agge-m

2062 3453 2197 3488 Δ-ΗΒΟ.
