2352 3736
375 142 405 191 8

300 231 427 278 phanio
436 257 447 275 ,
469 231 690 268 verosimiliter
699 233 832 269 editum
833 234 851 268 a
862 235 979 268 Sancto
990 230 1177 266 patriarch

302 283 476 323 Eustatio,
502 294 598 326 quem
609 283 654 317 ob
666 285 812 318 summa
805 296 837 318 ιη
851 286 882 318 se
895 278 1056 317 meritain
1070 281 1178 317 Sansti

298 332 499 378 thlogonii
522 333 608 377 apud
620 337 654 368 se
665 334 806 368 defun-{ii
820 334 930 372 locum
947 331 966 366 ὲ
986 331 1176 366 Berrhaeensi

302 384 643 427 [Episcopo-exaltavit
656 385 807 427 Synodus
829 383 962 417 Nicaena
976 406 984 415 .
1014 382 1176 417 Existimo

302 435 339 469 ιδ(
351 435 436 467 hunc
449 434 483 467 ὅ(
495 433 701 468 Alexandriae
713 430 931 466 Patriarcham
950 432 1176 467 Alexandrum

303 483 533 519 Romanorum
545 484 743 528 Legatorum
764 481 914 517 relationi
938 489 975 517 ac
984 483 1175 526 postulatio-

301 534 443 574 pifuiss'e
456 534 691 577 patrocinum,
717 531 859 577 ideoque
881 528 1018 568 domum
1042 534 1175 572 reduces

342 585 444 619 rscstae
464 582 617 617 castitatis
641 581 815 617 Canonem
836 607 849 624 ‚
873 595 971 627 quem
994 582 1173 626 Paphnutii

301 633 484 668 interceffio
494 633 595 666 fuerat
606 643 731 667 morata
742 658 753 679 ,
775 632 962 681 impartiisse
974 635 1027 667 sua
1039 634 1171 668 Patriar

297 682 387 717 chali
399 682 609 722 aucloritatc‚
633 683 798 717 &cunetis
819 684 944 718 suarum
960 682 1174 718 Ecclesiarum

299 732 476 776 majoribus
486 731 623 766 Clericis
646 733 829 776 imposuisse
843 759 850 766 .
879 735 921 768 Et
943 733 1022 767 hinc
1045 727 1173 767 foitaffe

297 783 409 817 evenit
430 807 441 823 ,
468 782 557 826 quod
582 781 623 816 ab
643 783 859 829 Eusebiauis,
886 794 953 817 non
971 781 1104 817 Arianis
1127 784 1173 817 so-

297 831 368 866 lum
379 858 390 873 ,
416 831 476 875 sed·
489 833 521 866 δε
532 833 653 867 uxoriae
663 832 807 868 libidinis
824 834 1029 869 dilectoribus
1044 834 1174 878 Episco-

297 883 350 927 pis
360 884 457 917 fuerit
468 882 507 917 de
521 883 742 918 fornicatione
758 895 796 918 ac
807 884 955 918 suscitata
979 882 1068 928 prole
1084 894 1173 917 accu-

255 952 271 964 s..
295 934 405 973 satus,
432 945 486 976 per
506 932 602 973 falsos
621 933 714 967 testes
734 935 902 968 convistus
926 933 1114 972 Eustatius,
1139 936 1172 967 ὅ(

121 1231 241 1266 Lyca
251 1239 273 1259 1.

294 983 491 1026 iniquiffime
501 983 705 1029 degradatus.
730 983 830 1018 Poffir
845 985 923 1025 hac,
949 996 1048 1028 quarn
1060 986 1172 1017 eadem

294 1032 337 1067 de
348 1035 440 1068 causa
452 1034 470 1067 a
493 1034 679 1079 conjugatis
689 1033 914 1069 Sacerdotibus
925 1034 1076 1075 sustinuit
1093 1033 1174 1067 Gre-

294 1085 408 1127 gorius
419 1084 599 1127 Septimus,
616 1084 746 1127 peffima
770 1085 933 1119 calumnia
957 1085 991 1118 in
1007 1084 1173 1118 suiCano-

293 1135 348 1168 nis
368 1132 527 1168 talionem
550 1134 643 1169 suisse
665 1135 822 1182 pulsatus.
851 1135 1021 1181 dequid
1037 1134 1075 1167 fit
1091 1159 1102 1175 ‚
1127 1145 1170 1167 er-

292 1190 399 1218 r'orem
411 1184 582 1219 continent
596 1183 663 1218 haec
674 1185 814 1220 Socratis
827 1187 920 1220 verba
935 1199 945 1219 .·
972 1190 1081 1219 omnes
1107 1184 1170 1217 illu·

286 1234 366 1276 stre:
376 1235 539 1274 Presbyteri
549 1241 581 1268 in
592 1239 734 1275 Oriente,
766 1238 800 1270 &⁶
812 1235 951 1280 Episcopi
973 1242 1064 1269 etiam
1077 1258 1087 1273 ‚
1113 1245 1172 1266 mo-

294 1286 332 1317 d&
342 1284 556 1326 ipfivoluerint
568 1309 579 1325 ,
599 1286 681 1318 nulla
697 1288 757 1330 lege
769 1286 878 1326 coac‘li,
906 1286 945 1318 ab
967 1284 1108 1318 uxoribus
1118 1282 1171 1315 ab·

286 1334 416 1375 liment.
443 1340 530 1368 Nam
542 1347 598 1368 non
605 1341 697 1378 pauc}
711 1333 824 1369 illorum
835 1360 845 1375 ,
873 1337 945 1369 dum
959 1333 1168 1377 Eptscopatum

287 1393 421 1429 gerunt,
445 1391 537 1419 etiam
557 1385 662 1418 liberos
672 1397 712 1418 en
733 1396 821 1418 uxore
839 1387 974 1429 legitima
991 1392 1161 1427 procreant-

291 1435 395 1482 Qod
419 1435 518 1469 etiam
529 1433 683 1477 Episcopi
703 1435 738 1467 id
758 1434 900 1474 sachun
930 1433 1041 1468 lucide
1059 1434 1167 1468 adver—

290 1484 506 1517 saturSancto
527 1481 736 1525 Epiphanio.
766 1481 865 1525 Apud
890 1483 1041 1526 quasdam
1066 1484 1170 1530 negli-

293 1545 409 1579 gentes
430 1533 584 1567 Ecclelias
606 1532 677 1567 fieri>
695 1530 801 1566 asserit
813 1531 917 1566 asolis
939 1531 1140 1574 presbyteris
1158 1557 1168 1573 ‚

288 1585 454 1619 Diaconis
475 1610 486 1625 ‚
511 1595 549 1617 ac
570 1581 783 1618 Subdiaconis
809 1609 815 1617 .
855 1583 957 1628 Quod
984 1583 1074 1616 nulla
1096 1583 1169 1627 lege

291 1631 398 1669 coacti
409 1634 590 1667 abstineant
600 1660 610 1675 ,
639 1633 746 1667 eidem
759 1633 937 1667 adversatur
950 1646 957 1666 ε
986 1632 1114 1667 Diserte
1125 1634 1170 1667 as-

280 1685 368 1729 ={erit
392 1685 459 1718 fieri
479 1696 520 1718 ex
541 1683 693 1718 Canonis
712 1685 919 1718 auctoritate.
946 1683 1032 1717 Fieri
1056 1694 1166 1717 tamen

293 1734 411 1778 possit,
438 1734 527 1778 quod
539 1732 691 1770 adversus
714 1733 880 1768 laudatum
893 1733 1068 1772 Canonem
1092 1733 1169 1768 effer

290 1783 374 1820 hinc
386 1784 463 1818 inde
477 1785 693 1829 praescriptum
704 1811 711 1818 .

344 1835 388 1868 Et
410 1836 545 1879 quidem
557 1836 710 1879 Episcopi
737 1847 852 1870 omnes
879 1847 937 1880 pro
960 1838 1014 1870 sua
1036 1835 1170 1879 persona

291 1886 327 1920 &
339 1886 442 1930 gradu
456 1886 605 1919 videntur
618 1887 735 1920 Nicaeae
756 1886 909 1920 admifiss'e
921 1886 1109 1920 Romanam
1121 1897 1170 1919 ca·

292 1935 459 1979 ssitateru,
484 1937 518 1970 ὃ(
534 1935 714 1979 Paphnutii
731 1937 1000 1971 intercessionem*
1014 1948 1072 1980 pro
1096 1935 1172 1969 solis

292 1986 430 2020 Clericis
454 1985 623 2029 probafle.
653 1986 720 2020 Res
743 1997 852 2021 tamen
877 1988 998 2021 incerta
1024 1986 1087 2020 est.
1116 1986 1171 2020 Et-

292 2038 382 2070 enim
412 2039 494 2071 inter
521 2038 674 2071 articulos
702 2060 714 2076 ,
749 2035 790 2070 de
816 2036 930 2081 quibus
958 2036 1171 2070 Antoninum

293 2085 497 2130 Ephe-imum
512 2087 709 2130 Episcopum
722 2111 732 2127 ‚
746 2087 893 2121 Afiaticae
907 2087 1092 2120 Dioeceseos
1106 2085 1170 2119 Prii

293 2146 439 2174 matem,
467 2136 501 2169 in
525 2136 900 2181 Constantinopolitano
921 2136 1174 2179 santiiyoannis

295 2183 525 2227 Chrysostomi
545 2186 702 2220 Concilio
715 2189 876 2221 accusavit
889 2186 1044 2221 Eusebius
1054 2185 1176 2220 Valen-

294 2234 538 2278 tinopolitanus
549 2236 727 2279 Episcopus
738 2260 748 2276 ,
775 2237 838 2270 fuit
850 2239 883 2271 ὃ(
897 2237 952 2271 hic
968 2250 979 2270 .-
1008 2237 1175 2279 ,Quodcum

296 2292 383 2320 uxori
398 2291 530 2326 proprlae
553 2284 749 2327 renuntiaffe?
768 2310 778 2324 ,
803 2287 923 2319 rursiam
949 2287 994 2319 illi
1019 2286 1175 2329 congreffus

297 2335 337 2378 est
352 2359 363 2375 ,
384 2332 519 2377 filiosque
537 2345 575 2368 ex
596 2345 632 2368 ea
638 2340 829 2376 procreavit.
857 2335 938 2369 Non
963 2335 1053 2378 quod
1076 2336 1177 2368 fastus

295 2384 483 2428 Episcopus
496 2409 507 2424 ‚
533 2382 584 2418 sed
595 2385 684 2428 quod
696 2386 766 2427 post
786 2384 1066 2419 renuntiationem
1089 2396 1177 2418 exer-

299 2435 412 2470 cuiffet
426 2434 600 2478 conjugale
621 2444 723 2478 epm,
752 2435 858 2478 ipsum
880 2435 1063 2474 accusavit,
1088 2435 1177 2468 ideo-

301 2496 366 2529 que
393 2485 546 2526 supponit
566 2495 649 2527 opus
684 2483 768 2518 istud
800 2486 879 2518 citra
902 2484 1178 2519 renuntiationem

301 2535 402 2569 etiam
426 2533 589 2577 Episcopo
612 2534 753 2568 omnino
775 2533 917 2568 licuisse.
944 2534 1044 2569 Poffit
1068 2544 1177 2569 tamen

300 2584 361 2619 ista
376 2583 576 2618 renuntiatio
599 2583 809 2627 Episcopatui
834 2585 926 2619 fuiffe
938 2583 1066 2619 adnexa
1079 2609 1087 2618 .
1115 2584 1179 2617 Ex-

301 2634 456 2669 flamina
478 2633 655 2677 Synodalia
676 2634 755 2667 Acta
775 2635 860 2678 apud
875 2634 1014 2669 Palladii
1030 2635 1178 2668 Heleno-

305 2683 446 2728 politani
457 2682 607 2727 Episcopi
621 2683 803 2728 Dialogum
818 2695 894 2718 cum
907 2682 1090 2718 Theodoro
1102 2684 1181 2717 Dia-

260 2756 262 2761 ·
301 2738 392 2770 diuo
406 2734 552 2767 Ecclefiae
562 2733 739 2767 Romanae.
767 2733 939 2780 Qidquid
961 2735 999 2768 fit
1021 2734 1061 2767 de
1072 2733 1181 2768 molli-

301 2782 365 2820 bus
377 2784 524 2832 Asiaticis
535 2807 545 2824 ,
571 2782 708 2818 Pontica
723 2783 880 2818 Dioecefis
893 2795 949 2827 pro
973 2785 1038 2819 suis
1051 2784 1183 2826 Episco-

303 2835 354 2879 pis
374 2834 516 2869 omnino
542 2833 669 2868 admisit
691 2859 698 2865 .
728 2834 865 2868 Etenim
886 2834 1021 2869 Petrum
1044 2833 1184 2868 Sebaste·

302 2895 385 2919 num
408 2884 607 2928 Episcopum
628 2907 639 2924 ‚
668 2884 775 2927 primae
801 2882 963 2918 Armeniae
987 2883 1182 2926 Metropoli·

306 2943 372 2967 tam
385 2958 395 2973 ,
421 2945 497 2969 cum
511 2945 612 2968 uxore
623 2934 677 2966 sua
687 2956 697 2972 ,
724 2934 776 2967 sed
790 2944 825 2967 ut
837 2945 911 2968 cum
925 2935 1040 2968 Sorore
1051 2958 1061 2973 ‚
1083 2932 1182 2967 coha-

307 2982 466 3018 bitantem
479 3009 489 3024 ‚
509 2983 595 3027 apud
605 2983 673 3027 ejus
695 2994 888 3027 germanum
899 2984 1043 3017 Fratrem
1065 2994 1102 3016 ac
1114 2982 1168 3015 Ρη

309 3042 430 3066 marem
452 3035 599 3068 Sandium
622 3034 775 3067 Bafilium
790 3033 830 3067 de
856 3034 914 3067 ista
934 3033 1183 3067 cohabitatione

309 3081 428 3129 detulit
439 3081 528 3114 diciae
538 3081 679 3118 civitatis
691 3083 834 3127 populus
846 3107 857 3123 ‚
884 3082 1038 3127 adlegans
1051 3082 1183 3125 Episco-

310 3140 391 3174 pum
411 3140 452 3163 ex
473 3129 610 3165 Canone
623 3132 763 3177 obligari
777 3133 818 3168 ad
838 3133 968 3177 plenam
979 3133 1181 3172 castitatem,

310 3180 460 3223 adeoque
482 3178 522 3212 ab
543 3179 603 3212 illo
635 3183 777 3223 suspecto
799 3183 1018 3217 contubernio
1041 3184 1183 3226 separan-

313 3228 412 3262 dum.
440 3228 483 3261 Et
504 3228 744 3263 accusationem
766 3233 815 3266 uti
840 3233 1019 3277 legitimam
1041 3231 1183 3267 omnino

314 3278 443 3313 admisit
454 3278 607 3317 Basilius,
631 3279 759 3312 acceffit
772 3281 945 3323 Sebasten,
978 3283 1084 3316 fratris
1107 3292 1183 3315 cum

314 3338 416 3363 uxore
437 3327 615 3362 castitatem
636 3326 867 3363 demonstravit
881 3333 1066 3373 miraculis,
1086 3341 1183 3374 atque

314 3380 365 3415 ita
372 3377 484 3420 'populi
499 3378 683 3410 scandalum
703 3377 880 3412 exstinxit.
908 3381 1013 3420 Dixi,
1041 3384 1099 3414 Pro
1109 3385 1184 3423 Epi-

311 3425 430 3473 [ωριτε
456 3426 557 3476 Qod
568 3427 658 3462 enim
668 3425 871 3471 Presbyteri,
896 3429 1042 3475 adeoque
1064 3432 1104 3466 ὃς
1108 3432 1185 3466 Dia-

1171 2965 1205 3531 ι

663 145 858 190 Parma
891 140 1291 190 Pkoor'Mx‘At'ts‘
1327 132 1757 205 Disseitrarxm

1237 233 1315 268 coni
1336 242 1432 276 atquc
1452 232 1652 273 Sabdiaceni
1670 235 1774 271 duciis
1783 244 1879 272 antea
1889 235 2047 272 uxoribus
2056 229 2106 272 uti

1237 284 1306 317 illic
1317 284 1510 326 potuerint,
1537 284 1622 318 lucet
1631 298 1673 320 ex
1683 280 1864 333 Gangrenfi
1879 287 2032 322 adversus
2041 287 2110 321 Eu-

1237 333 1368 368 statium
1389 333 1609 368 Sebastensern
1631 332 1792 378 Canon,
1815 338 1850 372 δε
1871 348 1912 371 ex
1934 338 2108 372 Anastasio

1234 382 1450 440 Cappadociae
1461 383 1674 427 Presbytero,
1698 394 1800 427 quem
1808 387 1899 446 quqd
1909 398 1985 422 cum
2004 398 2109 422 uxore

1237 435 1290 467 sua
1304 457 1315 473 ,
1339 434 1388 467 uti
1410 445 1487 468 cum
1509 435 1637 474 sorore,
1663 434 1836 469 castissimo
1845 438 1968 473 viveret
1987 463 2001 480 ,
2024 447 2110 472 tam-

1234 494 1332 526 quam
1343 482 1384 517 dc
1393 494 1517 529 magno
1529 484 1818 528 supererogationis
1827 490 1924 528 opere
1931 488 2109 523 admiratus

1235 534 1301 573 est,
1327 543 1423 581 atque
1444 534 1588 569 laudavit
1611 533 1697 570 idem
1709 533 1864 568 Bafilius.
1991 538 2110 572 omnia

1234 581 1374 617 habesin
1389 584 1455 627 ejus
1467 587 1542 619 vita
1552 584 1637 628 apud
1656 586 1811 619 Sanftum
1831 583 2109 628 Amphilochium

1232 632 1486 677 Metropolitam
1498 635 1722 671 Iconiensern

1282 682 1384 730 Quod
1399 683 1527 727 plenam
1539 685 1718 719 castitatem
1728 685 1839 720 omnis
1851 684 1981 720 tandem
1994 684 2111 720 Orien-

1233 734 1306 767 talis
1328 734 1468 769 Ecclefia
1484 734 1652 778 Episcopis
1678 737 1786 770 suisin
1811 736 1913 780 legem
1924 735 2120 777 admiserit,-

1236 785 1320 817 lucet
1341 795 1383 817 ex
1403 784 1529 819 novella
1547 785 1719 828 Iustiniani
1744 786 1885 831 Augusti
1909 786 1950 820 ad
1973 784 2115 829 Epipha-

1234 834 1326 868 nium
1350 833 1567 869 patriarcham
1590 836 1999 880 Constantinopolitanum
2015 836 2110 881 lege,

1234 894 1302 927 quae
1311 883 1529 934 Presbyteris,
1559 885 1718 922 Diaconis
1731 911 1741 926 ‚
1765 898 1803 921 ac
1823 886 2037 920 Subdiaconis
2047 897 2115 930 per-

1234 935 1335 968 mittit
1347 935 1449 969 duciae
1461 946 1554 969 antea
1564 939 1677 969 uxoris
1696 938 1789 971 usum
1800 961 1810 977 ,
1836 935 2025 983 eligendum
2037 934 2114 970 vero

1235 985 1433 1028 Episcopum
1448 986 1517 1019 vult
1529 987 1591 1019 effe
1602 986 1777 1029 professum
1798 986 2007 1021 Monachum
2018 1012 2028 1028 ,
2055 997 2113 1021 aut

1232 1034 1318 1067 certe
1329 1035 1497 1068 Clericum
1510 1060 1520 1076 ‚
1546 1038 1601 1079 qui
1621 1047 1727 1079 neque
1749 1037 1857 1076 filios,
1886 1048 1993 1080 neque
2012 1047 2116 1081 nepo-

1232 1095 1278 1117 tes
1299 1108 1311 1125 ,
1338 1096 1443 1129 neque
1454 1096 1588 1119 uxorem
1603 1087 1718 1121 babeat
1732 1111 1744 1128 ‚
1769 1086 1884 1121 autilli
1909 1088 2021 1121 saltem
2043 1098 2112 1121 non

1229 1133 1385 1169 cohaereat
1399 1159 1410 1174 ‚
1437 1134 1502 1171 hoc
1513 1135 1558 1170 est
1574 1160 1584 1176 ‚
1613 1137 1678 1179 ipsa
1690 1149 1731 1171 ex
1744 1147 1860 1171 mutuo
1870 1138 2031 1171 consensu
2043 1149 2114 1171 non

1230 1193 1359 1217 utatur.
1388 1184 1431 1217 Et
1444 1185 1476 1217 in
1493 1185 1564 1229 lege
1578 1184 1713 1219 Codicis
1724 1187 1763 1219 ad
1777 1187 1944 1228 Iulianum
1956 1187 2117 1222 Praetorio
2131 1193 2158 1220 L.
2168 1202 2192 1221 ι.
2208 1190 2290 1228 tit.3.

1231 1233 1418 1268 Praefestum
1430 1235 1471 1268 de
1486 1236 1552 1269 sola
1567 1233 1833 1278 presbyterorum
1845 1260 1855 1275 ,
1869 1235 2115 1276 Diaconorum,
2130 1232 2206 1267 048·

1230 1295 1267 1318 ac
1279 1283 1563 1318 Subdiaconorum
1585 1283 1827 1320 incontinentia
1839 1286 1982 1329 queritur
1993 1311 2004 1327 ,
2031 1285 2120 1330 ipsis-

1229 1334 1379 1378 quesolis
1413 1347 1514 1368 novas
1527 1333 1690 1370 interdicit
1714 1338 1859 1380 nuptias:
1887 1337 1977 1380 quod
1998 1347 2118 1382 nempe

1228 1396 1344 1418 omnes
1357 1383 1478 1427 ubique
1492 1384 1642 1427 Episcopi
1661 1386 1693 1417 in
1719 1387 1813 1428 plena
1824 1386 1969 1421 viverent
1990 1385 2118 1421 castita-

1229 1444 1276 1468 te.
1303 1434 1339 1467 ln
1352 1433 1471 1476 quibus
1483 1432 1637 1467 omnibus
1651 1435 1682 1467 se
1694 1436 1861 1476 profitetur
1871 1436 2042 1470 dumtaxat
2052 1437 2119 1472 este

1229 1484 1370 1528 priorum
1385 1484 1562 1518 Canonum
1573 1494 1800 1523 executorem.
1822 1484 1984 1518 Existimo
1994 1485 2120 1521 laudari

1230 1535 1383 1569 Canones
1395 1534 1424 1567 S.
1435 1533 1654 1567 Alexandrini
1664 1544 1762 1578 atque
1774 1533 1912 1568 Eustatii
1926 1530 2121 1570 Patriarchai

1230 1583 1434 1619 Antiocheni
1450 1608 1462 1624 ,
1489 1584 1523 1618 δε
1546 1582 1683 1617 aliarum
1705 1584 1900 1619 Dioeceseon
1914 1583 2121 1619 consuetudi-

1231 1646 1389 1678 nem‚quae
1403 1634 1600 1678 pedetentim
1610 1633 1730 1678 ubique
1739 1635 1881 1669 fixerunt
1892 1634 1986 1669 istam
1997 1635 2120 1669 Sancti-

1229 1686 1384 1719 moniam.
1413 1685 1499 1732 Qae
1511 1682 1643 1719 tandem
1651 1682 1736 1720 adeo
1747 1686 1887 1728 profecit
1895 1707 1906 1724 ,
1916 1694 1952 1719 ut
1967 1686 1999 1721 in
2011 1685 2121 1729 pletis:

1229 1747 1293 1777 que
1318 1735 1505 1769 Graecorum
1546 1734 1696 1769 Ecclefiis
1721 1735 1807 1770 solos
1837 1735 1938 1780 longa
1971 1735 2118 1773 castitate

1231 1785 1384 1829 probatos
1407 1782 1595 1819 Monachos
1617 1784 1779 1820 admiserit
1802 1786 1842 1820 ad
1865 1786 2116 1830 Episcopatum.

1233 1835 1366 1870 Etenim
1379 1836 1414 1869 in
1426 1836 1484 1869 suo
1498 1836 1810 1878 Hierosolymitano
1825 1836 1943 1870 itinere
1953 1835 2064 1870 scribit
2073 1835 2118 1870 dc

1232 1885 1412 1919 Maronitis
1433 1885 1576 1928 Ioannes
1592 1885 1790 1920 Carovicus:
1816 1890 1927 1920 Omnes
1951 1889 2122 1919 Maronita-

1232 1947 1297 1969 rum
1319 1935 1475 1977 Pontificas
1496 1960 1506 1976 ‚
1531 1943 1577 1970 ut}
1595 1937 1629 1969 Θ
1641 1936 1823 1970 patriarcha
1834 1961 1845 1977 ,
1871 1935 2119 1979 coelibemstgunt

1233 1993 1332 2019 vitam
1341 2011 1352 2026 ‚
1379 1988 1413 2019 (5
1427 1986 1565 2020 Monachi
1573 1985 1645 2030 sunt
1658 1987 1783 2020 ordinis
1795 1986 1898 2019 sandi}
1909 1984 2012 2027 Bafilii
2025 2009 2036 2024 ,
2060 1995 2121 2018 ια·

1233 2042 1307 2070 teris
1321 2036 1502 2075 Presbyterss
1516 2061 1528 2077 ,
1552 2037 1631 2079 quod
1640 2035 1825 2078 uxoratifint
1836 2059 1847 2075 ‚
1870 2035 1910 2069 ab
1920 2035 1977 2069 bac
1985 2035 2119 2079 dignita-

1233 2095 1262 2118 te
1275 2084 1411 2126 exclufis.
1440 2085 1482 2118 Et
1493 2086 1533 2119 de
1544 2084 1706 2121 Chaldaeis
1726 2085 1950 2121 Nestorianis:
1976 2082 2125 2125 Monam-1

1234 2142 1282 2170 ria
1293 2134 1406 2169 habent
1420 2135 1521 2168 sandi}
1534 2142 1651 2168 Antonii
1664 2137 1789 2174 Ordinis
1802 2147 1891 2178 quam
1899 2135 2031 2177 plurimu
2041 2159 2052 2176 ,
2076 2145 2117 2168 ex

1235 2198 1360 2229 quorum
1370 2195 1446 2219 caetu
1458 2197 1521 2219 cum
1534 2185 1771 2229 Archi-Epifiopi
1791 2195 1854 2220 tum
1865 2183 2004 2229 Episcopi
2014 2195 2117 2219 omnes

1236 2238 1381 2279 eliguntur
1395 2260 1402 2268 .
1431 2235 1479 2269 lta
1500 2236 1614 2270 servari
1639 2237 1721 2270 dicit
1731 2236 1816 2280 apud
1841 2246 1955 2270 omnes
1966 2235 2119 2270 Orienta-

1239 2287 1281 2319 les
1309 2284 1468 2319 Ecclesias
1488 2309 1499 2325 ‚
1522 2288 1556 2320 δι
1574 2285 1801 2321 schismaticas
1823 2287 1857 2320 ὅ(
1880 2284 2123 2321 Οτιὴοὰοκειε.·

1239 2337 1282 2369 Et
1293 2335 1368 2369 sane
1390 2335 1604 2370 matrimonio
1627 2337 1754 2372 assuetis
1768 2336 1965 2378 presbyteris
1986 2346 2024 2369 ac
2037 2335 2121 2368 Dia·

1239 2385 1331 2419 conis
1343 2384 1544 2419 meritonon
1568 2387 1705 2420 credunt
1725 2385 1849 2420 castum
1863 2385 2116 2428 Episcopatumm

1239 2435 1347 2469 Moris
1365 2436 1530 2480 originem
1551 2436 1668 2480 ignoro
1696 2461 1703 2468 .
1733 2435 1788 2469 Est
1810 2445 1920 2468 tamen
1945 2434 2118 2476 antiquus-

1243 2485 1372 2519 Etenim
1385 2497 1426 2519 ex
1440 2486 1509 2528 ipso
1519 2486 1618 2519 etiam
1630 2487 1783 2528 profanus
1796 2483 1935 2517 Photius
1954 2494 1995 2516 ex
2005 2482 2118 2516 uxoris

1242 2535 1338 2569 latere
1373 2535 1409 2569 in
1447 2534 1855 2577 Constantinopolitanum
1896 2531 2122 2567 patriarcham

1242 2584 1477 2620 consecrandus
1502 2583 1663 2629 gradatim
1684 2607 1695 2624 ‚
1722 2583 1828 2626 primo
1855 2583 1917 2617 fuit
1938 2583 1972 2616 in
2002 2582 2126 2615 Mona·

1241 2633 1338 2671 chum
1349 2635 1514 2669 attonsus.
1543 2632 1639 2668 Certe
1663 2633 1732 2676 post
1756 2634 1931 2671 Nicaenam
1946 2629 2120 2676 Synodutn

1243 2696 1361 2728 paucos
1373 2683 1512 2718 adduces
1524 2684 1708 2719 Orientales
1727 2683 1908 2726 Episcopos
1917 2706 1928 2723 ‚
1953 2692 2036 2724 quos
2049 2691 2120 2715 uon

1241 2734 1370 2769 constet
1388 2732 1576 2768 Monachos
1603 2734 1698 2767 fuisse
1722 2758 1729 2765 .
1758 2733 1802 2766 Et
1827 2731 1906 2767 hinc
1932 2732 1966 2766 in
1991 2732 2055 2766 suis
2076 2728 2124 2764 ad·

1241 2786 1393 2828 quintum
1407 2783 1634 2828 Apostolicum
1657 2784 1835 2818 Canonem
1846 2782 1987 2817 Scholiis
2009 2780 2125 2814 deviat

1242 2833 1441 2868 Theodorus
1467 2833 1638 2867 Balsamon
1663 2846 1670 2866 :
1706 2837 1784 2866 Ante
1805 2831 1928 2876 sextam
1953 2831 2120 2870 synodum,

1241 2896 1309 2927 quae
1322 2883 1390 2926 fuit
1414 2889 1447 2916 in
1458 2884 1557 2917 Trullo
1568 2885 1704 2922 Palatii,
1728 2883 1835 2916 licebat
1848 2880 2002 2923 Episcopis
2012 2877 2120 2911 habere

1243 2945 1366 2967 uxorem
1378 2957 1388 2973 ,
1404 2939 1493 2967 etlam
1500 2933 1562 2975 pol}
1573 2935 1752 2978 dignitatem
1765 2931 1968 2975 Episcopalem
1983 2952 1994 2968 ,
2019 2938 2123 2970 quem-

1242 2985 1399 3017 admodum
1436 2985 1470 3017 &
1500 2989 1551 3026 qui
1594 2982 1657 3026 post
1686 2987 1921 3019 matrimonia„
1940 2978 2123 3012 ordinantur

1243 3033 1410 3071 Presbyteri
1429 3044 1464 3066 ac
1477 3037 1611 3067 Diacom.

1293 3083 1439 3129 Qaestio
1450 3083 1519 3125 est,
1546 3082 1602 3117 An
1618 3083 1713 3127 raptis
1736 3081 1776 3116 ad
1789 3084 1911 3116 sacrum
1931 3076 2097 3112 Ordinem
2109 3100 2121 3117 ‚

1245 3133 1384 3176 ideoque
1408 3144 1485 3168 ante
1505 3144 1669 3177 acceptam
1689 3141 1803 3167 manus
1826 3128 2069 3172 impositionem
2078 3127 2122 3162 dc

1244 3182 1301 3216 sibi
1322 3183 1510 3226 impoffibili
1522 3184 1678 3217 castitatis
1696 3178 1843 3219 custodia
1867 3178 2125 3221 protestantibus
2141 3168 2206 3236 {225²
2207 3169 2292 3243 ‘2²2¹

1244 3234 1405 3267 Diaconis
1416 3233 1523 3268 datam
1536 3234 1633 3267 unius
1643 3228 1830 3274 posterioris
1842 3238 1988 3272 conjugii
1996 3227 2039 3262 ab
2051 3228 2124 3263 An·

1244 3294 1362 3326 cyrana
1374 3283 1510 3325 synodo
1522 3279 1684 3317 licentiam
1695 3276 1851 3321 Synodus
1863 3277 1998 3312 Nicaena
2019 3274 2125 3311 exsuf-

1245 3332 1332 3367 flarit
1355 3333 1368 3365 ?
1396 3333 1528 3367 Partem
1560 3328 1786 3363 affirmativam
1817 3326 1951 3363 suadent
1972 3326 2120 3360 Gelafius

1247 3382 1454 3426 Cyzicenus,
1478 3379 1630 3413 Hermias
1642 3378 1873 3417 Zozomenus,
1887 3387 1935 3410 ac
1947 3377 2093 3410 Socrates
2105 3399 2116 3416 ,

1245 3432 1360 3468 diserte
1384 3432 1580 3466 affirmantes
1601 3439 1742 3464 veterem
1764 3452 1776 3471 ‚
1800 3438 1870 3473 quae
1890 3425 2061 3472 Episcopis
2086 3427 2122 3461 δε

1992 3486 2073 3512 cun

2129 773 2232 803 L-6.c.1
2238 783 2274 803 .2.
