2352 3736
413 183 463 212 Dr
502 169 694 211 SlMONIAE
730 179 938 221 camme,
977 178 1026 206 ET
1060 176 1200 207 vARus
1237 176 1296 205 AD
1330 162 1452 205 ipsum
1487 165 1811 204 SPECTANTIB'US.

1887 170 1952 217 77

208 248 445 288 Tribunalibus
464 272 476 288 ‚
509 246 527 280 a
564 247 681 291 quibus
715 256 825 281 tamen
862 254 1012 280 vetantur
1048 244 1082 277 &
1140 242 1312 286 persolvat.
1341 243 1455 277 Exstat
1467 241 1612 286 Epistola
1627 242 1697 284 post
1709 242 1857 277 Annales
1868 241 2024 276 Godefri-

209 302 405 338 damnantur
416 297 602 343 rigidiffirne
612 322 622 338 ,
649 309 686 332 ac
700 298 869 341 infigniter
880 295 1081 339 puniuntur.

208 351 371 386 Rotnanae
382 346 525 383 Eceiefiae
535 347 757 388 innocentiam
767 347 801 380 in
813 347 868 381 sua
879 343 1084 378 Lateranensi

209 399 349 444 Synodo
358 398 593 433 demonstravit
614 395 828 431 Innocentius
849 393 980 427 tertius:
1011 394 1084 425 sicut

205 459 265 494 pro
272 458 346 484 certo
354 450 509 483 didicimus
519 473 529 489 ‚
556 454 589 486 in
594 445 741 489 plerisque
750 445 816 477 iocis
827 446 848 475 ᾶ
856 442 1005 486 plerisque
1015 451 1084 484 per-

207 499 310 544 sonis,
334 498 420 542 quast
425 498 566 533 columbas
576 502 608 529 in
629 494 736 536 templo
756 493 956 527 vendentibus
972 517 983 532 ‚
1004 493 1083 534 fiunt

210 549 377 585 exactiones
388 550 422 590 ῥά
431 546 597 590 extorfiones
607 553 708 585 turpes
718 545 752 577 6·
759 551 870 585 pravae
881 552 935 585 pro
944 541 1089 585 consecra-

212 599 340 634 tionibus
350 597 557 642 Episcopatum
572 618 583 634 ,
607 595 641 627 ό·
654 592 899 639 benedidionibus
913 593 1061 626 Abbatum
1075 615 1086 631 ‚

212 646 618 690 &Ordinibus,(.sslericarum,
640 643 733 686 estque
755 653 917 685 taxatum,
939 651 1085 685 quantum

205 699 246 742 fit
257 699 303 740 asti
311 699 362 740 vol
371 697 442 738 illi,
466 701 610 738 quantum
615 695 705 732 alteri
714 692 945 736 persolvendum
956 717 963 724 .
990 695 1036 724 Et
1046 693 1089 724 ad

212 749 356 789 cumulum
363 746 565 787 damnationis
575 745 697 785 majoris
709 745 831 786 quidam
847 744 1042 785 cupiditatem
1054 742 1087 774 Θ

208 802 396 841 punitatem
418 791 588 840 hujusmodi
609 800 745 829 nituntur
776 793 932 835 defendere
950 801 1008 835 per
1026 801 1092 824 con-

207 846 392 892 [mdinem
399 845 484 890 longo
493 843 623 885 tempore
641 842 842 886 observatam.
870 841 1087 877 Consuetudi-

207 906 286 938 Rem
298 893 383 929 hauc
393 891 562 938 proscribit
574 894 616 927 ab
636 895 728 927 omni
752 892 894 927 Ecclesia
904 917 917 932 ,
942 892 1088 927 damnat-

206 943 323 990 quede
334 944 428 988 plena
441 944 606 979 Simonia.
634 944 682 977 Ea
706 944 908 987 Episcopalis
928 942 1090 976 consecra-

206 995 313 1040 tionis
321 994 389 1039 jura
400 994 546 1041 quaedam
558 993 706 1031 Ecclefiae
717 992 879 1041 uocabant
889 990 1090 1027 Cathedrati-

209 1056 308 1087 cum,
334 1055 489 1088 erantque
511 1053 600 1081 tanta
620 1069 630 1085 ,
658 1054 694 1078 ut
715 1043 919 1080 Hartuicum
940 1042 1094 1080 Bremen-

209 1095 278 1137 sem
289 1089 582 1138 'Archiepiscopum
597 1118 608 1134 ,
634 1092 807 1129 deductum
822 1094 863 1128 ad
889 1092 1073 1137 pauperiem
1084 1113 1094 1130 ‚

208 1157 254 1180 ex
274 1145 346 1188 ipsis
365 1157 404 1188 ac
424 1144 639 1179 Ecclefiarurn
658 1142 920 1178 dedicationibus
941 1141 1094 1176 victitasse

208 1194 327 1238 scribat
348 1195 385 1233 in
409 1195 601 1237 Sclavorum
629 1191 800 1236 Chronico
827 1192 999 1237 ¹Aruoldns
1026 1190 1094 1224 Ab.-

211 1244 268 1280 bas
278 1243 471 1279 Lubecensis
481 1269 491 1286 ‚
516 1243 651 1288 laudans
661 1241 912 1280 Theodericum
927 1241 1096 1275 Lubecen·

210 1296 279 1329 sem
293 1295 494 1338 Episcopum
511 1318 521 1335 ,
548 1293 638 1339 quod
648 1291 765 1330 horum
778 1291 864 1327 nihil
877 1303 1022 1336 unquam
1043 1302 1094 1325 ac-

212 1345 354 1388 ceperit.
381 1343 525 1379 Laudari
535 1345 627 1388 supra
639 1343 823 1387 audivimus
843 1343 878 1381 &
890 1342 1093 1383 Alberonem

212 1395 398 1439 Metensem
423 1394 623 1437 Episcopum
634 1419 642 1426 .
668 1392 714 1432 Et
732 1391 951 1437 venerabilem
972 1393 1096 1435 Hugoe

211 1455 290 1477 nem
313 1443 493 1479 Primatem
515 1443 769 1487 Lugdunensem
790 1467 801 1483 ‚
839 1442 927 1486 quod
949 1441 1091 1484 ejusdem

214 1491 365 1527 Ecclefiae
373 1492 479 1529 adhuc
491 1493 680 1526 Canonicus
689 1492 734 1529 ob
743 1490 802 1525 has
824 1492 859 1525 in
880 1490 989 1525 Gallia
1010 1492 1093 1535 gras·

214 1544 321 1577 santes
330 1541 514 1576 exactiones
523 1541 626 1579 Sacris
646 1541 768 1583 initiari
789 1541 932 1575 noluerit
945 1565 956 1580 ,
982 1541 1092 1574 laudat

213 1590 320 1635 Hugo
331 1590 445 1626 Abbas
454 1593 480 1626 F
482 1590 702 1626 laviniacenfis
711 1616 719 1624 .
735 1592 787 1625 Ex
797 1590 916 1635 quibus
929 1590 1018 1626 vides
1030 1592 1092 1625 lau·

213 1641 326 1675 datum
337 1640 459 1684 Papam
470 1641 705 1683 innocentium
716 1642 735 1685 a
757 1640 921 1679 Matthaeo
939 1640 1093 1674 Parisien-

211 1691 234 1724 si
245 1690 441 1734 iniquissime
451 1690 574 1725 traduci
584 1689 623 1725 de
631 1702 822 1726 commento
833 1702 870 1725 ac
883 1691 1095 1726 introdustio—

212 1752 256 1775 ne
266 1751 429 1781 novorum
452 1741 629 1786 quaestuum
650 1754 687 1776 ac
708 1742 934 1776 exactionum.
962 1740 1095 1784 Nequa-

213 1802 312 1836 quam
338 1800 449 1824 tamen
475 1790 689 1834 improbanda
710 1792 756 1825 est
778 1790 983 1828 consuetudo
1006 1814 1016 1829 ‚
1053 1791 1093 1825 de

213 1852 279 1885 qua
299 1840 341 1875 ad
362 1841 620 1885 strigoniensem
650 1839 943 1885 Archiepiscopum
980 1840 1092 1881 scribit

213 1889 300 1934 apud
322 1891 520 1939 Gregorium
537 1902 664 1925 nonum
688 1891 876 1925 Alexander
897 1891 1008 1924 tertius
1027 1903 1034 1923 z
1063 1893 1094 1923 51·

214 1937 283 1982 ipsa
291 1946 383 1974 etiam
394 1940 494 1976 Ele&
499 1939 626 1984 perjbna
636 1940 740 1982 offerat
751 1943 927 1983 Ordinatori
948 1942 998 1973 vel
1018 1944 1093 1973 Con·

210 1989 349 2035 sect-mori
356 1988 409 2032 fiio
419 1989 622 2029 ElecJuarium
629 2015 640 2031 ,
665 1999 719 2024 aut
728 1992 765 2025 de
779 1996 862 2030 vino,
883 2000 938 2023 aut
948 1991 985 2022 de
995 1989 1094 2034 hujus-

211 2041 292 2073 modi
301 2050 368 2083 quae
379 2040 484 2073 modici
490 2046 584 2081 pretii
588 2040 710 2081 fuerint
720 2064 732 2080 ,
758 2044 894 2073 Romana
905 2039 1030 2080 Ecclesia
1050 2046 1093 2074 in-

210 2095 374 2132 terpretari
384 2100 441 2122 non
450 2087 599 2132 consuevit
609 2096 800 2132 accipientem
829 2096 861 2123 in
870 2088 918 2123 his
929 2090 1092 2133 delinquere

213 2141 266 2174 vel
273 2141 434 2185 donantem
442 2163 449 2171 .
476 2139 559 2173 Non
570 2139 699 2174 tant-um
708 2140 796 2182 quod
807 2141 845 2173 sit
857 2150 906 2174 res
927 2139 1058 2176 modica
1079 2163 1091 2181 ,

212 2190 267 2224 sed
278 2190 447 2232 praesertim
460 2189 549 2233 quod
559 2189 596 2223 sit
607 2189 693 2229 ultro
703 2189 814 2225 oblata
824 2215 839 2222 .,

263 2238 459 2274 Notandum
470 2241 516 2275 est
527 2240 617 2283 quod
628 2240 670 2275 de
682 2240 826 2275 Urbano
838 2239 980 2274 secundo
1005 2238 1091 2273 Pon-

215 2288 323 2327 tis-icc,
347 2300 403 2331 per
413 2289 643 2325 Schismaticos
654 2290 891 2335 vvigbertistas
911 2289 1032 2331 ejecto,
1055 2289 1090 2323 δε

216 2337 337 2373 latente
356 2339 391 2371 in
411 2338 514 2371 domo
537 2339 671 2382 Joannis
693 2338 912 2384 Frangi-Pani
932 2363 943 2379 ‚
981 2338 1097 2373 scribit

216 2387 257 2422 ad
266 2387 335 2430 ejus
347 2388 555 2422 successorem
568 2387 754 2423 paschalem
765 2388 943 2423 secundum
965 2389 1090 2423 Goffie-

206 2438 269 2479 glus
283 2436 394 2470 Abbas
405 2437 660 2472 Vindocinenfis
674 2449 681 2468 :
703 2436 799 2482 ,Quasi
806 2440 882 2479 alter
907 2440 1089 2472 Nicodemus

46 2494 75 2521 L
107 2502 130 2525 r·
145 2493 196 2530 Ep·
210 2489 254 2521 ad
275 2490 432 2519 Dominum
455 2490 573 2528 Papam
596 2488 677 2521 noble
700 2494 771 2525 veni
792 2513 803 2528 ,
842 2488 891 2521 ubi
916 2500 981 2523 eum
1002 2491 1090 2531 poene

211 2537 342 2575 omnibus
353 2536 560 2578 temporalibus
572 2539 720 2570 nudatum
731 2561 742 2578 ‚
768 2540 802 2572 (⁰5
812 2539 907 2572 alieno
918 2550 976 2572 aere
999 2544 1090 2571 nimis

213 2584 368 2629 oppreffum
378 2592 483 2626 inveni
497 2611 506 2619 .
530 2586 570 2621 In
581 2587 645 2621 alia
656 2586 695 2621 ad
707 2588 848 2623 eundem
868 2588 1015 2632 Epistola
1037 2588 1091 2622 ad-

215 2637 332 2676 firmat,
343 2636 431 2680 quod
445 2648 503 2681 pro
514 2636 648 2674 laudato
660 2637 803 2673 Urbano
813 2649 893 2673 tunc
903 2638 1092 2681 expenderit

37 1125 184 1159 L4.c.a,1

37 1617 75 1648 Δ.
110 1621 189 1655 maie

41 1664 125 1690 1240.

36 1845 69 1874 Ι..
90 1852 117 1879 5.
146 1843 193 1876 ait.

38 1891 66 1921 3.
85 1892 112 1914 c.
148 1887 193 1921 v18.

49 2540 131 2607 {put
151 2581 178 2610 ,92

220 2683 384 2726 piusquam
398 2686 573 2728 duodecim
585 2687 688 2722 millia
702 2688 881 2723 solidorum
892 2714 899 2722 .
928 2689 1038 2723 Etiam
1050 2688 1091 2723 de

220 2731 331 2785 fugato
342 2747 392 2775 per
402 2735 535 2771 Petrum
548 2738 672 2775 Leonis
685 2737 908 2782 Anti-Papam
929 2738 1091 2773 Innocen-

219 2791 269 2814 t10
290 2781 427 2819 secundo
452 2788 560 2821 scribit
586 2788 627 2822 ad
655 2788 846 2823 Gualterum
867 2787 1092 2832 Archiepisco-

219 2841 299 2873 Pum
312 2829 556 2877 Turonensem,·
580 2840 722 2872 Dominus
735 2842 822 2881 Papa
831 2840 876 2872 ad
896 2841 1091 2872 Beneventa-

219 2891 290 2912 nam
300 2879 399 2912 urbem
410 2893 550 2925 moratur,
556 2885 609 2928 sed
620 2892 744 2926 Romam
755 2890 925 2924 revertendi
935 2901 991 2922 non
1002 2888 1090 2922 babet

217 2928 393 2973 facultatem
408 2954 415 2960 -
439 2932 469 2963 51'
479 2935 677 2979 verbpersona
698 2940 839 2981 qualibet
856 2939 902 2979 ad
918 2950 983 2972 eum
1009 2949 1090 2972 tran-

215 2977 292 3020 fiens
301 2983 454 3012 invenitur
468 3005 478 3020 ,
504 2993 562 3014 non
573 2989 599 3016 ei
606 2995 699 3028 cappa
708 2988 843 3031 aufertur
853 3014 863 3031 ‚
885 2987 941 3031 sed
963 2987 1000 3022 de'
1021 2995 1091 3031 vita

214 3027 317 3068 statim
329 3030 362 3063 (w
373 3030 512 3067 membris
522 3037 639 3074 agitur?
663 3036 851 3078 Extremam
862 3039 931 3083 ejus
942 3039 976 3078 in
987 3038 1092 3073 Schis-

222 3087 308 3134 mate
320 3089 541 3122 paupertatem
551 3082 656 3116 videre
669 3087 768 3127 possis
783 3089 881 3122 latius
904 3087 988 3132 apud
1009 3089 1092 3123 alios

221 3136 320 3164 etiam
331 3130 491 3164 auctores.
517 3132 569 3164 De
586 3132 776 3169 Alexandro
793 3140 890 3172 tertio
918 3149 973 3182 per
994 3140 1089 3176 Osta-

221 3178 354 3214 yianum
370 3176 587 3229 Anti-Papam
605 3182 725 3224 ejecto,
752 3185 786 3218 &
799 3197 851 3227 per
861 3187 985 3227 Gallias
1004 3189 1090 3231 quasi

219 3226 430 3265 mendicante
441 3253 452 3269 ,
477 3230 517 3264 ad
529 3230 712 3275 Hugonem
724 3234 976 3272 Sueffionensem
999 3238 1086 3279 Epis·

219 3288 341 3322 copum
355 3276 461 3311 scribit
473 3280 537 3322 ipse
547 3280 632 3314 illius
642 3281 821 3318 duriffimus
831 3284 1011 3328 persecutor
1020 3287 1090 3326 Fre·

220 3326 346 3362 dericus
367 3325 555 3372 Augustus:
579 3334 702 3365 Terram
722 3337 977 3376 ‚Francigenatum
992 3341 1090 3371 intra·

220 3382 269 3409 vit
289 3401 300 3417 ,
323 3386 360 3414 >ut
385 3380 639 3422 quomodocumque
661 3384 797 3416 corradat
822 3390 931 3427 viginti
957 3386 1035 3419 mille
1058 3389 1089 3421 li-

218 3425 290 3461 bras
312 3450 324 3467 ‚
355 3428 394 3463 2&
413 3430 540 3471 amplius
561 3453 573 3470 ,
597 3433 675 3466 unde
696 3434 884 3467 creditoribus
900 3432 964 3478 fiiis
987 3435 1090 3474 debita

49 2912 81 2941 1.
108 2919 131 2946 5·
154 2911 203 2946 EP-

51 2960 80 2988 3-

1146 293 1180 327 di
1201 293 1362 327 Monachi
1381 293 1588 336 Coloniensis
1613 292 1655 325 ad
1674 293 1826 327 sanetum
1853 290 2023 331 Pantaleo-

1147 353 1239 376 nem.
1267 342 1481 377 Nectantum
1494 342 1577 377 dicta
1586 340 1786 385 Schisma-ta,
1812 342 1867 376 sed
1888 343 1926 377 ὃς
1942 343 2023 376 san-

1145 392 1186 426 sti
1197 391 1282 426 Petri
1295 403 1350 435 per
1366 392 1499 429 istorum
1520 402 1705 434 temporum
1725 391 1892 433 Principes
1915 392 2024 425 invasa

1145 443 1342 485 patrimonia
1354 441 1538 476 Romanam
1550 442 1727 475 Ecclesiam
1750 440 1930 485 miseranda
1950 453 2025 485 pau·

1147 501 1267 534 pertate
1277 491 1473 525 adflixerunt
1484 516 1494 532 ‚
1506 502 1748 535 coegeruntque
1759 490 1800 525 ad
1810 490 1944 534 aliquod
1953 493 2026 535 'gra-

1147 541 1279 575 vissimis
1291 543 1354 575 suis
1364 565 1374 580 ‚
1393 552 1461 584 quae
1471 540 1513 578 ab
1525 542 1675 575 omnium
1688 542 1904 576 Ecclesiarum
1920 540 2027 583 solici-

1147 591 1263 626 tudine
1273 591 1407 635 separari
1420 602 1485 624 non
1501 591 1652 633 possunt,
1678 590 1832 635 oneribus
1854 589 2027 635 subsidium

1148 642 1164 675 a
1179 641 1372 676 consecratis
1384 640 1553 683 Episcopis
1565 640 1597 672 &
1607 640 1772 682 opulentis
1783 639 1968 680 Abbatibus
1978 651 2030 675 ac·

1149 691 1336 734 cipiendum
1348 715 1356 731 ,
1371 690 1474 724 immo
1485 690 1520 723 ὅ(
1531 689 1730 733 exigendum
1741 715 1748 722 .
1776 691 1928 725 Romana
1939 691 2030 725 enim

1153 741 1290 774 Ecclesia
1302 765 1312 781 ,
1327 741 1402 784 quia
1415 740 1563 774 omnium
1577 739 1735 783 Magistra
1745 740 1779 778 δε
1789 751 1887 783 caput
1905 766 1915 782 ,
1940 752 2032 785 com·

1150 791 1302 824 munibus
1312 787 1373 824 hac
1387 790 1467 824 dere
1478 789 1597 834 regulis
1610 801 1677 822 non
1690 789 1736 822 est
1760 787 1921 824 subdenda
1933 815 1944 831 ‚
1969 802 2030 825 nec

1151 841 1199 875 sui
1209 839 1360 875 territorii
1373 850 1529 874 contenta
1541 840 1604 873 effe
1625 837 1723 873 debet
1744 839 1969 872 oblationibus
1991 852 2030 874 ac

1152 891 1320 931 Decimis‚
1347 889 1400 924 sed
1412 900 1609 934 peromnem
1623 888 1678 923 sub
1700 888 1785 923 coelo
1807 888 2031 934 Christianita-

1152 951 1219 975 tem
1241 939 1337 974 habet
1365 941 1413 982 ius
1433 941 1474 975 ad
1500 940 1656 974 Decimas
1677 940 1912 979 Decimarum,
1938 950 2034 981 expo·

1155 990 1299 1036 nendum
1310 990 1432 1036 largius
1454 991 1489 1024 in
1500 990 1632 1024 materia
1645 988 1684 1024 de
1697 990 1856 1023 Annatis.
1885 990 1960 1023 Hac
1983 990 2036 1022 in-

1153 1042 1247 1076 terim
1259 1041 1310 1075 via
1319 1041 1446 1086 purgari
1461 1040 1554 1085 poffit
1565 1040 1718 1075 Clemens
1730 1039 1889 1080 tertius‚&
1899 1039 1954 1072 alii
1966 1039 2036 1082 qui,

1158 1092 1234 1126 dam
1250 1091 1450 1138 Pontifices,
1475 1092 1494 1129 a
1507 1090 1666 1124 libertinis
1677 1089 1844 1125 hincinde
1864 1089 2036 1133 Scriptori-

1159 1140 1218 1186 bus
1227 1140 1268 1177 de
1277 1141 1424 1186 ‚Simonia
1437 1151 1494 1176 aut
1510 1141 1596 1184 turpi
1606 1140 1726 1184 quaestu
1739 1140 1897 1175 accusati.

1209 1192 1341 1234 Sanctus
1356 1192 1422 1235 lvo
1437 1191 1472 1237 ὅ(
1492 1190 1683 1233 Innocentii
1705 1191 1792 1225 tertii
1814 1189 2040 1224 Lateranensis

1158 1241 1310 1284 Synodus
1322 1242 1557 1286 Episcoporum
1571 1240 1872 1287 consecrationibus
1884 1239 1966 1275 recte
1986 1239 2040 1274 ad-

1159 1292 1303 1336 jungunt
1329 1291 1569 1336 benediciiones
1591 1291 1764 1326 Abbatum
1785 1317 1793 1324 .
1832 1291 1922 1324 Nam
1948 1291 1983 1324 &
2003 1290 2040 1323 in

1161 1340 1247 1385 hisce
1257 1342 1382 1385 aliquid
1393 1342 1483 1386 exigi
1495 1351 1583 1377 vetat
1594 1343 1727 1385 antiqua
1740 1340 1890 1381 Ecclesiae
1898 1339 2043 1383 discipli·

1160 1404 1217 1426 na.
1246 1391 1339 1435 Hinc
1350 1390 1515 1437 VVidouis
1537 1392 1791 1436 Mediolanenfis
1814 1389 2043 1433 Archiepisco-

1159 1443 1190 1485 pi
1202 1442 1385 1485 juramento
1396 1443 1495 1478 etiam
1509 1441 1594 1476 istud
1613 1442 1746 1478 inseruit
1769 1441 1904 1482 Sanctus
1928 1441 2044 1474 Petrus

1158 1491 1313 1526 Damiani
1326 1516 1334 1523 .
1361 1489 1405 1532 Et
1417 1501 1484 1523 non
1497 1490 1599 1523 solum
1612 1490 1653 1524 de
1666 1490 1836 1533 Episcopis
1848 1514 1858 1529 ,
1880 1490 1932 1523 sed
1943 1490 2045 1522 etiam

1157 1541 1199 1575 de
1211 1538 1396 1574 Abbatibus
1412 1540 1591 1574 statuerunt
1613 1539 1807 1581 Placentina
1829 1539 1984 1582 Synodus
2007 1550 2044 1572 ac

1157 1590 1369 1634 Pistavienfis
1382 1615 1390 1624 .
1420 1589 1522 1636 Qod
1537 1590 1642 1633 ipsum
1654 1591 1671 1623 a
1684 1590 1819 1624 Calixto
1843 1589 1985 1624 secundo
2007 1590 2045 1623 in

1159 1640 1311 1683 Remenfi
1323 1639 1460 1683 Synodo
1469 1638 1631 1674 sancitum
1642 1639 1814 1674 adfirmant
1828 1640 1962 1674 Simeon
1976 1641 2046 1673 Du·

1158 1689 1330 1725 nelmenfis
1353 1715 1363 1730 ,
1401 1689 1586 1734 Richardus
1610 1690 1703 1724 Prior
1725 1691 1758 1724 in
1778 1689 1864 1724 libro
1890 1691 1931 1724 de
1954 1690 2044 1724 bello
2065 1696 2100 1724 Α.
2135 1699 2217 1723 1¹26.

1159 1740 1394 1780 standardico,
1421 1741 1456 1775 ἀ
1478 1741 1650 1774 Gervafius
1677 1740 1866 1774 Monachus
1895 1741 2044 1774 Cantua-
2066 1738 2099 1764 A.
2137 1740 2219 1771 1133-

1159 1790 1267 1824 riensis
1277 1814 1284 1822 .
1313 1790 1357 1823 Et
1366 1789 1401 1823 in
1413 1790 1612 1829 Londinensi
1624 1791 1762 1833 Synodo
1775 1790 1885 1824 statuit
1898 1792 2042 1835 joannes

1159 1840 1345 1883 Cardinalis
1360 1840 1401 1874 de
1411 1840 1530 1879 Crema
1544 1853 1556 1883 ς
1582 1845 1620 1874 In
1631 1839 1893 1886 conficrationibus
1919 1841 2043 1884 Episco-

1153 1899 1260 1934 porum
1271 1915 1281 1932 ,
1307 1892 1359 1924 vel
1368 1890 1516 1925 Abbatum
1527 1891 1774 1925 benedic‘lionibus
1786 1902 1845 1924 non
1857 1899 1954 1934 cappa
1964 1917 1974 1932 ‚
1989 1903 2047 1924 non

1158 1949 1274 1983 tapetes
1294 1965 1306 1980 ,
1330 1952 1387 1974 non
1411 1941 1518 1975 bacilia
1542 1964 1553 1980 ,
1575 1954 1633 1975 non
1656 1948 1844 1985 manutergia
1865 1966 1876 1982 ,
1903 1944 1937 1976 o·
1970 1942 2050 1975 nihii

1158 1997 1274 2024 omnino
1280 1999 1337 2034 per
1357 1992 1551 2032 violentiam,
1578 1992 1633 2035 nist
1646 1990 1750 2037 sponte
1774 1993 1904 2026 oblatum
1923 1992 2045 2034 fuerit,

1155 2043 1278 2083 penitus
1300 2046 1439 2084 exigatur
1459 2067 1467 2074 .
1497 2042 1647 2085 Exponit
1667 2042 1863 2077 Placentinae
1885 2043 1920 2077 ἀ
1942 2042 2045 2077 Picta-

1159 2090 1275 2125 vienfis
1285 2091 1413 2134 Synodi
1427 2091 1583 2127 Canones
1595 2118 1605 2133 ‚
1631 2093 1687 2136 qui
1700 2095 1800 2127 etiam
1814 2095 1930 2136 sponte
1954 2092 2046 2126 obla-

1160 2150 1230 2175 tum
1241 2139 1616 2176 videbantur-damnare.
1645 2144 1696 2176 Ex
1721 2144 1840 2176 eisdem
1865 2142 1906 2175 ad
1930 2141 2045 2176 Audo-

1160 2191 1438 2233 maropolitanum
1448 2192 1555 2226 Sancti
1567 2193 1694 2227 Bertini
1709 2192 1948 2237 Monasterium
1972 2193 2044 2226 scri-

1160 2241 1218 2284 psit
1228 2240 1310 2274 olim
1320 2240 1469 2275 adversus
1483 2241 1708 2276 Morinensem
1723 2243 1921 2287 Episcopum
1943 2242 2044 2277 inno-

1159 2290 1285 2325 centius
1297 2290 1429 2325 tertius:
1457 2295 1508 2324 Ne
1519 2293 1570 2325 vel
1577 2290 1745 2334 Episcopo,
1767 2292 2044 2327 velArcbmiaco-
2061 2314 2091 2341 L
2114 2322 2135 2340 ,ι
2158 2316 2198 2343 fv>

1158 2352 1194 2374 no
1206 2365 1217 2381 ,
1238 2339 1292 2383 seu
1301 2342 1442 2382 Capitulo
1453 2341 1671 2383 Morinenfipro
1698 2341 1901 2385 consequenda
1923 2342 2043 2377 benedi·
2061 2345 2128 2387 m.
2171 2334 2206 2350 ’Ἡ

1159 2391 1251 2424 e‘li'one
1262 2390 1386 2423 Abbatis
1398 2399 1525 2433 cappam
1530 2390 1557 2433 s
1549 2398 1654 2425 ericam
1666 2418 1678 2434 ,
1692 2393 1880 2434 Palfflidum
1891 2418 1901 2433 ‚
1908 2391 1993 2434 pastu
1998 2406 2042 2434 m,

1159 2440 1246 2474 &his
1250 2439 1359 2481 similia
1369 2466 1380 2482 ‚
1403 2440 1457 2484 seu
1472 2443 1568 2480 aliam
1575 2440 1815 2485 consuetudinem
1832 2441 2016 2486 persolvatis
2028 2468 2035 2474 .

1159 2490 1327 2531 Distrifflus
1338 2489 1523 2530 inhibentes,
1554 2504 1591 2526 ne
1601 2490 1694 2534 ipfiea
1705 2493 1725 2523 ἃ
1749 2492 1832 2525 vobis
1851 2497 1967 2536 exigere
1989 2494 2044 2527 vel

1157 2550 1327 2583 extorquere
1335 2539 1522 2583 ptlaesumant
1535 2566 1546 2581 ,
1561 2540 1833 2584 sedbenedic‘lionis
1856 2554 1964 2576 munus
1982 2544 2041 2575 Ab·

1158 2591 1222 2624 bati
1233 2590 1272 2623 ab
1283 2591 1381 2624 eodem
1394 2586 1536 2634 Episcopo
1541 2597 1642 2634 gratis
1654 2594 1687 2626 Θ
1696 2592 1759 2634 fine
1767 2599 1927 2634 pravitate
1944 2595 2040 2635 quali-

1156 2640 1206 2674 bet
1215 2641 1406 2683 impendatur
1418 2667 1425 2675 .
1453 2643 1590 2685 Alioquin
1610 2644 1698 2686 liceat
1722 2643 1809 2680 vobis
1829 2655 2038 2686 quemcumque

1156 2691 1319 2723 malueritis
1331 2690 1515 2725 Catholicum
1533 2694 1620 2735 adire
1643 2693 1830 2734 Antistium,
1850 2699 1984 2738 gratiam
2004 2694 2038 2725 (9¹

1135 2745 1138 2748 ⁴
1156 2747 1383 2778 communionem
1394 2741 1556 2784 Apostolicae
1567 2744 1652 2777 Sedis
1663 2743 1840 2783 habentem,
1868 2749 1919 2785 qui
1940 2742 2037 2783 nostra

1149 2789 1255 2831 fretus
1265 2790 1438 2831 audin-itate
1448 2790 1503 2835 ipfi
1509 2793 1612 2827 Eleae
1622 2804 1731 2832 ,munus
1748 2793 1960 2836 *benediHionis
1984 2798 2038 2827 im.-

1152 2841 1270 2882 pendat
1290 2864 1297 2872 .
1324 2841 1428 2888 Quod
1452 2842 1557 2886 ipsum
1580 2843 1615 2877 in
1638 2842 1882 2878 Abbatiffarum
1907 2842 2040 2877 benedi·
2053 2851 2085 2887 L.
2106 2861 2133 2888 2--
2155 2853 2206 2891 EP-

1156 2891 1317 2928 &ionibus
1329 2892 1430 2927 valere
1441 2892 1550 2935 scribit
1561 2893 1595 2926 in
1607 2893 1723 2928 litteris
1741 2894 1781 2929 ad
1798 2891 2039 2936 Monasterium
2053 2893 2100 2923 46-

1157 2941 1420 2988 Auregniacense
1436 2967 1443 2975 .
1469 2942 1560 2980 Idem
1593 2943 1633 2978 de
1651 2934 1830 2982 Sacrarurnv
1856 2942 2036 2986 Virginum
2055 2931 2082 2958 ¹·
2103 2938 2131 2966 3·
2153 2933 2210 2970 ΕΡ·

1157 2992 1317 3025 velamine
1327 2993 1379 3027 seu
1390 2993 1636 3032 consecratione
1658 2994 1776 3029 definit
1799 2994 1832 3026 in
1846 2991 1970 3026 litteris
1992 2992 2034 3026 ad
2054 2980 2096 3005 -4-

1156 3042 1344 3083 Ianuarium
1354 3043 1579 3086 Calaritanum
1590 3042 1882 3086 Archiepiscopum
1907 3041 2034 3086 Grego-

1132 3102 1134 3104 ·
1154 3091 1220 3131 rius
1231 3092 1377 3137 Magnus
1388 3118 1396 3125 .
1421 3093 1504 3134 Haec
1512 3094 1604 3131 enim
1614 3092 1749 3133 omnia,
1761 3090 1836 3125 licet
1845 3092 2033 3126 Sacramen-

1152 3151 1186 3181 ta
1197 3152 1267 3175 non
1278 3142 1358 3181 fint,
1383 3143 1457 3183 sunt
1478 3152 1588 3175 tamen
1611 3140 1882 3181 Sacramentalia,
1908 3141 1942 3175 δε
1962 3142 2032 3185 qui-

1152 3191 1227 3233 dem
1240 3201 1293 3234 per
1302 3190 1388 3224 solos
1401 3192 1578 3234 Episcopos
1587 3189 1768 3234 exhibenda
1778 3215 1787 3223 .

1204 3241 1298 3282 Hinc
1310 3239 1474 3282 eademest
1484 3240 1567 3275 ratio
1577 3241 1863 3285 consecrandarum
1874 3241 2031 3286 Ecclesia·

1151 3301 1225 3333 rum
1236 3315 1248 3331 ,
1273 3289 1436 3333 dequibus
1445 3288 1582 3330 secunda
1592 3314 1602 3331 ‚
1621 3291 1727 3325 statim
1738 3292 1809 3339 post
1821 3292 1957 3335 Joannis
1967 3304 2029 3329 ter-

1153 3340 1191 3375 tii
1201 3341 1295 3382 Papae
1317 3349 1454 3374 mortem
1472 3340 1632 3376 ‚celebrata
1645 3366 1656 3381 ,
1681 3339 1835 3385 Synodus
1858 3342 2029 3379 Bracaren-

1153 3391 1192 3423 sis
1215 3402 1222 3421 ε
1260 3391 1382 3432 ,Quoties
1408 3388 1448 3423 ab
1471 3391 1568 3432 aliquo
1589 3390 1722 3433 fidelium
1746 3393 1791 3425 ad
1812 3390 2026 3435 consecrandas
2041 3394 2111 3433 Cap.
2136 3403 2164 3431 5.

1152 3437 1290 3479 Ecclefias
1316 3438 1453 3483 Epiftopi
1477 3445 1669 3483 invitantur,
1695 3453 1752 3476 non
1779 3440 1862 3485 quast
1880 3453 1919 3475 ex
1943 3442 2027 3474 debi-

1946 3499 1977 3524 to
