2352 3736
99 539 175 578 Cap.
194 549 227 575 14

93 2532 154 2560 i'ol.
167 2542 190 2561 1.

94 2572 154 2601 Lib.
165 2581 190 2600 2.

342 119 449 166 412.
874 104 1514 153 DlssERT'ATlo

273 191 317 228 ab
336 195 430 231 omni
451 192 591 229 Ecclesia
609 189 784 223 damnatos
807 186 1035 227 anathemate,
1063 189 1159 224 &dj-

1225 195 1287 226 ΒΜ
1295 191 1490 235 unusquisque
1511 195 1621 236 plenu!
1645 195 1685 237 fit
1697 208 1707 236 ›'
1733 199 1770 231 de
1779 210 1834 241 quo
1847 203 1905 242 fur
1915 205 2043 239 diabolus
2053 207 2123 248 alt-*¹

275 245 320 278 ris
330 242 493 282 devotos,
517 240 657 283 ideoque
676 238 903 272 remotissimos
923 235 964 270 ab
985 240 1080 273 omni
1105 252 1160 284 po·
1220 244 1298 284 qiud
1320 245 1456 277 tnvolare
1478 247 1630 278 contendit
1652 270 1663 287 ,
1690 258 1744 279 vos
1765 249 1983 290 rebaptizando
2000 258 2124 289 exorc1.'

275 295 389 330 testate
407 289 613 334 baptizandi:
639 289 684 323 Et
706 288 787 322 infra
813 286 928 321 addit:
955 291 1067 323 Nonne
1089 301 1160 333 quos
1221 297 1300 324 zatis
1324 292 1469 326 hominem
1489 293 1610 336 fidelem
1638 320 1648 335 ‚
1675 298 1709 330 (a
1732 299 1836 331 dicitis
1858 301 1920 332 Deo
1938 300 2106 339 balmam:

275 342 542 385 tpfibapttzartnt,
557 338 677 383 prorsus
692 337 818 371 Ethntct
834 336 925 380 sunt,
954 349 1003 371 nec
1022 339 1162 382 baptiza.

1222 342 1381 376 Maledic‘le
1408 350 1459 377 ext
1471 343 1581 386 foras.
1611 347 1702 379 Audit
1726 350 1792 390 ergo
1813 350 1891 382 Deus
1913 352 2042 391 injurias
2052 366 2108 388 non
2163 378 2166 381 ψ

276 399 302 427 tt
314 392 331 424 ἒ
355 391 487 426 Clamat
514 402 574 425 nec
586 388 848 424 benedictionem
866 387 908 422 ab
918 386 1140 425 Anathemate
1152 414 1163 431 ‚
1215 391 1271 433 fibi
1294 392 1412 426 debitas
1428 420 1438 435 ‚
1465 394 1675 439 &hujusmodi
1696 396 1896 432 babitaculum
1908 399 2037 443 deserit.
2063 406 2109 436 Ee

276 453 338 477 nec
359 443 581 485 precationem
611 439 629 474 a
655 436 882 472 maledictione
905 463 917 480 ‚
952 451 1014 474 nec
1037 438 1160 475 Christi

274 492 467 535 mysterium
481 491 567 536 posse
582 490 739 533 procreari
750 490 768 523 ὲ
781 488 930 522 Diabolo
941 514 953 530 ‚
980 490 1014 524 ἀ
1025 492 1163 525 conclu-

273 541 343 576 dit:
372 544 464 586 ‚Quod
483 550 617 575 errantes
645 541 679 573 Θ
701 545 787 582 impii
810 537 974 582 Baptisma
985 539 1162 583 conficiunt,

274 603 334 626 non
346 593 385 634 est
396 591 593 634 acceptabile.
625 589 793 624 Asseverat
816 590 878 623 esse
897 589 1047 633 perspicue
1066 600 1163 634 repro-

274 642 345 676 bum
374 654 408 676 ac
420 648 561 682 irritum,
587 639 634 675 uti
661 639 695 673 &
720 638 951 683 Sacraipfitrum
972 647 1090 674 omnia.
1119 643 1163 677 Et

274 694 414 727 iterum:
442 695 507 737 ,Qui
534 702 632 725 eorum
655 688 818 733 Baptisma
844 699 943 722 ratum
978 689 1127 725 habeatur·
1146 692 1164 723 ἓ

273 742 459 777 obturentur
475 741 631 784 stultorum
652 741 809 773 immunda
831 752 902 780 ora,
926 752 995 782 quae
1016 753 1064 775 eos
1090 744 1162 776 vere

275 791 458 834 christianos
472 792 591 835 frustra
614 797 793 831 nominant,
820 801 972 833 eorumque
994 792 1096 826 dicunt
1115 805 1161 825 ra-

274 846 340 878 tam
361 842 540 887 Baptisma.
570 842 613 875 Et
641 840 723 874 infra
738 852 749 873 .·
778 840 873 883 ,Qubd
891 851 988 883 eorum
1003 841 1161 884 Baptisma

273 893 468 936 alienumfit,
495 903 547 926 nec
557 894 688 934 spiritus
699 889 801 923 Sanc‘lt'
817 895 930 934 gratiae
953 897 1105 934 particeps
1127 893 1160 926 ob

272 955 371 978 eorum
384 942 514 986 baerefim
528 968 539 983 ‚
565 953 617 975 nec
628 940 781 974 sathanas
804 948 861 982 per
874 951 972 973 eorum
995 941 1161 985 Baptisma

273 1006 313 1028 ex
325 1000 367 1028 eis
377 994 549 1028 exturbetur
576 1003 612 1025 ac
628 991 784 1034 pellatur,
810 1001 862 1024 nec
879 993 1010 1032 spiritus
1033 993 1160 1026 sanBus

272 1046 415 1079 domicilio
427 1045 584 1078 inducatur
604 1065 614 1082 ‚
638 1052 676 1074 ex
696 1052 727 1074 eo
745 1041 838 1083 liquet
850 1065 860 1080 ,
885 1043 967 1083 quod
990 1043 1099 1076 nedum
1119 1054 1162 1076 eo·

271 1107 340 1128 rum
366 1098 453 1129 Latet·
479 1095 514 1128 Θ
538 1094 646 1126 Idiotae
661 1117 671 1133 ‚
699 1092 804 1126 versam
828 1096 919 1124 etiam
939 1102 1036 1126 eorum
1057 1098 1160 1127 eximit

271 1144 417 1189 Episcopi
443 1146 479 1179 ό·
492 1143 661 1182 sacerdqtes
675 1165 687 1183 ‚
708 1141 762 1185 seu
771 1142 871 1184 potius
881 1142 1009 1175 tenebris
1031 1141 1158 1185 obscura·

269 1202 296 1229 tt
320 1207 356 1229 ac
373 1195 502 1239 prosunt
525 1192 677 1232 hommes,
702 1201 737 1226 ut
748 1204 818 1225 mox
831 1191 994 1225 Manichaet
1005 1193 1157 1233 adierint,

268 1256 321 1279 aut
332 1258 377 1279 eos
388 1245 584 1286 lustraverlnt
597 1264 618 1284 ,-
628 1242 736 1283 statim
745 1242 845 1276 rellt‘lo
869 1253 904 1275 ac
922 1244 1047 1284 prorsus
1071 1243 1159 1278 abne·

262 1306 337 1341 gato
351 1295 438 1339 falso
462 1292 690 1337 christianismo
710 1317 721 1333 ,
747 1294 793 1326 ad
816 1292 1051 1326 Manichaeorum
1069 1294 1158 1336 perfi-

267 1348 352 1379 diam
364 1372 374 1387 ,
403 1356 438 1379 ac
447 1345 647 1379 execrandam
655 1342 788 1386 pristinae
802 1348 878 1377 vitae
888 1350 1032 1377 rationem
1056 1350 1158 1378 rever-

267 1407 372 1430 tuntur
401 1422 408 1429 .
435 1399 467 1430 5}
491 1401 571 1429 enim
593 1396 725 1436 spiritus
750 1393 856 1428 sanat
872 1398 978 1438 gratia
996 1399 1158 1436 pet-'eorum

266 1446 431 1492 Baptisma
444 1447 655 1485 induceretur,
681 1455 717 1478 ac
740 1443 929 1478 inhabitaret
942 1468 953 1485 ,
978 1455 1038 1477 non
1054 1442 1091 1485 fic
1106 1444 1157 1487 fa·

265 1499 318 1530 elle*
343 1500 387 1532 ad
410 1496 575 1542 absolutam
597 1494 710 1535 Christi
732 1500 917 1539 negationem
944 1503 1132 1528 verterentur
1145 1518 1156 1535 ,

265 1554 415 1581 muniente
441 1549 476 1582 (τ
497 1555 616 1580 tutante
643 1554 710 1587 quae
732 1550 766 1577 in‘
789 1550 831 1577 eis
847 1549 953 1586 gratia
977 1544 1128 1577 babitaret
1149 1568 1155 1575 .

264 1597 327 1631 Per
349 1594 555 1635 Manichaeos
580 1594 738 1639 intelligit
759 1588 952 1634 Saracenos,
981 1602 1038 1627 aut
1072 1592 1157 1627 certe

263 1648 487 1682 Paulicianos.
515 1645 559 1679 Et
570 1643 689 1679 fiiool'a·
697 1645 772 1677 sunt·
784 1641 850 1675 haec
860 1642 974 1675 omnia
985 1652 1156 1684 argumen-

261 1709 313 1731 ta.
343 1697 475 1741 Nempe
495 1694 583 1728 Isaac
593 1692 684 1727 vixit
706 1690 777 1735 post
805 1688 981 1723 Michaelis
995 1688 1155 1723 Cerularii

262 1758 411 1792 tempora
428 1771 440 1788 ,
465 1743 579 1781 vixisse
604 1741 735 1776 videtur
755 1739 815 1775 sub
830 1739 997 1773 Manuelis
1012 1739 1157 1774 Gomne-

264 1800 297 1832 ni
313 1798 454 1843 imperio
466 1821 477 1837 ‚
502 1806 539 1829 ac
551 1791 686 1828 esseiste
699 1790 757 1835 qui
771 1790 965 1824 nominatur
988 1790 1023 1823 in
1048 1788 1156 1834 dispu-

265 1850 394 1884 tatione
404 1843 597 1880 Theoriani
622 1848 699 1876 cum
722 1839 871 1875 Niersese
893 1839 1081 1874 Patriarcha
1095 1840 1157 1874 Ar-

262 1899 475 1934 meniotum.
499 1894 581 1930 Non
605 1892 646 1927 ab
661 1890 829 1926 Armeniis
851 1889 892 1924 ad
914 1889 1075 1930 Latinos,
1101 1890 1154 1924 sed

263 1949 303 1985 ad
317 1948 449 1982 Graecos
461 1943 586 1979 transiit
598 1966 608 1983 ,
635 1948 735 1986 atque
747 1941 790 1974 ita
802 1939 843 1974 de
856 1939 1006 1974 Calcaria
1026 1941 1059 1974 in
1077 1939 1156 1974 Car-

264 1998 435 2035 bonariam
463 2021 471 2029 .
497 1993 642 2030 Videtur
664 2000 805 2033 utroque
831 1989 912 2034 pede
938 1988 1154 2025 claudicasse.-

264 2050 383 2095 partim
409 2045 566 2082 adhaesisi'e
589 2041 717 2080 Latinis
739 2065 751 2083 ‚
777 2041 894 2085 partim
917 2040 1039 2075 Graecis
1058 2065 1064 2072 .
1111 2042 1154 2076 Et

263 2101 339 2145 quia
362 2100 435 2135 suos
457 2095 638 2134 Armenios
659 2092 756 2128 nobis
768 2091 894 2126 Latinis
909 2115 920 2131 ‚
947 2100 1088 2136 quorum
1108 2101 1155 2125 ta-

266 2160 344 2186 men
369 2148 537 2193 Baptisma
563 2146 597 2181 &
616 2145 822 2181 Sacramenta
833 2141 946 2176 omnia
958 2140 1153 2177 exsufflabat

264 2197 639 2236 distiMichaelisfaffio
667 2219 679 2237 ,
701 2193 831 2229 videbat
844 2191 1025 2234 adhaerere,
1054 2192 1153 2227 blate-

264 2254 347 2287 ravit
357 2252 445 2296 ipsos
460 2247 559 2295 longe
569 2246 688 2292 potiori
698 2245 770 2290 jure
783 2242 1048 2288 rebaptizandos.

314 2302 396 2347 Ejus
419 2300 518 2346 porro
539 2297 691 2332 adversus
703 2296 890 2330 Graecorum
904 2293 1153 2337 rebaptizatores

266 2353 445 2387 Armenios
469 2347 670 2386 exclamatio
705 2357 774 2382 non
796 2354 882 2379 caret
908 2344 1152 2380 fundamentis.

266 2405 399 2438 Etenim
420 2400 512 2448 quod
535 2398 733 2443 rebaptizare
754 2396 794 2430 sit
809 2396 864 2439 ipsi
879 2399 941 2429 Deo
959 2397 1153 2436 maledicere,

265 2453 346 2489 reste
355 2450 505 2488 adfirmat
517 2451 651 2485 sanctus
665 2449 793 2492 opatus
805 2447 983 2490 Episcopus
991 2445 1155 2480 Milevita-

265 2514 345 2538 nus:
374 2503 418 2536 Et
428 2503 589 2537 declamat
614 2500 649 2534 in
663 2495 855 2534 Donatistas
867 2522 874 2529 .
901 2495 1131 2540 ,Quidtniqusus
1144 2520 1155 2536 ‚

264 2565 359 2596 quam
381 2558 550 2586 exorctaaere
560 2554 702 2591 spiritum
721 2548 861 2583 sanaeum
876 2548 892 2579 ,ἶ
920 2548 963 2580 Et
977 2546 1012 2580 in
1025 2547 1156 2590 sequen-

266 2605 293 2638 ti
305 2602 389 2638 libro
398 2602 535 2636 affirmat
548 2601 581 2634 in
598 2595 662 2632 illis
673 2598 827 2640 compleri
841 2597 943 2639 Regis
954 2595 1067 2629 David
1078 2595 1155 2628 Pro-

267 2652 435 2699 phetiam:
463 2652 494 2685 Si
504 2649 633 2685 videbas
642 2647 768 2690 furem,
782 2645 921 2679 currebas
942 2654 1007 2679 cum
1015 2656 1048 2679 eo
1060 2670 1068 2678 .
1098 2645 1156 2678 Af-

268 2705 376 2738 firmat
397 2700 484 2747 iplbs
502 2706 631 2735 currere<
644 2697 815 2740 &operari
827 2720 839 2736 ‚
866 2706 935 2729 non
946 2705 1022 2729 cum
1038 2694 1154 2729 visibili

269 2756 381 2799 aliquo
405 2760 537 2787 terrenae
558 2747 740 2784 substantia
756 2766 767 2788 ,·
797 2744 851 2780 sed
871 2756 948 2780 cum
972 2745 1153 2780 nostrarum

269 2806 449 2839 animarum
481 2803 551 2837 fure
581 2798 718 2834 diabolo
744 2821 755 2838 ,
780 2797 815 2831 &
837 2796 976 2840 exponit
998 2809 1006 2828 :
1034 2796 1155 2839 Poffiffio

273 2859 329 2889 Dei
340 2855 377 2895 est
390 2853 477 2889 turba
482 2851 614 2895 fidelium
623 2874 633 2889 ‚
660 2861 697 2882 ex
711 2859 770 2892 qua
780 2848 910 2889 quotidie?
921 2845 1059 2879 diabolus
1071 2852 1154 2887 cupit

273 2906 388 2948 aliquid
406 2904 543 2937 involare
560 2925 568 2933 .
597 2901 698 2933 Talem
709 2898 814 2940 furem
831 2907 896 2929 cum
918 2897 1030 2929 videtis
1051 2897 1154 2929 contra

274 2967 325 2989 nos
347 2963 411 2990 vim
425 2953 529 2997 facere
547 2975 558 2993 ,
585 2949 688 2991 vestris
711 2947 846 2990 operibus
859 2948 1039 2987 atijuvam.
1069 2949 1154 2978 Nam

277 3012 417 3039 neminem
434 3003 519 3048 fugit
538 3027 547 3043 ‚
572 3001 653 3044 quod
672 3005 766 3033 omnis
788 2997 871 3030 bomo
890 3021 901 3037 ,
926 3002 978 3038 qui
1002 2994 1152 3039 nascitur,

275 3062 414 3094 quamvis
437 3057 475 3087 de
490 3050 668 3096 parentibus
689 3048 869 3089 Christianis
898 3045 1038 3090 nascatur
1063 3070 1072 3086 ,
1092 3044 1155 3088 fine

272 3106 382 3147 spiritu
393 3105 542 3137 immundo
555 3102 605 3146 effe
616 3100 763 3142 nonpqffit
777 3123 787 3139 ‚
812 3105 897 3141 quem
908 3096 1009 3140 necesse
1023 3095 1063 3137 Jt't
1083 3096 1155 3128 ante

272 3149 405 3196 salutare
418 3156 570 3187 lavacrum
579 3151 617 3184 ab
627 3151 743 3184 bomine
755 3149 873 3182 excludi
885 3145 1067 3191 &separars
1097 3150 1155 3178 Hoc

278 3199 448 3244 exorcismus
470 3211 627 3243 operatur,
649 3210 704 3244 per
725 3211 811 3243 quem
831 3197 960 3241 spiritus
981 3197 1152 3229 immundus

279 3247 435 3293 depellitur
459 3272 469 3287 ,
492 3254 524 3283 (a
538 3264 570 3284 m
590 3254 653 3285 loca
672 3250 791 3295 deserta
805 3248 936 3292 fugatur
957 3272 969 3288 ‚
989 3247 1026 3289 fit
1049 3248 1152 3278 domus

281 3311 379 3335 vacua
400 3306 430 3332 tn
441 3301 525 3332 corde
544 3303 687 3334 credentis
700 3326 709 3341 ,
731 3300 770 3343 fit
781 3301 883 3332 domus
896 3300 1025 3330 munda.
1052 3301 1153 3328 Intrat

280 3355 361 3385 Deus
375 3375 384 3390 ‚
405 3350 438 3383 Θ
447 3348 581 3387 habitat,
594 3350 702 3382 dicente
715 3349 861 3391 apostolo:
886 3348 957 3382 Vos
968 3347 1042 3381 estis
1052 3347 1153 3380 Tem·

277 3402 371 3445 plum
393 3399 478 3441 Dei,
504 3399 538 3433 &
559 3396 592 3431 in
614 3396 708 3431 vobis
729 3398 822 3431 Deus
849 3398 994 3433 habitat.
1023 3400 1069 3430 Et
1091 3406 1154 3430 cum

1221 441 1304 475 bomo
1316 467 1327 484 ‚
1352 449 1403 486 qut
1416 447 1478 478 Deo
1484 447 1592 487 plenus
1606 453 1639 479 in
1653 447 1811 490 Ecclqfiam
1821 455 1994 484 intraverat
2003 477 2014 493 ‚
2031 463 2109 496 egre·

1221 493 1304 526 ditur
1317 505 1377 527 vas
1402 500 1492 528 inane
1504 520 1512 528 .
1541 497 1653 530 Aliam
1665 495 1791 537 adhuc,
1818 511 1887 544 quae
1898 500 1953 544 ipsi
1968 502 2043 536 Deo
2054 514 2109 546 per

1222 542 1452 587 rebaptismum
1477 546 1535 586 fit,
1563 547 1718 589 injuriam
1737 550 1875 592 exponit
1898 550 1933 584 in
1952 551 2050 586 tertio
2072 552 2109 586 li·

1223 592 1302 627 bro:
1322 598 1409 640 Jam
1429 595 1506 628 illud
1521 598 1607 638 quale
1617 597 1655 637 est
1668 622 1679 638 ,
1706 600 1786 641 quod
1795 599 2108 642 bominibuschrtstiu.

1223 649 1271 676 ms
1285 668 1296 684 ,
1321 650 1412 678 etiam
1424 647 1546 679 Clerlcls
1559 671 1569 687 ,
1594 647 1694 680 dicitis
1708 673 1718 690 ,
1739 649 1838 690 Estote
1849 650 2011 691 christiam·
2023 653 2036 686 ?
2061 656 2108 685 Et

1223 704 1286 727 cum
1297 696 1478 728 admiraculo
1489 698 1617 738 quodam
1627 703 1780 741 unicuique
1791 701 1884 734 dicere
1898 726 1909 742 ‚
1934 705 1993 734 Cat
2005 726 2016 742 ‚
2037 705 2087 737 sei
2095 728 2107 744 ,

1224 744 1305 784 ana
1317 769 1328 786 ‚
1340 747 1360 778 5
1361 748 1410 787 eja
1420 769 1430 784 ,
1445 746 1544 779 adhuc
1558 750 1702 791 Paganus
1713 761 1759 788 es,
1772 757 1823 782 aut
1838 753 1981 794 Pagana.
2011 755 2106 793 Eum,

1223 796 1274 836 qut
1294 796 1338 828 ad
1348 799 1441 829 Deum
1457 795 1491 840 se
1507 796 1680 842 conversum
1702 799 1755 842 effic
1763 800 1904 843 profeffus
1920 800 1979 844 eft,
2007 805 2107 847 Paga-

1222 852 1293 877 mem
1316 847 1431 879 vocas?
1457 847 1556 881 Hanc
1581 849 1732 891 injuriam
1756 852 1893 893 exponit
1913 852 1948 885 δε
1966 863 2107 897 exagge-

1222 904 1270 927 rat
1291 895 1326 928 in
1347 896 1503 939 trigesimi
1524 899 1607 931 noni
1630 898 1750 933 Psalmi
1771 901 2010 937 commentario
2028 903 2109 937 San-

1222 945 1291 977 stus
1313 944 1537 989 Augustinus.
1567 947 1720 982 Affirmat
1742 948 1910 983 diabolum
1929 952 2105 995 gentilium

1222 993 1463 1037 Tyrannorum
1486 1004 1632 1038 tempore
1652 995 1802 1033 Leonem
1822 1001 1941 1049 qiffe,
1967 1001 2001 1034 in
2017 1003 2106 1037 reba-

1221 1045 1418 1088 ptizantium
1431 1043 1658 1079 haereticorum
1670 1048 1866 1090 grassatione
1878 1060 1972 1094 agere
1984 1052 2106 1086 Draco·

1223 1104 1316 1129 nem.
1343 1094 1447 1129 Tunc
1470 1097 1560 1129 enim
1578 1107 1634 1140 per
1643 1105 1807 1130 tormenta
1827 1100 1987 1142 cogebat,
2017 1110 2104 1135 nunc

1222 1154 1277 1188 per
1299 1144 1414 1179 dolosa
1435 1145 1591 1191 dogmata
1602 1147 1836 1181 circumscribit
1848 1147 1976 1182 Fideles
1989 1174 1999 1190 ‚
2026 1160 2061 1185 ut
2072 1153 2105 1185 se

1222 1205 1342 1239 negent
1365 1195 1587 1243 Christianos.
1616 1195 1719 1244 Qod
1741 1198 1845 1240 ipsum
1866 1201 1980 1242 repetit
2003 1199 2038 1233 in
2061 1201 2106 1233 se·>

1222 1243 1327 1279 cunda
1341 1245 1519 1280 Concione
1539 1248 1628 1291 super
1641 1247 1808 1281 Psalmum
1827 1248 2025 1293 trigesimum
2039 1250 2107 1283 sex-

1222 1306 1291 1328 tum
1301 1318 1312 1333 ,
1337 1296 1421 1330 acin
1434 1297 1524 1331 sexto
1544 1298 1577 1331 ἃ
1590 1297 1766 1344 undecimo
1777 1300 1910 1333 tractatu
1923 1300 2014 1342 super
2025 1299 2107 1334 San·

1222 1347 1261 1379 sti
1290 1345 1423 1388 Joannis
1451 1347 1670 1392 Evangelium
1692 1373 1699 1381 .
1727 1347 1772 1382 Et
1798 1349 1839 1383 de
1866 1349 1982 1383 saneto
2002 1349 2104 1384 Petro

1221 1395 1371 1438 Martyre
1394 1395 1624 1432 &patriarcha
1645 1397 1874 1433 Alexandrino
1897 1398 2005 1433 scribit
2024 1399 2105 1442 ejus-

1221 1444 1295 1480 dem
1309 1446 1452 1481 Ecclefiae
1465 1447 1659 1482 Chronicon
1674 1461 1681 1481 :
1710 1452 1768 1486 Hic
1780 1448 1817 1488 est
1829 1473 1839 1490 ,
1864 1455 1911 1484 cul
1923 1448 2105 1483 Antiochena

1221 1498 1325 1529 mulier
1336 1498 1468 1530 adduxit
1474 1495 1544 1541 suos
1550 1498 1627 1541 filios
1641 1524 1652 1540 ‚
1680 1506 1712 1533 ut
1724 1510 1769 1532 cos
1782 1499 1948 1541 baptizaret
1957 1525 1968 1541 ‚
1994 1501 2029 1534 Θ
2038 1510 2103 1533 con·

1219 1551 1311 1577 crevit
1330 1558 1432 1587 aqua,
1460 1557 1493 1580 ut
1513 1551 1635 1583 mt‘nlme
1657 1550 1720 1582 illos
1743 1549 1924 1583 Patrtaercba
1947 1550 2104 1591 baptizare

1216 1600 1346 1636 potuerit
1361 1619 1368 1627 .
1395 1595 1522 1639 Nempe
1532 1597 1626 1630 antea
1637 1598 1683 1630 ob
1695 1601 1810 1632 mortis
1821 1600 1839 1632 a
1851 1599 2041 1643 tempestate
2052 1611 2105 1644 pe·

1219 1644 1358 1676 ticulum
1371 1645 1501 1678 fuerant
1512 1645 1530 1678 ὲ
1549 1645 1660 1680 Matre
1672 1646 1708 1680 in
1721 1646 1848 1681 marina
1868 1649 1950 1691 aqua
1962 1648 2104 1692 baptiza-

1220 1690 1261 1725 ti.
1291 1690 1335 1724 Et
1355 1691 1396 1725 de
1408 1691 1537 1734 Judaeo,
1563 1694 1619 1736 qui
1631 1693 1671 1727 ab
1683 1694 1799 1729 Attico
1822 1695 2103 1742 Constantinopo-

1221 1741 1325 1774 litano
1338 1741 1503 1786 Episcopo
1518 1742 1699 1787 baptizatus
1714 1767 1725 1784 ,
1752 1744 1873 1779 iterum
1885 1744 2040 1790 baptizari
2050 1758 2104 1790 pe·

1219 1790 1272 1825 tiit
1296 1791 1377 1825 lucri
1402 1792 1495 1826 causa
1519 1817 1530 1834 ‚
1570 1793 1604 1828 δε
1626 1794 1813 1838 impetravit
1839 1794 1858 1829 a
1876 1795 2104 1832 circumvento

1218 1841 1327 1875 Paulo
1341 1842 1634 1877 Novatianensium
1650 1844 1815 1890 Episcopo
1826 1869 1837 1886 ,
1864 1845 1974 1881 scribit
1990 1847 2102 1882 Socra·
2115 1858 2209 1896 [ὦῶ

1217 1901 1265 1926 tes
1278 1905 1288 1925 .·
1316 1892 1392 1925 Cti'm
1405 1892 1513 1932 vestem
1519 1891 1712 1936 splendidam
1720 1903 1777 1937 pro
1787 1897 1837 1929 illo
1860 1897 1966 1939 emisset
1978 1921 2004 1937 ‚-
2015 1899 2049 1932 61
2060 1897 2103 1931 alh
2116 1903 2186 1941 Cap.
2201 1909 2244 1935 17.

1217 1953 1307 1976 veum
1320 1941 1482 1984 baptisterii
1503 1955 1583 1986 aqua
1603 1945 1719 1986 impleri
1731 1945 1850 1989 jufflffet
1875 1946 1990 1979 Paulus
2004 1970 2016 1986 ‚
2034 1951 2103 1990 Ju⁴

1218 1993 1316 2030 daeum
1335 1995 1372 2026 eo
1399 1993 1527 2026 deduxit
1563 2019 1574 2035 ,
1597 2002 1633 2027 ut
1650 2000 1694 2028 ets
1716 1993 1896 2038 baptismum
1915 2000 2094 2038 impertiret.

1218 2044 1324 2076 Verum
1338 2050 1418 2088 aqua
1427 2042 1585 2087 universa,
1618 2045 1729 2078 divina
1738 2045 1871 2086 quadam
1888 2050 2023 2086 virtute,
2043 2044 2095 2089 su-

1217 2093 1277 2127 bito
1299 2093 1441 2134 exhausta
1474 2094 1513 2135 est
1530 2119 1537 2126 .
1580 2095 1698 2129 Fontis
1718 2094 1879 2129 foramina
1899 2118 1910 2135 ,
1938 2106 1993 2139 per
2026 2104 2096 2139 quae

1217 2155 1334 2187 aquam
1353 2143 1515 2188 delapsam
1532 2145 1749 2188 opinabatur,
1774 2146 1909 2179 firmiter
1929 2145 2095 2187 obturari,

1216 2195 1250 2229 &
1273 2193 1367 2228 illum
1389 2195 1499 2229 denuo
1512 2194 1637 2238 impleri
1658 2195 1742 2238 juffit
1762 2194 1903 2229 Paulus:
1930 2195 2094 2231 &iterum

1219 2244 1302 2279 vidit
1314 2256 1352 2279 ac
1363 2245 1538 2280 admiratus
1549 2245 1594 2279 est
1608 2244 1714 2279 subito
1727 2255 1917 2280 evacuatum
1926 2269 1933 2277 .
1963 2245 2095 2290 Nempe

1218 2306 1277 2329 nec
1304 2296 1458 2329 Sanctum
1495 2295 1626 2330 Petrum
1641 2320 1652 2336 ,
1678 2307 1739 2330 nec
1774 2295 1869 2330 istum
1906 2295 2094 2331 haereticum

1217 2346 1378 2386 Paulum,
1406 2347 1483 2380 licet
1506 2347 1712 2391 ignorantes,
1739 2346 1851 2380 divina
1875 2346 2011 2380 Bonitas
2026 2346 2096 2390 pas-

1219 2397 1250 2430 sa
1272 2395 1318 2430 est
1339 2395 1535 2441 rebaptismo
1557 2396 1712 2431 maculari
1731 2421 1738 2429 .
1767 2396 1927 2431 Criminis
1945 2396 2095 2431 atrocita-

1219 2457 1283 2481 tem
1297 2447 1461 2481 miraculis
1470 2446 1703 2482 demonstravit
1713 2471 1720 2479 .
1748 2446 1847 2490 Apud
1856 2448 2008 2482 Sanctum
2017 2446 2094 2480 Phi-

1219 2494 1360 2531 lasirium
1376 2498 1575 2531 Brixiensem
1590 2498 1786 2542 Episcopum
1798 2497 1898 2541 prima
1909 2495 2029 2530 haerefis
2044 2495 2091 2530 est

1215 2558 1329 2581 eorum
1340 2572 1350 2588 ,
1377 2548 1432 2592 qui
1445 2548 1595 2591 scriptam
1607 2549 1646 2582 ad
1661 2547 1817 2582 Haebreos
1826 2547 2004 2591 Epistulam
2013 2546 2092 2579 San-

1216 2599 1267 2632 ξὶο
1289 2596 1394 2633 Paulo
1416 2598 1627 2642 abjudicant,
1653 2598 1688 2632 ἀ
1707 2598 1871 2632 affirmant
1895 2595 1959 2628 esse
1981 2594 2091 2628 Sancti

1216 2648 1393 2690 Barnabae,
1419 2649 1602 2683 Clementis
1613 2647 1759 2685 Romani
1771 2669 1783 2685 ‚
1809 2654 1864 2678 aut
1877 2644 1974 2678 Lucae
1985 2644 2091 2678 Evan-

1214 2698 1334 2742 gelistae
1355 2723 1364 2731 .
1403 2698 1478 2733 Nec
1496 2699 1629 2733 deerant
1651 2696 1698 2729 illi
1719 2703 1909 2739 argumenta
1929 2719 1938 2726 .
1965 2693 2090 2729 Unum

1213 2759 1280 2782 erat
1292 2773 1303 2789 ‚
1329 2748 1419 2793 quod
1431 2747 1630 2791 poenitentiae
1642 2744 1781 2779 frustum
1791 2742 1926 2787 epistola
1942 2737 2088 2779 videat-ir

1214 2797 1429 2842 proscribere,
1454 2797 1618 2829 &sentire
1628 2804 1701 2829 cum
1713 2793 1927 2827 Montanistis
1952 2804 2009 2828 aut
2019 2793 2092 2829 No·

1213 2847 1448 2882 vatianensibus
1464 2871 1471 2878 .
1499 2845 1624 2880 Verum
1648 2843 1796 2878 laudatus
1820 2844 1944 2877 Dostor
1963 2845 2091 2887 respon-

1211 2897 1268 2931 det
1289 2908 1297 2928 :
1325 2897 1547 2930 Poenitudtnem
1564 2889 1682 2937 epffsola
1704 2906 1762 2927 non
1781 2894 1911 2928 excludit
1936 2894 2087 2933 docendo,

1209 2946 1267 2990 sed
1277 2944 1427 2989 diversum
1441 2947 1573 2989 gradum
1591 2947 1752 2989 dignitatis
1772 2944 1893 2984 ostendn
1912 2942 1992 2976 inter
2012 2942 2087 2976 hune

1213 3002 1263 3039 qut
1283 2996 1315 3038 se
1334 3003 1480 3040 integrum
1500 2996 1676 3036 custodivit,
1701 2996 1737 3029 Θ
1758 2995 1841 3028 illum
1861 2998 1914 3036 qui
1930 2999 2085 3035 peccavit,

1216 3050 1385 3091 Dignitatts
1395 3045 1435 3088 est
1445 3053 1536 3089 tgttur
1546 3045 1754 3079 detrimentum
1774 3048 1808 3077 t'n
1829 3055 1861 3078 eo
1870 3049 1921 3086 qui
1928 3048 2066 3084 peccavit
2075 3067 2087 3084 ,

1213 3109 1269 3130 non
1280 3098 1424 3130 damnum
1431 3095 1540 3139 salutis
1552 3121 1559 3129 .
1586 3100 1673 3129 Nam
1675 3093 1706 3137 fi
1705 3094 1830 3137 fortiter
1848 3097 1914 3135 quis
1934 3101 2089 3136 pugnave-

1213 3153 1252 3180 rit
1270 3156 1327 3189 per
1347 3154 1542 3187 martyrium,
1566 3151 1687 3187 reciptet
1704 3143 1859 3187 pristmam
1886 3144 2087 3186 dlgnttatem,

1213 3206 1265 3230 aut
1275 3197 1302 3236 fi
1306 3198 1449 3241 condigne
1461 3203 1494 3229 in
1506 3196 1556 3229 hoc
1562 3195 1666 3240 saemlo
1687 3199 1799 3228 vixerit
1811 3215 1822 3231 ,
1847 3198 1990 3242 {mpetrat
2010 3193 2090 3235 quod

1214 3247 1354 3287 defiderat
1366 3245 1490 3289 adipisci
1502 3272 1509 3278 .
1537 3251 1624 3279 Nam
1633 3243 1699 3287 ipsa
1720 3242 1837 3285 epistola
1857 3243 2086 3284 rebaptizatores

1213 3299 1364 3338 excludit,
1391 3309 1448 3330 non
1458 3294 1635 3339 baptismum
1644 3298 1848 3336 poenitemiae.
1875 3292 2013 3337 Largius
2033 3303 2086 3324 ex-

1215 3349 1354 3389 ponit'in
1368 3348 1472 3391 primo
1484 3347 1567 3381 libro
1578 3346 1618 3378 de
1632 3345 1789 3378 sacrarum
1802 3343 1981 3387 imaginum
1993 3340 2084 3373 cultu

1215 3398 1313 3441 Jonas
1326 3396 1565 3433 Aurelianensis
1577 3395 1772 3441 Episcopus.
1801 3390 2085 3474 Aposioliglgpi-
