2352 3736
76 309 134 340 1²01.
157 312 202 346 83.

87 1562 122 1589 A.
136 1565 217 1595 1234,

79 1675 218 1705 A.1227.

81 2395 145 2427 Lib.
169 2403 197 2430 7.

89 2657 149 2690 Lib.
160 2662 184 2688 6.
196 2665 222 2688 t·-

100 3391 181 3422 Tem.
205 3400 230 3420 2.

640 140 1049 189 Renreuse
1116 140 1670 188 Concrt1u1u.

253 229 441 277 guimarium
451 253 462 270 ,
486 226 521 262 &
531 226 634 262 multa
645 228 766 270 passum
780 250 792 266 ,
813 224 921 260 scribit
933 222 1128 258 Guilielmus

252 277 441 315 Monachus
462 277 756 312 Malmesberiensis
784 301 791 308 .
819 276 867 309 Ea
886 274 992 308 forsan
1013 273 1075 305 fuit
1095 272 1127 304 δε

251 341 317 364 una
330 331 516 367 causarum,
542 328 588 363 ob
607 338 687 371 quas
705 327 811 370 ipsum
838 324 931 366 ejecit
951 322 1128 365 Imperator

252 379 440 436 Henricus3
465 390 502 413 ac
530 376 714 421 deportavit
736 375 771 408 in
794 373 1022 407 Germaniam
1051 371 1128 414 Ejus

251 430 413 475 insignem
427 429 459 461 in
475 430 551 462 vitae
569 436 715 462 extremo
725 424 765 458 ad
787 422 955 457 Dominos
974 422 1129 457 Cardina-

253 480 301 513 les
323 491 380 523 pro
404 479 486 512 facio
509 480 568 512 suo
591 474 794 520 Apologiam
815 471 949 507 adducit
983 471 1129 506 laudatus

251 528 459 564 Monachus.
487 527 542 562 sed
568 526 644 570 quia
667 535 735 557 non
763 523 901 562 Romae,
927 522 981 556 sed
1004 522 1039 555 in
1063 521 1131 554 exi-

253 580 301 614 lio
327 578 498 614 defunctus
517 576 563 611 est
586 572 787 618 Gregorius,
814 547 980 616 Apologia
1002 571 1130 604 videtur

252 631 380 672 spurios
390 628 506 662 habere
517 623 643 657 natales
654 648 662 655 .
688 620 863 670 Qidquid
875 623 910 656 sit
924 647 934 661 ,
962 631 1030 655 non
1044 620 1129 654 solus

254 680 325 713 Leo
337 688 454 715 nonus,
466 684 523 708 aut
535 673 715 718 Gregorius
727 673 893 716 septimus,
903 672 957 706 sed
970 672 1003 705 δε
1014 681 1128 704 omnes

252 730 311 763 alii
328 727 392 761 huc
416 726 519 767 usque
544 723 728 758 Pontifices
752 732 910 757 armatam
930 721 1024 755 istam
1046 719 1131 753 rnili-

253 780 332 813 tiam
345 777 378 809 in
394 775 550 809 Romana
562 773 705 807 Ecclesia
715 774 966 807 continuarunt.
996 770 1129 803 Etenim

251 826 324 872 post
336 824 493 869 Gregorii
518 823 650 867 septimi
672 832 840 866 tempora,
868 822 988 864 ipfique
1006 829 1128 853 motam

251 877 294 911 ab
312 876 465 909 Henrico
483 883 601 917 quarto
625 872 823 916 Imperatore
842 869 1130 905 schismaticam&

251 924 419 960 barbaram
431 923 667 962 rebellionem,
685 933 754 956 non
767 922 802 955 in
813 922 889 955 solis
901 921 965 954 suis
978 920 1131 964 patrimo-

249 976 318 1010 niis
329 983 474 1018 raptores
491 974 599 1018 Reges
610 984 666 1006 aut
680 972 850 1016 Principes
863 996 874 1011 ,
898 971 953 1006 sed
964 971 1021 1004 &¹
1012 981 1046 1003 in
1066 970 1130 1012 ipsa

249 1026 407 1059 Romana
420 1018 501 1058 urbe
523 1024 695 1067 populares
716 1022 916 1062 seditiones,
944 1020 1082 1064 ideoque
1097 1020 1131 1053 &

249 1075 349 1110 exilia
362 1074 439 1118 paffi
448 1075 636 1117 frequenter
646 1074 722 1106 sunt
735 1071 937 1111 Pontifices,
962 1070 1047 1104 adeo
1067 1080 1102 1103 ut
1114 1081 1130 1102 a

250 1124 417 1170 Gregorio
454 1134 548 1159 nono
582 1123 617 1156 &
639 1132 785 1156 annuum
809 1121 968 1155 tributum
987 1120 1131 1163 exegerit

252 1174 433 1211 Romanus
449 1176 588 1208 Senatus
609 1196 620 1212 ‚
647 1170 913 1215 praetenderitque
938 1182 998 1204 nec
1020 1169 1133 1204 urbem

251 1226 342 1269 posse
353 1222 528 1259 interdici
517 1234 536 1255 a
546 1221 734 1260 Pontifice,
761 1232 821 1255 nec
835 1221 942 1254 ullum
962 1220 1068 1254 civem
1082 1231 1133 1252 ex·

251 1273 513 1309 communicari.
539 1271 634 1304 Hinc
647 1270 802 1305 militiam
814 1272 901 1304 suam
912 1271 1004 1305 auxit
1027 1268 1134 1302 lauda-

251 1334 305 1358 tus
341 1322 525 1368 Gregorius
549 1345 561 1361 ,
585 1321 681 1364 eique
700 1321 841 1364 praefecit
862 1319 995 1354 Petrum
1011 1317 1133 1352 Vinto-

250 1374 402 1408 niensem
440 1372 663 1415 Episcopum,
688 1370 730 1404 de
750 1367 1003 1414 qquatthaeus
1022 1367 1133 1402 Paris:

251 1425 338 1456 Idem
348 1419 517 1464 Episcopus
532 1420 644 1462 fuerat
666 1425 699 1452 in
721 1419 852 1463 obsequio
874 1419 1020 1452 Richardt‘
1043 1423 1132 1461 Regis

255 1474 437 1515 anglorum,
458 1471 619 1504 Bellatoris
645 1469 819 1512 Magnifici,
845 1469 950 1503 diebus
975 1465 1132 1511 adolescen-

254 1529 309 1556 aeiae
316 1520 406 1565 suar,
431 1520 559 1562 ubiplus
570 1519 678 1552 didicit
686 1525 720 1551 in
732 1517 805 1551 bello
812 1520 953 1553 dimicare
964 1542 974 1558 ,
1000 1516 1134 1551 &casira

252 1573 387 1605 militum
396 1571 536 1603 ordinare
547 1580 656 1611 ,quam
665 1570 831 1611 Evangelii
837 1567 952 1614 semina
960 1568 1133 1609 praedican-

254 1619 468 1663 deseminare.
496 1620 574 1653 Scio
592 1616 659 1652 haec
678 1619 765 1661 apud
787 1617 1000 1662 Augustensis
1023 1616 1134 1650 Eccle-

255 1668 509 1705 fiaeChronicon
531 1668 626 1702 fuiffe
645 1668 788 1712 graviter
808 1668 936 1709 culpata
961 1679 979 1700 a
1002 1666 1133 1711 Magno

255 1720 414 1763 Gregorii
427 1719 546 1753 aemulo
557 1742 567 1758 ,
579 1718 607 1750 F
608 1718 752 1751 rederico
765 1717 904 1751 secundo
917 1717 1112 1760 Imperatore
1124 1739 1134 1754 ,

254 1769 376 1804 verum
397 1769 516 1812 absque
539 1776 662 1802 armata
683 1767 801 1801 militia
825 1767 977 1800 Sanstum
1001 1766 1136 1799 Petrum

257 1818 463 1862 Apostolum
485 1828 565 1852 tunc
575 1816 772 1862 expulissent
783 1816 875 1851 Laici
888 1816 1076 1857 Principes,
1100 1814 1134 1847 δε

255 1869 348 1912 juxta
373 1866 629 1904 abominandam
651 1865 794 1900 Arnoldi
815 1864 1135 1899 Monach1Br1xien

254 1919 297 1953 fis
307 1918 576 1960 praedicationem
584 1916 758 1950 Romanus
778 1915 959 1958 Episcopus
972 1915 1005 1949 δε
1017 1915 1134 1948 Clerus

253 1978 298 2006 ex
309 1966 391 2000 solis
400 1964 546 2000 fidelium
555 1964 800 1999 oblationibus
792 1976 857 2006 jam
879 1964 1004 1998 dudum
1014 1961 1136 1996 debuis-

254 2018 304 2051 set
323 2016 500 2050 victitare.
537 2014 724 2062 Qomodo
744 2014 845 2048 etiam
866 2013 1078 2048 Innocentius
1095 2013 1135 2047 se-

255 2066 391 2100 cundus
417 2066 452 2099 in
465 2065 649 2109 Rogerium
670 2064 834 2107 utriusque
845 2063 959 2098 Siciliae
985 2063 1135 2105 iniquum

254 2117 466 2151 detentorem
476 2114 603 2148 duxerit
615 2114 815 2153 exercitum,
826 2112 986 2156 fueritque
997 2123 1131 2156 captus,

255 2167 291 2199 ἀ
301 2166 491 2209 compulsus
502 2164 543 2199 ad
553 2163 648 2198 duras
659 2163 893 2203 conditiones,
920 2161 1027 2197 videre
1041 2162 1136 2205 possis

252 2214 352 2271 opud·
357 2212 539 2249 Othonem
576 2214 777 2257 Episcopum
811 2187 1068 2256 Frisingensem
1099 2212 1134 2244 ln

256 2264 355 2298 omni
367 2263 503 2307 publico
514 2275 568 2307 per
581 2263 692 2297 urbem
715 2263 857 2306 processu
883 2262 993 2306 stipari
1015 2271 1136 2295 armata

254 2313 381 2348 militia
392 2315 490 2356 coepit
502 2313 692 2346 Bonifacius
703 2323 831 2346 nonus.
856 2313 906 2346 Ita
930 2312 1083 2352 testatur,
1102 2311 1136 2345 ὅ(

256 2363 372 2398 causas
381 2361 483 2397 edicit
494 2359 727 2397 Theodericus
736 2362 781 2395 N
773 2372 858 2395 iem

310 2412 460 2447 Nullus'
451 2414 583 2446 interim
598 2411 771 2446 Romanus
783 2411 965 2454 Episcopus
981 2421 1136 2455 umquam

258 2461 357 2496 duxit
369 2473 514 2497 armatus
525 2461 727 2502 exercitum,
751 2461 810 2495 nifi
832 2461 965 2496 Sanetus
986 2461 1057 2496 Leo
1082 2472 1137 2496 no·

257 2523 342 2546 nus.
370 2512 498 2554 Excipe
518 2513 678 2554 Ioannem
699 2511 912 2546 undecimum
935 2536 947 2552 ,
983 2511 1072 2554 cujus
1093 2512 1140 2555 ju—

259 2561 351 2596 venis
366 2563 544 2606 petulentia
555 2562 707 2605 clypeum
728 2562 762 2595 ὅ(
783 2561 919 2595 loricam
938 2561 1135 2605 quandoque

259 2612 391 2653 induit,
417 2612 506 2646 &ita
529 2611 734 2654 speciandum
760 2611 888 2655 populis
910 2613 942 2645 se
964 2611 1133 2652 exhibuit,

264 2661 383 2695 verum
402 2662 470 2695 sine
489 2661 606 2695 militia
629 2686 640 2703 ‚
675 2672 771 2704 quam
794 2661 948 2696 Romana
971 2672 1052 2696 tunc
1075 2661 1135 2696 Ec-

264 2709 358 2744 clesia
378 2709 483 2745 adhuc
505 2711 696 2756 ignorabat
725 2710 811 2745 Vide
825 2709 1065 2754 Luitprandum
1076 2712 1135 2745 Ti-

263 2759 516 2797 cinensem.1n
537 2761 608 2795 aliis
630 2772 740 2799 tamen
766 2761 936 2805 Episcopis
957 2761 1083 2795 Latinis
1101 2761 1134 2794 δε

263 2807 455 2844 Abbatibus
464 2810 508 2843 est
519 2812 671 2854 antiquus
683 2812 738 2847 ille
749 2811 888 2845 abusus
917 2812 1030 2858 Qam
1050 2811 1134 2855 apud

266 2870 349 2899 nos,
375 2858 455 2892 &in
474 2860 568 2893 omni
590 2860 700 2895 Gallia
721 2873 759 2896 ac
785 2861 961 2897 Germania
982 2861 1136 2919 grassatus

266 2910 397 2947 fuerit,
419 2907 544 2943 docent
562 2910 702 2953 antiquae
726 2913 760 2946 in
782 2911 931 2946 Ecclesiis
950 2912 983 2944 &
1005 2911 1136 2954 privatis

267 2957 423 2992 domibus
447 2958 594 3000 pisturae,
616 2957 807 2995 exhibentes
837 2960 932 2994 nobis
958 2960 1138 3004 Episcopos

268 3007 413 3042 Pluviali
421 3019 459 3041 ac
471 3006 573 3041 Mitra
585 3018 719 3042 ornatos
729 3021 786 3052 pro
797 3009 890 3044 Pedo
900 3011 1061 3054 gestantes
1072 3010 1136 3055 gla-

260 3059 362 3091 alium
372 3080 383 3096 ‚
405 3058 440 3092 ὅ(
452 3058 520 3091 sine
529 3057 740 3097 Dalmatica,
768 3058 854 3094 Alba
866 3083 878 3099 ,
903 3060 937 3093 &
948 3060 1018 3095 aliis
1031 3060 1136 3095 Sacer·

270 3106 437 3141 dotalibus
449 3106 652 3142 indumentis
662 3106 756 3150 plene
766 3108 1003 3153 cataphractos.
1017 3110 1060 3144 Et
1073 3111 1137 3147 suis

272 3156 390 3190 Galliae
399 3156 550 3191 conciliis
562 3157 610 3191 vir
622 3157 765 3191 eruditus
786 3157 924 3200 Jacobus
946 3160 1138 3194 Sirmondus

272 3205 396 3240 indidit
407 3207 576 3250 antiquam
587 3206 741 3241 notitiam
765 3207 816 3241 seu
829 3207 1043 3252 catalogum·
1029 3233 1041 3250 ,
1069 3220 1139 3252 quae

272 3258 307 3290 in
319 3256 521 3293 Francorum
545 3257 665 3302 Regno
690 3256 892 3292 Monasteria
911 3257 1063 3292 Domino
1081 3257 1140 3293 Im·

269 3307 416 3350 peratori
426 3303 565 3340 debeant
573 3307 728 3342 militiam
740 3307 773 3341 &
791 3307 879 3341 dona
894 3330 905 3347 ,
925 3317 996 3350 quae
1016 3318 1141 3342 tantum

270 3356 361 3391 dona
384 3381 395 3397 ,
432 3366 504 3400 qnae
526 3355 611 3389 solas
629 3358 822 3392 orationes·
859 3357 945 3391 Eum
971 3357 1143 3394 conditum

272 3405 415 3442 ostendit
434 3405 517 3442 noni
540 3405 645 3441 saeculi
663 3417 753 3445 anno
762 3407 892 3445 decimo
902 3408 1038 3452 septimo
1050 3431 1062 3449 ,
1087 3407 1143 3443 sub

1122 1910 1157 2547 l

1935 156 2024 204 173

1188 223 1329 267 Imperio
1349 223 1509 258 Ludovici
1520 223 1572 258 Pii
1584 248 1595 265 ,
1614 225 1632 257 a
1644 223 1782 267 Synodo
1792 221 2061 268 Aquisgranensi.

1192 273 1324 316 Utique
1337 274 1376 307 ad
1389 284 1571 318 perpetuam
1593 275 1638 308 rei
1666 275 1857 308 memoriam
1870 299 1881 314 ,
1908 284 1948 307 ne
1968 272 2062 307 Prin-

1190 333 1264 365 ceps
1276 322 1354 365 quid
1367 324 1408 357 de
1420 323 1619 367 suisjuribus
1640 323 1783 366 perderet
1800 347 1810 363 ,
1836 335 1891 358 aut
1908 335 1949 358 ne
1966 322 2061 367 ,quod

1189 371 1427 407 Monastermm
1440 376 1521 409 ultra
1545 373 1680 408 modum
1700 372 1720 405 a
1744 374 1835 418 Rege
1855 383 2066 417 gravaretur-

1191 422 1234 455 Et
1249 421 1326 455 hinc
1339 423 1371 455 in
1388 424 1581 458 Monasterii
1597 425 1642 458 sui
1662 423 1868 458 Senoniensis
1889 421 2060 456 Chronico

1191 472 1299 506 scribit
1312 471 1490 506 Richerius
1504 473 1694 508 Monachus
1713 474 1754 508 de
1775 472 1978 507 Monasterio
1989 472 2061 505 Me-

1191 522 1289 555 diano
1301 548 1307 554 .
1335 524 1417 565 ‚Quia
1437 524 1612 555 Medianum
1627 523 1829 563 Monasterium
1841 546 1852 561 ,
1869 521 2060 564 ficut&alia
2077 524 2134 556 Lib.
2155 535 2178 556 ln
2202 535 2229 556 c.

1189 574 1430 612 circumjacentia
1452 596 1462 612 ,
1488 575 1618 604 Romano
1636 577 1760 613 Imperio
1773 572 1968 616 subjacebant
1989 596 2000 612 ,
2025 573 2060 605 ό·

1189 626 1222 654 in
1235 623 1420 663 expeditione
1434 625 1621 664 Imperatoris
1633 632 1809 654 armatorum
1820 633 1920 655 cuneos
1931 623 1966 654 de
1984 632 2061 654 more

1190 676 1306 704 mittere
1314 668 1448 713 solebant
1460 695 1470 709 ,
1490 673 1607 713 praelm
1616 671 1744 704 crebrius
1764 671 1980 705 innovantibus
2002 675 2061 706 Ec-

1189 717 1275 762 clefiae
1291 718 1499 762 miserabiliter
1521 721 1759 763 opprimebantur
1783 744 1791 752 .
1830 722 1880 754 Ex
1901 721 2062 756 bellorum

1190 770 1372 813 frequentia
1389 771 1584 804 lamentatur
1594 769 1831 804 monasterium
1854 771 1946 804 fnisse
1968 771 2063 812 plene

1188 820 1439 863 depauperatum
1450 843 1462 860 ,
1486 821 1519 854 ἀ
1532 820 1572 854 ad
1583 820 1660 855 alias
1671 820 1822 863 deinceps
1840 820 2064 862 expeditiones

1190 871 1327 911 incapax
1340 868 1498 904 redditum
1510 893 1520 909 ,
1545 871 1686 915 ideoque
1705 870 1794 904 Duci
1816 869 2039 913 Lotharingiae
2050 893 2062 909 ,

1190 919 1245 964 qui
1261 919 1452 954 Monachos
1461 922 1609 964 expulit,
1635 920 1794 957 &omnia
1815 929 1884 953 tarn
1905 919 2065 962 principa-

1190 970 1229 1004 lis
1239 970 1371 1004 Domus
1381 995 1391 1011 ,
1419 981 1517 1013 quam
1529 971 1683 1005 cellarum
1696 967 1782 1004 bona
1793 970 1900 1003 divisit
1918 971 1964 1013 3¹³..
1975 969 2063 1002 mili-

1190 1030 1260 1060 tes,
1285 1021 1303 1054 a
1328 1019 1453 1054 Carolo
1474 1021 1605 1065 Magno
1623 1022 1737 1055 datum
1757 1022 1791 1054 in
1813 1018 2062 1055 commendam.

1191 1070 1347 1104 Debitam
1362 1070 1418 1104 fibi
1432 1071 1586 1104 militiam
1595 1070 1840 1106 Monachorum
1862 1070 2065 1105 sustentatio-

1192 1120 1226 1154 ni
1240 1120 1406 1164 praevalere
1416 1132 1454 1154 ac
1463 1122 1526 1155 esse
1537 1120 1785 1164 praeponendam
1795 1120 1934 1154 Carolus
1943 1119 2071 1162 judica‹

1193 1171 1238 1203 vit
1251 1194 1259 1202 .
1287 1170 1331 1204 Et
1342 1168 1420 1204 hinc
1433 1171 1522 1204 vides
1535 1170 1617 1204 istud
1630 1171 1757 1204 militiae
1768 1169 1913 1205 debitum
1923 1170 1941 1202 a
1953 1167 2066 1203 Ludo-

1194 1221 1266 1253 vico
1278 1219 1341 1253 Pio
1362 1231 1429 1253 non
1450 1220 1541 1254 fuisse
1562 1221 1785 1255 introdustum
1798 1245 1805 1252 .
1834 1219 1936 1265 Quod
1960 1218 2064 1262 ipsum

1194 1270 1280 1303 lucet
1296 1281 1339 1303 ex
1363 1270 1484 1303 selectis
1509 1269 1648 1312 ejusdem
1669 1270 1782 1304 Caroli
1808 1269 1978 1312 capitulis,
2006 1267 2064 1301 ubi

1194 1319 1303 1353 omnis
1315 1320 1512 1354 Francorum
1525 1321 1665 1363 populus
1675 1319 1768 1354 flexis
1788 1318 1927 1363 genibus
1948 1318 2065 1361 suppli-

1193 1380 1244 1403 cat
1256 1394 1266 1410 ,
1292 1379 1328 1403 ut
1344 1369 1496 1413 Episcopi
1509 1370 1680 1412 deinceps,
1704 1368 1969 1407 sicuthacoenus,
1994 1379 2064 1402 non

1193 1428 1353 1453 vexentur
1363 1419 1512 1454 hostibus
1523 1443 1533 1458 ,
1558 1420 1612 1454 sed
1624 1419 1700 1454 belli
1711 1428 1858 1462 ternpore
1867 1427 2018 1452 maneant
2028 1417 2065 1451 in

1195 1468 1434 1507 suisEcclefiis,
1464 1480 1522 1511 pro
1535 1479 1702 1511 pugnante
1717 1469 1823 1502 milite
1842 1467 1985 1501 oblaturi
2009 1468 2067 1502 Sa-

1194 1518 1315 1552 crificia
1332 1541 1338 1549 .
1361 1517 1416 1551 Ut
1430 1517 1511 1552 nulli
1523 1519 1725 1551 comitentur
1740 1517 1780 1551 ad
1802 1525 1954 1561 campum
1966 1542 1977 1558 ,
2006 1516 2065 1551 nisi

1194 1568 1260 1600 duo
1278 1567 1328 1598 vel
1343 1577 1425 1606 τῖες,
1453 1578 1510 1601 aut
1527 1567 1612 1601 certe
1623 1565 1762 1601 totidem
1778 1566 1982 1610 Presbyteri,
2008 1577 2066 1609 qur

1194 1617 1348 1650 exercitui
1370 1615 1491 1650 addant
1509 1619 1639 1651 animos
1657 1643 1667 1658 ‚
1701 1617 1734 1651 &
1752 1617 1864 1651 divina
1887 1616 2069 1651 conficiant

1194 1667 1398 1700 Sacramenta
1414 1691 1420 1698 .
1437 1667 1636 1701 Praeteritum
1649 1677 1772 1702 morem
1784 1667 1875 1701 aiunt
1887 1667 1980 1701 fuiffe
1993 1666 2071 1701 abo-

1194 1716 1384 1750 minabilem
1399 1740 1409 1755 ,
1435 1718 1467 1749 &
1480 1716 1547 1758 ejus
1560 1717 1654 1751 causa
1667 1718 1809 1750 militem
1830 1717 2012 1761 frequenter
2033 1718 2070 1750 in

1194 1777 1302 1811 pugna
1314 1766 1332 1799 a
1346 1766 1497 1800 Domino
1522 1766 1683 1801 desertum
1695 1791 1702 1799 .
1732 1767 1774 1800 Et
1796 1765 1929 1809 quidem
1947 1765 2071 1810 justiffi-

1193 1816 1254 1850 mis
1265 1815 1411 1859 precibus
1423 1816 1561 1850 Carolus
1574 1817 1691 1851 annuit
1704 1841 1715 1857 ,
1742 1816 1803 1850 hac
1814 1827 1924 1851 tamen
1947 1817 2072 1858 adjeela.

1193 1865 1413 1900 conditione:
1440 1867 1578 1908 Reliqui,
1603 1872 1655 1909 qui
1664 1867 1709 1898 ad
1725 1865 1865 1907 Ecclefias
1882 1864 1956 1908 suas
1977 1876 2075 1898 rema-

1197 1925 1268 1948 nent
1279 1940 1289 1955 ,
1310 1913 1379 1957 suos
1392 1914 1521 1948 homines
1533 1916 1607 1949 bene
1618 1926 1752 1950 armatos
1764 1915 1907 1959 nobiscum
1921 1941 1931 1957 ,
1941 1926 1995 1949 aut
2006 1927 2072 1949 cum

1195 1965 1299 2006 quibus
1303 1965 1473 2007 jufferimus
1488 1966 1623 2009 dirigant
1637 1989 1647 2005 ,
1674 1967 1708 1999 (δ’
1719 1966 1832 2009 ipfipro
1846 1966 1929 1999 nobis
1952 1968 1987 2000 (τ
2003 1978 2075 2000 cun·

1193 2015 1238 2047 270
1258 2013 1348 2054 nostro
1368 2020 1495 2048 exercitu
1517 2017 1618 2058 Miffat
1641 2039 1651 2055 ,
1676 2018 1817 2050 Limnias
1837 2042 1847 2057 ‚
1875 2016 2046 2050 Oblationes
2058 2041 2072 2055 ,

1194 2067 1222 2096 E
1225 2062 1395 2106 leemofinas
1400 2064 1525 2105 faciant
1536 2090 1546 2105 ‚
1572 2073 1687 2098 oranter
1700 2068 1794 2101 Deum
1804 2068 1878 2099 Coelt
1894 2091 1903 2106 ,
1931 2075 1966 2098 ut
1982 2066 2072 2107 profi-

1193 2120 1304 2147 ciamus
1318 2119 1351 2146 in
1376 2120 1480 2148 itinere
1503 2127 1559 2157 quo
1578 2122 1752 2158 pergimus,
1779 2114 1983 2158 videntesque,
2010 2120 2076 2149 Dee

1194 2165 1425 2196 adminiculante
1448 2187 1459 2203 ,
1484 2164 1660 2203 existamus.
1686 2169 1796 2199 Gentes
1817 2171 1897 2199 mim
1918 2167 1952 2199 (δ’
1974 2170 2070 2210 Reges

1198 2224 1301 2247 earum
1311 2237 1322 2253 ‚
1347 2224 1416 2254 quae
1427 2215 1593 2246 sacerdotes
1601 2213 1699 2257 secum
1705 2224 1841 2259 pugnare
1847 2214 2047 2258 permiserunt
2059 2241 2073 2256 ,

1197 2274 1247 2296 nec
1256 2262 1510 2304 praevalebantin
1531 2263 1602 2297 bello
1615 2289 1625 2303 ‚
1653 2277 1702 2298 nec
1722 2266 1850 2299 videres
1873 2265 2071 2306 exstiterunt,

1194 2319 1265 2356 quia
1282 2323 1339 2345 non
1350 2320 1415 2345 erat
1424 2311 1593 2351 differentia
1604 2320 1681 2347 inter
1695 2318 1802 2349 Laicos
1822 2318 1856 2349 (rt
1878 2317 2048 2349 sacerdotes
2059 2340 2073 2356 ,

1195 2363 1301 2406 quibus
1318 2370 1456 2406 pugnare
1478 2374 1536 2396 non
1556 2364 1595 2405 est
1613 2364 1741 2398 licitum.
1769 2370 1841 2399 Haec
1861 2370 1933 2399 vere)
1956 2368 2072 2400 Galliah

1196 2425 1262 2446 rum
1283 2436 1295 2452 ,
1319 2410 1532 2455 Hispaniarum
1554 2439 1564 2454 ,
1593 2415 1849 2459 Longobardorum
1870 2441 1882 2457 ‚
1905 2416 2075 2460 nonnullas-

1198 2473 1254 2506 que
1262 2463 1339 2495 altas
1347 2472 1453 2506 gentes
1465 2487 1475 2502 ‚
1501 2465 1535 2497 (ν
1545 2467 1638 2508 Reges
1648 2466 1852 2509 earumfeciffe
1862 2474 2049 2511 cognovimus
2059 2494 2072 2510 ,

1198 2519 1248 2556 qui
1254 2520 1376 2554 propter
1383 2513 1565 2555 praedidum
1578 2514 1808 2555 nefandtfftmum
1814 2515 1906 2559 scelus
1917 2529 1969 2551 nec
1979 2518 2073 2552 viHo-

1195 2575 1241 2596 res
1264 2562 1440 2603 exstiterunt
1463 2587 1474 2603 ,
1499 2574 1551 2596 nec
1569 2570 1694 2605 patrias
1717 2572 1919 2600 retinuerunt.
1949 2568 2072 2603 Nefan-

1196 2611 1361 2646 diffimum
1372 2612 1455 2646 istud
1471 2613 1573 2647 scelus
1585 2614 1729 2648 Galliam
1741 2615 1824 2650 adeo
1836 2627 1917 2651 tunc
1935 2628 2075 2660 occupa-

1196 2673 1263 2702 rat,
1288 2673 1324 2696 ut
1345 2662 1493 2696 adversus
1513 2663 1751 2701 sanctissimum
1765 2667 1883 2710 optimi
1905 2667 2076 2711 Principis

1196 2712 1361 2745 indultum
1387 2711 1488 2755 aliqui
1523 2723 1759 2750 murmurarent
1796 2717 1936 2761 graviter
1955 2740 1968 2758 ‚
2003 2728 2074 2751 tan·

1197 2773 1295 2806 quam
1303 2761 1394 2806 quod
1406 2763 1593 2796 sacerdotum
1613 2763 1748 2799 bonorem
1769 2772 1944 2799 minoraret.
1973 2766 2074 2801 Posse

1196 2813 1263 2846 esse
1276 2810 1437 2846 exercitus
1451 2812 1580 2846 Ducem
1591 2813 1821 2850 existimabant
1831 2824 1951 2859 partem
1963 2815 2075 2860 digni-

1197 2863 1273 2897 tatis
1287 2861 1492 2905 Episcopalis
1502 2887 1509 2894 .
1539 2863 1681 2897 Carolus
1691 2875 1771 2909 ergo
1783 2865 1962 2909 Episcopos
1972 2866 2004 2899 δε
2017 2877 2071 2900 eo-

1196 2924 1267 2946 rum
1290 2911 1500 2955 Presbyteros
1518 2911 1536 2944 a
1560 2913 1629 2947 sola
1650 2925 1705 2957 per
1725 2916 1867 2958 proprias
1885 2926 2000 2949 manus
2015 2927 2071 2959 pu·

1196 2974 1261 3007 gna
1271 2987 1282 3003 ‚
1308 2972 1510 3005 nequaquam
1521 2962 1538 2995 a
1551 2964 1710 2998 mittenda
1720 2964 1762 2998 ad
1786 2964 1887 3007 Regis
1906 2966 2069 3001 exrcitum

1198 3012 1322 3055 propria
1333 3012 1453 3046 militia
1462 3013 1626 3047 excusavit
1638 3037 1646 3045 .

1246 3062 1332 3108 Qae
1356 3061 1453 3103 porro
1471 3062 1567 3096 fuerit
1589 3060 1837 3097 Cathedralium
1857 3062 1893 3097 ἀ
1913 3062 2072 3099 Abba-tia-

1200 3111 1281 3144 lium
1294 3109 1506 3143 Ecclesiarum
1523 3110 1639 3143 militia
1651 3134 1662 3150 ,
1688 3112 1827 3155 exponit
1840 3113 1877 3147 in
1889 3112 2068 3149 Centulen-

1198 3160 1237 3194 fis
1249 3159 1289 3194 ad
1304 3158 1455 3193 Sanstum
1469 3158 1660 3193 Richarium
1682 3160 1875 3196 Monaflerii
1894 3162 2075 3200 Chronico

1199 3206 1385 3244 Monachus
1393 3208 1581 3243 Hariulfus:
1611 3212 1726 3245 Illorum
1747 3217 1866 3245 nomina
1888 3219 2070 3254 recitemus.

1200 3265 1249 3302 qui
1262 3271 1299 3294 ex
1313 3261 1332 3292 5
1334 3257 1418 3291 aneo
1429 3257 1571 3293 Richario
1581 3259 1717 3302 beneficia
1728 3263 1942 3304 retentabant,
1961 3271 2071 3307 quique

1200 3322 1263 3343 cum
1270 3306 1460 3351 fibisubdt'tt's
1471 3310 1616 3343 militibus
1629 3310 1720 3351 nistre
1732 3311 1842 3345 Abbati
1865 3315 1899 3347 Θ
1919 3315 2070 3354 Ministris

1201 3356 1331 3398 Eccleſje
1340 3358 1474 3393 nobiliter
1481 3357 1736 3402 satisserviebant
1748 3371 1829 3396 terra
1840 3370 1995 3405 marique,
2017 3361 2072 3395 vel

1202 3409 1371 3451 ubicumque
1383 3419 1479 3446 mum
1489 3415 1625 3445 comitatu
1637 3411 1757 3454 quilibet
1767 3424 1784 3447 e
1775 3411 1892 3455 san&
1902 3411 2069 3452 locifratra-

1954 3460 2019 3495 aaz

2082 575 2124 603 ¹3·

2055 1566 2064 1574 ·
2086 1557 2151 1587 L-a.
2166 1566 2192 1588 c.
2212 1567 2240 1586 x.
