2352 3736
2 812 20 841 χ
79 801 155 840 tap-
170 810 198 839 3·

305 157 363 188 DE
397 141 625 186 SIMONIAE
661 149 909 193 CRIMINE,
946 151 996 180 ET
1030 148 1141 179 VARI
1161 147 1203 176 IS
1240 147 1298 176 AD
1342 146 1475 180 IPSUM
1511 145 1844 177 sPEcTAN-TIBUS.

252 225 373 261 inflista
386 223 433 258 illi
446 235 500 268 per
521 221 632 257 Patres
642 223 799 267 depositio
811 222 954 257 decrevit
975 221 1011 254 in
1023 229 1130 263 poena-

252 275 318 311 km
329 273 537 309 solummodo
550 274 786 316 suspensionem
799 298 806 304 .

300 323 462 359 Notanda
483 324 560 358 item
584 325 656 358 sunt
670 322 736 358 haec
757 322 850 363 Pauli
864 317 996 356 secundi
1008 317 1104 352 verba
1117 330 1128 350 .·

252 376 417 408 simoniace*
429 375 591 407 ordinati.
621 372 809 407 Ostendunt
822 371 951 404 tertiam
962 393 973 409 ,
985 379 1048 410 qua
1057 368 1130 412 quis

252 435 324 460 nen
345 424 530 458 simoniace
549 422 717 457 ordinatur
735 423 754 454 a
774 419 962 454 Simoniaco
987 442 999 458 ‚
1026 419 1132 454 Simo-

253 474 314 509 niae
334 474 471 519 speciem
491 473 555 516 jam
577 473 700 517 pridem
721 470 911 504 exolevisse.
940 468 1025 502 Eam
1049 467 1132 502 adeo

252 524 359 569 rigide
371 524 525 567 persecuti
548 524 620 556 sunt
629 522 699 555 Leo
711 529 819 554 nonus
832 518 989 556 Pontifex
1015 520 1049 553 δε
1063 517 1130 561 ejus

253 575 478 614 Succeffores,
502 582 538 607 ut
550 571 635 604 solos
646 570 711 612 jam
723 570 906 605 Ordinatos
926 567 1069 614 gratiose
1092 567 1134 602 ad

253 624 478 658 Ministerium
499 619 686 655 admiserint
704 643 716 659 ‚
741 619 893 664 deinceps
919 618 1134 654 Ordinandos

252 674 424 717 rejecerint
444 670 487 704 ab
499 670 593 703 omni
612 671 686 713 spe,
713 671 940 714 tractarintque
964 677 1131 712 tamquam

253 723 340 758 nihil
365 731 419 765 per
431 730 549 754 vanam
570 730 684 754 manus
710 720 955 764 impositionem
982 719 1134 753 consecu-

255 784 322 809 ως.
348 770 516 815 Moderari
543 781 611 804 non
638 768 724 803 nihil
749 770 849 814 coepit
875 770 911 804 in
937 768 1132 803 Placentina

252 820 390 866 Synodo
403 818 564 854 Urbanus
578 819 758 855 secundus:
783 823 816 853 St
838 825 891 863 qui
915 821 936 853 ἃ
962 821 1133 863 simoniacis

251 882 310 907 non
336 871 498 904 simoniace*
521 870 662 903 Ordinati
674 867 757 913 sunt
785 894 797 911 ‚
816 869 848 912 st
867 871 986 913 quidem
1007 868 1134 911 probare

245 926 400 965 potuerint
422 918 476 963 se,
501 931 564 953 cum
590 922 818 962 ordinarentur,
842 932 886 954 eos
910 918 1024 963 nescisse
1044 922 1132 953 Simo-

249 977 351 1005 niacos
365 995 375 1010 ,
401 972 434 1004 (st
446 979 509 1004 tum
519 978 576 1012 pro
590 969 752 1003 Catholici]-
771 969 958 1004 habebantur
978 968 1133 1013 Episcopis

250 1027 284 1056 in
297 1019 422 1063 Ecclefia
436 1044 447 1060 ,
472 1021 577 1054 talium
588 1022 794 1053 Ordinationes
806 1019 1032 1064 misericorditer
1055 1018 1135 1062 susti·
1157 1058 1160 1062 ι

251 1082 352 1105 nemus
365 1095 375 1112 ‚
395 1069 426 1112 fi
447 1079 549 1104 tamen
571 1071 737 1104 »laudabilis
763 1082 808 1104 eos
833 1076 902 1104 vita
930 1070 1134 1104 commendat.

250 1120 349 1155 Licet
362 1130 431 1154 non
442 1120 573 1164 quosvis
583 1120 601 1154 a
612 1118 867 1164 quibuscumque
881 1145 892 1161 ‚
918 1121 974 1155 sed
987 1120 1072 1154 solos
1094 1118 1135 1153 ab

251 1170 391 1205 occultis
424 1170 619 1205 simoniacis
632 1182 700 1204 non
727 1168 914 1205 simoniace
931 1171 1136 1204 consecratos

251 1219 503 1255 misericorditer
538 1218 689 1253 habilitet
710 1244 721 1260 ‚
747 1229 892 1254 attamen
930 1231 998 1254 non
1041 1219 1134 1253 fastis

249 1269 421 1305 dumtaxat
440 1294 452 1311 ‚
477 1269 531 1304 sed
557 1269 591 1303 &
616 1269 732 1303 futuris
759 1269 1036 1306 Ordinationibus
1063 1269 1135 1313 figit

250 1320 402 1365 regulam
425 1345 432 1352 .
473 1319 517 1353 Et
537 1331 581 1353 ex
602 1317 664 1353 hac
687 1317 729 1354 de
750 1320 894 1364 quodam
908 1318 1134 1356 carthusiensi

251 1368 451 1410 Monacho,
477 1379 532 1412 per
551 1369 663 1404 nescio
683 1380 782 1413 quem
804 1370 935 1404 occulta
955 1378 1056 1409 tunc,
1083 1366 1136 1403 sed

251 1419 364 1463 postea
390 1418 511 1453 detesta
536 1419 686 1453 Simonia
723 1418 887 1462 leprosum
935 1419 1136 1463 Episcopum

251 1471 441 1504 consecrato
452 1469 487 1502 in
499 1467 742 1502 Subdiaconum
754 1492 764 1509 ,
791 1466 929 1514 ideoque
942 1469 976 1502 in
991 1470 1137 1511 suscepto

252 1518 356 1563 gradu
369 1517 570 1560 ministrare,
596 1517 679 1552 &ad
693 1517 808 1563 altiora
828 1528 883 1563 per
908 1518 1048 1554 eundem
1060 1518 1136 1560 Epi-

253 1568 389 1612 scopum
410 1568 596 1612 promoveri
622 1562 936 1610 formidante',‘'„ad
962 1566 1137 1602 Cathedra·

251 1618 317 1652 lem
344 1618 625 1661 Cantuarjenfium
652 1615 898 1654 Monachorum
925 1618 1073 1655 Priorem
1094 1629 1138 1653 re-

249 1669 373 1712 scripsit
410 1668 495 1711 apud
532 1667 731 1712 Gregorium
754 1680 883 1705 nonum
924 1669 1138 1705 Innocentius

207 1734 216 1745 ⁴
248 1719 385 1754 tertius:
411 1718 631 1762 Respondemus
655 1727 689 1751 ut
710 1724 743 1755 in
755 1720 866 1753 Ordine
885 1718 926 1759 fic
937 1717 1073 1763 sufhepto
1087 1724 1139 1752 mi-

252 1769 377 1810 nistret,
399 1767 455 1812 sed
465 1778 566 1803 contra
588 1767 796 1810 conscientiam
816 1771 861 1802 ad
864 1768 1032 1813 superiores
1054 1770 1140 1802 Ordi-

254 1831 309 1854 nes
331 1831 388 1852 non
408 1817 567 1862 ascendat,
592 1830 630 1852 ne
641 1818 724 1859 forte*
745 1819 865 1860 aedificet
885 1820 932 1852 ad
946 1819 1138 1864 gebennam.

257 1872 341 1904 Licet
349 1881 388 1903 ex
398 1881 429 1904 eo
440 1894 452 1910 ,
477 1869 557 1912 quod
574 1867 774 1911 conscientiam
795 1868 930 1903 babuerit
951 1874 1039 1903 nimis
1062 1867 1140 1912 scru-

250 1917 387 1962 pulosam
423 1943 435 1959 ,
460 1924 493 1951 in
511 1920 714 1961 difficultatem
732 1917 899 1962 hujusmodi
911 1919 951 1960 fit
973 1917 1116 1961 collapsas
1130 1942 1139 1957 ,

253 1980 346 2012 quam
356 1974 455 2011 utique
465 1979 522 2001 non
533 1971 646 2003 evadet
653 1992 664 2008 ‚
691 1968 881 2011 nilide-ponat
890 1980 1015 2002 errorem
1028 1993 1035 1999 .
1063 1967 1140 2002 Res-

253 2018 379 2063 pondet
405 2020 439 2055 δε
461 2020 644 2062 succeptum
656 2018 819 2053 Ordinem
836 2021 898 2054 effe
929 2018 1139 2063 legitimum,

249 2070 287 2103 ἃ
297 2068 380 2103 alios
392 2068 521 2112 insuper
532 2068 573 2104 ab
586 2069 703 2103 eodem
716 2068 878 2113 Episcopo
889 2093 900 2109 ,
928 2068 1002 2112 post
1013 2066 1138 2112 deposi-

253 2130 323 2153 tam
344 2130 456 2154 tamen
481 2118 668 2162 scrupulose
694 2129 855 2154 errantem
875 2118 1114 2154 conscientiam
1128 2141 1139 2158 ‚

256 2169 344 2211 posse
354 2169 485 2212 suscipi:
514 2169 686 2216 Quoniam
708 2180 749 2203 ex
764 2169 894 2203 laudato
907 2167 1043 2204 Urbani
1060 2166 1138 2201 Edi·

254 2220 309 2250 cto
334 2219 447 2262 suscipi
472 2219 602 2262 possunt
624 2220 642 2253 a
666 2220 782 2263 quovis
804 2220 967 2262 Episcopo
982 2242 993 2259 ,
1018 2217 1076 2261 qui
1100 2217 1134 2251 in

256 2266 401 2301 Ecciefia
410 2269 516 2302 sedeat
524 2269 574 2303 uti
586 2266 779 2303 Catholicus
789 2293 798 2308 ,
825 2269 859 2303 &
874 2277 970 2312 quern
984 2277 1019 2302 tu
1030 2267 1133 2302 Simo-

255 2318 388 2350 niacum
413 2317 561 2362 ignores.
588 2317 732 2351 Notoria
753 2328 808 2353 aut
830 2316 925 2360 plene
940 2316 1073 2360 probata
1084 2316 1135 2351 de-

253 2364 403 2400 beateffe
414 2366 575 2410 ejuslepra
590 2391 600 2406 ,
626 2367 671 2401 ob
683 2367 784 2401 solam
795 2368 913 2401 malam
937 2369 1059 2402 famam
1085 2378 1137 2401 ne-

253 2427 353 2459 queas
375 2416 537 2460 Episcopo
552 2427 623 2450 ·tuo
647 2415 828 2451 subtrahere
854 2416 1017 2451 honorem
1043 2417 1137 2451 istius

252 2465 517 2501 communionis.
545 2465 677 2499 Etenim
700 2467 780 2502 dum
794 2467 1057 2502 Simoniacorum
1083 2468 1136 2501 Sa-

254 2526 421 2550 cramenta
431 2516 550 2559 percipi
560 2516 663 2550 vetuit
672 2518 771 2550 etiam
780 2516 958 2561 Gregorius
968 2518 1136 2562 septimu5‚

257 2565 424 2600 intellexit
435 2565 476 2599 de
490 2565 564 2600 solis
574 2566 732 2600 convictis
756 2576 813 2601 aut
825 2567 1023 2601 manifestis.
1053 2567 1135 2614 Qiae

257 2616 366 2660 regula
377 2616 525 2650 obtinere
552 2615 806 2659 quammaxime
827 2617 925 2661 coepit
946 2617 1016 2660 post
1032 2617 1136 2660 Syno-

256 2661 338 2696 dum
345 2666 556 2700 Bafileensern
566 2690 576 2706 ,
589 2677 658 2710 quae
671 2666 803 2701 nullum
818 2690 829 2707 ‚
854 2678 994 2711 excepto
1011 2667 1135 2701 Clerici

260 2714 393 2746 notorio
405 2717 600 2757 percussore,
628 2717 951 2751 excommunicatum
973 2715 1137 2752 vitarivo-

262 2761 327 2795 luit
354 2761 410 2795 nisi
424 2765 490 2805 post
503 2766 745 2801 declaratoriam
769 2767 891 2810 Judicis
916 2767 1134 2801 sententiam.

259 2809 394 2845 Exinde
404 2810 422 2844 ὲ
433 2815 557 2848 notorie
570 2816 667 2850 etiam
682 2817 870 2851 Simoniaco
894 2817 1058 2861 Episcopo
1081 2829 1136 2860 po·

258 2861 383 2895 ruimus
393 2861 456 2894 sine
467 2865 608 2907 contagii
622 2866 765 2908 periculo
787 2867 827 2901 ad
842 2868 972 2910 quosvis
994 2867 1138 2901 Ordines

257 2910 439 2944 consecrari
457 2935 463 2941 .
492 2911 534 2944 Et
547 2910 622 2946 hinc
633 2915 671 2949 de
687 2918 779 2950 tertia
792 2917 984 2951 Simoniacae
995 2917 1137 2952 Ordina-

260 2960 364 2994 tionis
380 2960 482 3003 specie
494 2960 616 2994 nullam
628 2965 744 3000 merito
755 2967 958 3001 mentionem
968 2966 1046 3001 fecit
1057 2966 1138 3001 Pau-

263 3010 312 3044 lus
322 3009 478 3044 secundus
493 3035 500 3042 .
527 3010 666 3045 Nullam
678 3013 756 3049 item
768 3018 894 3051 faciunt
907 3016 1028 3051 Canon
1040 3015 1137 3051 Chal-

259 3057 448 3093 cedonenfis
461 3085 471 3101 ‚
488 3059 621 3095 Sandius
631 3061 814 3099 Patriarcha
824 3066 1019 3101 Gennadius
1029 3091 1041 3106 ,
1056 3066 1139 3102 Gre-

262 3108 375 3153 gorius
385 3110 551 3154 Magnus,
578 3122 633 3144 aut
653 3111 708 3144 alii
730 3114 856 3156 antiqui
879 3116 1032 3150 Simoniae
1054 3117 1138 3152 Inse-

260 3161 411 3193 Liatores.
441 3160 522 3194 Non
533 3160 622 3195 enim
635 3160 678 3194 est
692 3173 762 3195 vera
774 3163 919 3199 Simonia
929 3190 940 3205 ,
967 3166 1021 3200 sed
1046 3166 1139 3200 dum-

264 3219 355 3243 taxat
365 3220 407 3242 ex
417 3209 484 3253 ipsa
497 3212 697 3244 contrastum
709 3212 827 3245 vitium
839 3236 849 3252 ,
876 3214 965 3255 quod
983 3215 1138 3250 Clemens

264 3257 446 3299 secundus,
472 3259 542 3293 Leo
563 3271 690 3301 nonus,
716 3262 750 3295 &
777 3262 919 3305 ipsorum
939 3263 1137 3300 Succeffores

263 3309 391 3344 cunetis
399 3308 555 3343 Simoniae
565 3311 667 3353 poenis
678 3310 723 3345 ob
736 3312 866 3346 suorum
885 3321 1069 3357 temporum
1089 3326 1136 3350 ra-

263 3360 375 3395 tiones
394 3360 591 3407 puniverunt
603 3385 610 3392 .

317 3410 361 3444 Et
384 3408 472 3445 hisce
497 3410 665 3454 principiis
687 3411 838 3448 innititur
859 3413 957 3448 etiam
969 3411 1137 3450 laudatum

370 3460 475 3501 christ.
482 3463 559 3504 Lupi
569 3465 651 3503 oper.
656 3464 781 3496 TomJV
779 3487 786 3494 .

1906 146 1995 189 11-3,

1194 215 1348 251 Edictum
1370 216 1506 250 Nicolai
1527 215 1659 250 secundi
1686 216 1718 250 &
1743 215 1897 261 Gregorii
1917 215 2070 259 septimi,

1194 277 1262 310 quo
1275 278 1345 300 non
1357 266 1501 301 solorum
1513 265 1642 310 publice
1661 265 1912 310 conjugatorum
1922 288 1934 306 ‚
1958 265 2012 300 sed
2031 266 2072 310 b&

1193 316 1352 359 ejusmodi
1378 317 1638 351 Simoniacorum
1659 314 1897 358 Episcoporum
1923 317 1957 350 δε
1971 314 2073 350 Cleri-

1194 376 1309 399 corum
1326 366 1562 400 interdixerunt
1573 365 1677 400 audiri
1689 365 1804 400 Miffas
1816 376 1871 398 aut
1885 367 1948 400 alia
1959 365 2074 400 divina

1193 415 1331 456 Officia,
1359 415 1393 449 δε
1415 416 1532 460 quaevis
1558 416 1599 450 ab
1625 415 1694 449 illis>
1710 416 1830 458 percipi
1840 415 2051 450 *Sacramenta
2066 438 2076 448 .

1193 466 1305 513 Quam
1317 464 1480 500 hostiliter
1491 466 1677 509 Sigebertus
1690 464 1931 500 Gemblacenfis
1943 488 1954 504 ,
1972 465 2005 497 δε
2016 464 2075 498 alii

1195 515 1332 550 Henrici
1342 517 1448 557 quarti
1460 516 1667 557 Imperatoris
1678 517 1821 550 fautores
1833 516 1895 549 sint
1912 513 2071 558 persecuti

1195 566 1421 600 sanstiffimum
1447 565 1647 604 Decretum,
1674 565 1719 598 est
1755 565 1848 608 supra
1873 565 2074 608 expositum.

1193 617 1301 659 Ipsum
1322 617 1356 649 in
1370 614 1486 649 litteris
1497 612 1537 647 ad
1547 614 1690 648 Lucium
1712 616 1822 649 Sancti
1851 613 1999 658 Iuventii
2017 612 2079 646 Pa-

1195 666 1307 708 piensis
1320 664 1531 708 Praepofitum
1554 663 1723 708 insigniter
1745 663 1892 699 defendit
1912 663 2080 698 Succeffor

1196 715 1355 750 Urbanus
1373 715 1554 750 secundus.-
1581 713 1738 756 Deceffores
1764 713 1851 754 nostri
1871 718 2017 748 Nicotaus
2045 714 2080 748 (9
2099 708 2204 745 epm,

1194 767 1383 809 Gregoriusa
1395 766 1483 805 Miffls
1504 765 1692 802 Sacer-dotum
1703 786 1714 802 ‚
1739 775 1811 806 quos
1842 765 2018 797 simoniacos
2038 774 2082 797 re-.-

1195 827 1268 849 vera
1278 816 1331 859 offe
1340 815 1528 855 constiterat,
1556 814 1678 847 Fideles
1700 812 1841 853 abstinere
1864 814 2082 853 decreverunt,

1194 867 1227 900 ὡ·
1238 875 1272 899 ut
1278 866 1420 908 peccandi
1431 867 1582 899 licentiam
1591 869 1708 898 caeteris
1725 863 1880 905 auferrent
1891 887 1902 903 ,
1928 864 1962 896 ὁ·
1983 862 2082 905 hujus-

1194 917 1324 950 modiad
1332 917 1435 959 dignae
1443 921 1630 957 poenitentiae
1647 916 1781 948 lamenta
1801 921 1974 948 revocarent
1989 938 1997 944 .
2023 912 2083 946 Ec·

1194 966 1321 1000 clefiam
1346 966 1380 1000 &
1388 965 1520 1010 plebem
1533 967 1621 1000 suam
1634 977 1689 1008 per
1699 965 1838 999 crimina
1849 962 2085 1002 scandalizanti

1196 1016 1360 1060 Episcopo
1388 1026 1445 1050 aut
1460 1016 1591 1050 Clerico
1618 1026 1754 1050 omnem
1776 1013 1907 1058 penitus
1935 1024 2085 1048 commu-

1198 1068 1331 1101 nionem
1357 1067 1390 1100 &
1402 1065 1627 1101 obedientiam
1649 1065 1667 1098 a
1679 1065 1817 1100 subditis
1832 1062 1979 1099 subtrahi
1998 1062 2086 1106 juffit

1196 1116 1326 1158 antiqua
1337 1115 1473 1150 Parrum
1483 1116 1680 1160 disciplina;
1707 1127 1776 1151 non
1806 1115 1865 1148 nifi
1888 1113 1930 1149 ad
1954 1112 2086 1156 Synodi

1196 1176 1251 1201 aut
1261 1166 1394 1201 alterius
1406 1166 1585 1210 Superioris
1599 1166 1796 1200 sententiam
1807 1164 1998 1208 judicialem
2015 1161 2087 1196 fieri

1197 1216 1364 1251 moderata
1376 1217 1422 1250 est
1435 1229 1478 1251 ex
1488 1215 1590 1251 caufis
1601 1215 1756 1259 synodus
1779 1217 1893 1250 ostava
1907 1238 1914 1245 -
1943 1212 2088 1259 Quocir-

1197 1278 1234 1300 ca
1245 1267 1323 1303 dum
1338 1266 1442 1300 solam
1455 1266 1489 1300 in
1505 1266 1625 1301 divinis
1636 1266 1923 1300 Communionem
1941 1252 2089 1298 subtrahi

1198 1316 1383 1361 conjugatis
1410 1316 1654 1351 &Simoniacis
1665 1315 1894 1350 Sacerdotibus
1921 1326 1959 1348 ac
1984 1312 2091 1346 Cleri-

1197 1366 1244 1400 cis
1268 1367 1466 1401 mandarunt
1488 1366 1650 1401 Nicolaus
1662 1363 1823 1400 secundus
1848 1365 1883 1399 δε
1907 1362 2090 1408 Gregorius

1199 1417 1352 1459 septimus
1364 1442 1376 1457 ‚
1404 1415 1529 1450 nullam
1542 1417 1728 1450 novitatem
1753 1413 1952 1451 induxerunt
1973 1414 2010 1446 in
2024 1412 2090 1445 Ec-

1198 1466 1324 1500 clesiam
1338 1491 1349 1507 ‚
1377 1465 1531 1510 quinimo
1543 1464 1739 1509 antiquum,
1767 1464 1825 1508 qui
1844 1464 1942 1497 etiam
1962 1462 1996 1496 in
2010 1461 2090 1495 civi.

1200 1516 1285 1550 libus
1296 1515 1569 1550 communionem
1594 1514 1745 1553 vetabat,
1770 1514 1912 1558 rigorem
1934 1522 2092 1555 tempera-

1201 1575 1276 1606 runt
1288 1592 1295 1599 .
1325 1565 1369 1599 Et
1380 1565 1504 1599 multos
1513 1564 1645 1605 Fideles
1656 1564 1740 1598 olim
1754 1564 1808 1597 sua
1822 1564 1940 1607 sponte
1950 1562 2092 1596 noluiffe

1199 1615 1302 1651 adess‘e
1315 1614 1475 1658 ,ejusmodi
1487 1614 1700 1651 sacerdotum
1713 1613 1891 1653 Miffis,aut
1902 1613 2092 1647 Sacramen-

1201 1668 1243 1702 tis
1255 1689 1266 1705 ‚
1288 1665 1379 1709 supra
1389 1665 1575 1700 audivimus
1588 1665 1630 1699 ab
1641 1664 1764 1699 lfidoro
1775 1663 1937 1698 Pelusiota
1950 1688 1957 1695 .
1985 1661 2090 1709 Qod

1203 1717 1306 1760 ipsum
1316 1716 1352 1750 in
1368 1716 1470 1760 prima
1487 1716 1543 1750 sua
1553 1714 1744 1756 Pictaviensi
1757 1713 1895 1756 Synodo
1908 1713 2091 1747 statuerunt

1203 1768 1344 1810 Ioannes
1369 1766 1404 1800 &
1425 1765 1620 1803 Benedidius
1646 1790 1658 1806 ,
1684 1762 1850 1799 Paschalis
1876 1762 2008 1797 secundi
2035 1774 2091 1805 per

1204 1816 1348 1851 Galliam
1359 1814 1553 1850 Cardinales
1565 1815 1703 1860 Legati:
1730 1817 1917 1857 ,Quicumque
1927 1813 2093 1846 sacerdotis

1198 1874 1253 1909 per
1258 1872 1417 1909 pecuniam
1436 1866 1579 1899 Ordinari
1594 1865 1713 1908 Miffam
1720 1863 1847 1907 scientes
1868 1865 2022 1897 audierint
2042 1873 2094 1896 ex-

1201 1921 1453 1950 communicationi
1466 1915 1618 1958 subjacere
1641 1913 1771 1949 debeant
1785 1939 1792 1946 .
1819 1914 1903 1960 Qge
1926 1912 2094 1947 saluberri-

1203 1978 1254 2000 ma
1266 1966 1437 2009 disciplina
1451 1965 1578 2001 videtur
1596 1964 1699 1999 modo
1721 1964 1831 2008 abjiffe
1849 1964 1885 1997 in
1903 1962 2095 1998 dissuetudi-

1203 2027 1279 2050 nem
1292 2039 1304 2056 ,
1327 2015 1460 2051 reducta
1472 2015 1515 2052 ad
1526 2015 1619 2061 supra
1631 2023 1834 2050 memoratos
1849 2014 2006 2049 terminos
2026 2013 2093 2046 De-

1201 2066 1280 2101 creti
1292 2065 1492 2100 Bafiieenfis.

1250 2115 1336 2151 Dixi
1360 2114 1548 2154 Simoniace
1568 2116 1769 2152 ordinatum
1792 2115 1876 2149 olim
1900 2113 1994 2148 fuisse
2018 2113 2090 2157 ipso

1200 2165 1536 2210 fastodegradatum‚
1561 2168 1596 2201 &
1615 2167 1695 2200 citra
1717 2175 1852 2199 omnem
1876 2163 2001 2208 Judicis
2023 2164 2093 2197 sen-

1198 2215 1338 2250 tentiam
1360 2214 1544 2260 obligatum
1576 2216 1618 2250 ad
1649 2214 1884 2259 deponendum
1905 2213 2090 2249 Ordinem.

1200 2267 1276 2314 Qia
1287 2276 1382 2309 poena
1395 2275 1510 2310 putant
1523 2265 1659 2310 quidam
1670 2265 1854 2299 adstriiiurn
1872 2264 1966 2297 fuisse
1981 2263 2090 2307 ipsum

1200 2318 1301 2351 etiam
1312 2315 1534 2351 ordinantem
1545 2339 1552 2348 .
1582 2316 1656 2359 Ego
1669 2314 1725 2349 hic
1736 2316 1852 2349 haereo.
1880 2315 2016 2348 Etenim
2027 2313 2091 2347 Ca-

1201 2378 1268 2400 non
1288 2365 1567 2400 Chalcedonensis
1579 2390 1588 2405 ,
1601 2365 1641 2399 de
1655 2365 1821 2399 Ordinato
1831 2363 1944 2399 dicens
1959 2389 1970 2404 ,
1996 2362 2091 2403 Nihil

1198 2428 1235 2450 ex
1248 2415 1303 2449 hac
1313 2417 1511 2449 ordinatione
1515 2423 1572 2458 pro
1571 2415 1655 2457 ficiat
1666 2441 1676 2455 ‚
1698 2414 1796 2458 sedfit
1807 2416 1924 2448 alienus
1948 2417 1968 2445 ἂ
1991 2415 2091 2458 digni-

1199 2474 1260 2501 tate
1273 2490 1283 2506 ,
1310 2477 1401 2508 quam
1408 2470 1544 2508 pecuniis
1565 2465 1716 2507 acquifivit
1728 2488 1739 2505 ,
1764 2465 1846 2499 dicit
1860 2465 1900 2499 de
1918 2463 2089 2497 Ordinan-

1200 2526 1231 2549 te
1246 2529 1253 2547 :
1280 2518 1399 2558 Proprii
1405 2517 1522 2560 gradus
1530 2517 1657 2558 periculo
1665 2513 1830 2558 subjacebit
1841 2539 1849 2546 .
1876 2515 1961 2562 Qae
1992 2513 2089 2548 verba

1198 2565 1350 2600 videntur
1359 2565 1626 2611 degradationem
1641 2575 1709 2599 non
1724 2564 1894 2610 infligere,
1922 2562 1975 2598 sed
1995 2564 2089 2598 dum·

1198 2624 1290 2651 taxat
1319 2615 1428 2659 jubere
1462 2615 1679 2661 infligendam
1707 2642 1714 2648 .
1760 2615 1803 2648 Et
1831 2615 1876 2649 ita
1904 2614 2087 2658 loquuntur

1200 2666 1305 2711 plures
1318 2665 1446 2709 antiqui
1457 2665 1613 2701 Canones
1623 2692 1630 2699 .
1658 2666 1741 2700 Sunt
1752 2675 1862 2700 tamen
1888 2665 1921 2698 δε
1934 2665 1990 2697 alii
2004 2688 2013 2704 ,
2027 2664 2087 2706 qui

1198 2715 1314 2750 eodem
1328 2725 1442 2751 tenore
1453 2716 1494 2750 de
1507 2715 1750 2750 ordinantibus
1762 2715 1944 2759 loquuntur
1970 2714 2003 2746 &
2022 2714 2086 2746 Or-

1198 2766 1318 2800 dinatis
1337 2791 1345 2799 .
1371 2766 1415 2800 Et
1428 2765 1572 2800 Novella
1585 2766 1758 2809 Iustiniani
1775 2764 1916 2809 Augusti
1940 2763 1980 2797 ad
2006 2763 2086 2805 Epi-

1199 2815 1358 2860 phaniutn
1412 2814 1635 2850 Patriarcham
1670 2813 2084 2857 Constantinopolitanum

1200 2867 1252 2900 lex
1283 2865 1330 2901 ait
1362 2865 1404 2901 de
1424 2875 1579 2909 promoto
1602 2877 1656 2909 per
1681 2866 1867 2901 Simoniam
1893 2864 2082 2906 Episcopo:
2101 2878 2174 2917 Lege
2183 2881 2215 2910 ὡ.

1197 2919 1217 2950 5
1219 2921 1276 2950 ciat
1285 2916 1318 2960 se
1346 2918 1381 2951 ὁ·
1392 2916 1430 2949 ab
1441 2915 1619 2960 Episcopatu
1630 2915 1767 2958 casurum
1778 2939 1789 2954 ,
1814 2917 1848 2948 ὦ·
1860 2914 1910 2946 hoc
1923 2923 2029 2945 munus
2039 2924 2085 2947 re,-
2100 2926 2163 2957 cap.
2173 2929 2198 2950 1.

1197 2967 1379 3000 tributurum
1389 2967 1552 2999 ordinanti
1565 2991 1574 3006 ,
1602 2975 1636 2999 ut
1647 2968 1681 2999 (5
1693 2967 1740 2998 ille
1753 2963 1969 3007 Episcopatum
1992 2968 2082 2995 amit-

1198 3026 1246 3050 tat
1256 3040 1267 3056 ,
1293 3019 1327 3051 δ’
1337 3019 1357 3049 ἃ
1367 3018 1451 3050 Clero
1461 3019 1551 3050 cadat
1564 3040 1574 3056 ,
1602 3018 1637 3048 (δ’
1646 3021 1763 3056 utrique
1783 3011 1873 3055 causa
1904 3013 1992 3046 talem
2003 3020 2080 3053 prae-

1192 3066 1248 3106 stet
1267 3066 1508 3105 retributionem,
1536 3074 1570 3098 ut
1591 3064 1639 3096 hic
1665 3064 1782 3105 quidem
1804 3074 1862 3096 non
1893 3061 2080 3105 adipiscatur

1198 3127 1264 3158 quae
1270 3113 1416 3158 sperabat
1433 3139 1444 3155 ‚
1454 3117 1503 3148 ille
1517 3123 1618 3147 autem
1629 3118 1719 3145 etiam
1730 3124 1798 3156 quae
1808 3111 1936 3145 babebat
1946 3119 2078 3146 amittat.

1201 3165 1327 3200 Eodem
1339 3164 1380 3198 de
1391 3163 1552 3198 ambobus
1561 3161 1663 3196 modo
1678 3162 1789 3197 statuit
1800 3165 1900 3196 etiam
1912 3162 2004 3206 supra
2025 3163 2080 3197 ad-

1198 3215 1309 3250 duetus
1322 3214 1440 3248 Canon
1453 3211 1691 3256 Apostolorum
1704 3238 1711 3245 .
1740 3213 1784 3246 Et
1805 3213 1966 3256 Ioannem
1978 3213 2078 3247 unde-

1198 3265 1321 3300 cimum
1348 3263 1546 3297 Pontificem
1565 3287 1577 3304 ,
1602 3262 1692 3306 quod
1716 3261 1927 3308 Episcoporum
1952 3265 2079 3295 Ordina-

1199 3321 1289 3349 tiones
1309 3318 1404 3356 pretio
1421 3313 1534 3356 fecisset
1557 3336 1567 3351 ,
1600 3314 1618 3346 a
1644 3312 1797 3347 Romana
1821 3313 1959 3356 synodo
1985 3314 2078 3346 fuisse
2097 3323 2157 3353 μς,
2174 3332 2230 3358 C·⁷·

1198 3365 1333 3408 ejeiium
1358 3363 1468 3403 scribit
1488 3362 1708 3406 Luitprandus
1733 3363 1903 3397 Diaconus
1919 3363 2079 3396 Ticinen·

1200 3415 1239 3449 fis
1263 3440 1273 3448 ,
1307 3412 1506 3449 Pontificem
1532 3424 1739 3460 nequaqnam
1772 3413 1957 3457 degradaffe
1991 3409 2078 3444 vide.-

1695 3463 1723 3498 P
1976 3469 2029 3495 tur
