2352 3736
154 577 238 615 Fol·4
245 587 267 616 ι,

157 623 217 651 1ιό,

140 1649 176 1688 522
184 1649 269 1694 &Ep

140 1699 195 1727 ιιι

401 133 494 165 102

326 214 395 239 nem
421 210 553 246 cuiquam
573 198 702 242 conferre
714 225 725 241 ,
748 200 900 242 adstruens
913 208 977 231 tam
1003 205 1094 230 extra
1115 208 1202 239 quam

327 259 409 287 intra
420 252 601 286 Catholicam
613 249 766 291 Ecclesiam
782 250 844 283 haec
854 254 951 281 omnia
972 256 1043 279 rata
1070 249 1104 280 Θ
1129 258 1204 280 vera

326 303 466 343 existere,
491 299 677 344 adsumitque
687 306 719 333 in
729 300 918 340 testimonium
938 294 1114 339 adsertionis
1136 296 1203 340 suae

330 351 477 396 Augustini
496 349 677 395 sententiam
692 356 725 382 in
743 349 869 390 quodam
891 346 1078 381 Trac‘latuin
1096 349 1204 380 Evan-

322 403 432 456 gelium
445 404 585 447 Joannis
605 408 706 433 contra
726 397 929 437 rebaptizatos
954 398 1033 430 edito
1055 422 1062 429 .
1099 399 1203 440 ,Quam

327 453 362 485 (Ὗ
384 463 435 485 nos
461 451 590 494 fideliter
609 444 814 488 amplectentes
828 445 1036 488 respondemus
1049 446 1098 479 boc
1108 450 1206 491 Augu-

320 500 432 541 stinum
453 503 489 534 de
507 499 585 543 solo,
611 497 690 530 und?
713 505 784 530 tunc
802 496 944 540 agebatur
958 520 968 537 ,
995 495 1143 539 Baptismi
1161 498 1205 529 dt·-

320 547 397 594 ‘scffi
416 553 616 583 sacramento.
645 546 761 580 Exstat
782 546 1001 591 fragmentum
1027 546 1092 580 hoc
1117 547 1201 589 apud

324 599 522 635 Veneticum
549 594 786 630 Vercellensem
814 596 1013 640 Episcopum
1051 597 1084 629 in
1116 595 1200 635 libro

325 649 365 683 de
383 649 508 681 unitate
522 645 687 680 Ecclefiae.
715 645 984 680 Reordinationis
1006 657 1094 681 error
1116 645 1199 681 adeo

325 709 402 733 tunc
426 698 622 735 inoleverat,
649 705 685 730 ut
698 695 1082 743 Anti-PapaeWigberti
1108 695 1199 732 Hen-

322 748 444 787 siciana
455 749 552 782 fastio
563 747 603 780 de
616 747 685 790 ipso
697 756 801 780 totam
822 749 982 781 accusaret
999 748 1173 782 Ecclesiam
1188 771 1198 787 ‚

321 799 421 842 ipsam
434 796 474 831 ab
485 797 577 831 avito
602 807 657 840 per
668 796 819 831 Sanstum
832 796 1054 842 Augustinum
1078 796 1198 832 tradito

321 849 477 893 dogmate
497 846 686 890 apostatasse
709 846 829 881 diceret
847 872 858 888 ‚
886 848 1027 891 ideoque
1049 847 1198 882 Catholi-

319 910 392 933 cam
405 897 687 932 Communionem
701 908 768 931 non
778 898 842 931 effe
859 898 998 942 amplius
1023 899 1107 941 apud
1121 897 1198 931 Gre-

319 949 452 994 gorium
472 949 644 991 septimum
663 970 674 986 ‚
708 947 761 981 sed
786 947 827 981 ad
850 947 912 982 sese
934 948 1089 982 tranfiiffe
1110 973 1117 980 .
1155 947 1196 980 Et

319 997 409 1034 aliud
420 1008 575 1040 reponere
589 997 700 1031 nesciit
714 998 771 1031 iste
786 996 961 1043 Apologus
971 1023 981 1039 ‚
999 1009 1095 1042 quam
1108 997 1195 1041 quod

319 1049 527 1093 Augustinus
540 1058 605 1082 non
627 1046 668 1081 de
678 1048 802 1081 cunstis
823 1048 1061 1088 Sam-amentis,
1088 1047 1142 1081 sed
1154 1046 1193 1080 de

318 1098 391 1132 solo
404 1097 569 1141 Baptismo
591 1096 762 1131 adversum
773 1097 966 1132 Donatistas
988 1097 1195 1141 disputasset.

318 1147 485 1194 roirca
507 1160 547 1182 ex
566 1147 635 1181 illis
657 1171 668 1188 ,
694 1148 750 1191 qui
771 1149 976 1183 Sacramenta
1000 1148 1058 1181 ista
1078 1172 1090 1188 ,
1128 1157 1196 1179 non

318 1209 378 1241 pro
399 1197 507 1232 dubiis
529 1223 540 1239 ,
566 1196 620 1233 sed
642 1209 699 1241 pro
720 1197 809 1232 certo
833 1198 933 1232 nullis
956 1197 1078 1232 habent
1099 1220 1111 1237 ‚
1137 1196 1198 1229 fuit

318 1247 374 1281 hic
389 1247 581 1292 Apologus,
603 1247 743 1291 ideoque
754 1248 841 1282 disto
853 1247 1019 1282 Venerico
1030 1271 1041 1287 ,
1059 1247 1091 1280 &
1104 1247 1195 1280 omni

320 1297 534 1342 Wigbertinae
543 1298 678 1331 fastioni
691 1297 781 1330 dedit
794 1297 1024 1340 amplissimum
1045 1307 1196 1339 campum

321 1347 506 1383 accusandae
515 1347 619 1380 totius
633 1345 796 1379 Ecclefiae.
825 1346 980 1380 Haeretici
994 1346 1084 1380 enim
1098 1356 1193 1390 atque

318 1396 524 1431 Schismatici
545 1397 784 1430 consueverunt
805 1396 996 1440 &gaudent
1019 1407 1196 1440 paucorum

318 1446 444 1490 lapsum
464 1446 609 1480 derivare
628 1446 663 1479 in
674 1457 810 1486 omnes,
836 1456 933 1487 atque
957 1446 998 1480 de
1011 1447 1071 1482 illo
1092 1456 1196 1482 totam

318 1494 497 1533 Ecclesiam
509 1495 664 1530 infamare
673 1517 683 1528 .

369 1546 448 1580 Hoc
470 1546 597 1580 interim
621 1545 656 1579 in
676 1557 782 1581 errore
803 1547 1044 1591 pertinacissimi
1065 1548 1195 1582 fuerunt

316 1596 455 1641 quidam
476 1596 657 1631 Florentini
680 1595 863 1637 Monachi,
889 1598 929 1632 de
951 1597 1065 1640 quibus
1086 1597 1195 1631 scribit

318 1647 438 1681 Petrus
449 1646 628 1681 Damiani:
657 1650 769 1680 Dicunt
780 1652 850 1690 quia
870 1649 1073 1680 asimoniacis
1097 1650 1196 1679 sacer-

321 1697 439 1731 dotibus
461 1708 513 1730 nec
526 1695 664 1739 chrisma
688 1696 806 1738 confici,
833 1708 884 1730 nec
906 1696 1031 1737 Ecclesia
1042 1697 1194 1736 dedicari,

318 1757 371 1781 nec
390 1749 546 1779 clericalia
561 1748 636 1788 jura
657 1745 803 1787 conferri,
829 1757 879 1779 nec
898 1746 1048 1788 Missurum
1075 1746 1134 1778 ullo
1144 1757 1196 1778 un-

320 1807 410 1840 quam
423 1803 551 1838 tempore
562 1804 722 1839 potuerunt
727 1795 870 1839 solemnia
891 1796 1048 1829 celebrari.
1076 1799 1107 1827 Ε
1109 1804 1123 1827 t
1133 1804 1196 1827 tam

322 1846 386 1879 baec
397 1848 586 1888 impudenter
605 1847 736 1888 allegant
749 1871 758 1885 ‚
785 1855 818 1878 ut
828 1857 908 1878 anno
927 1854 983 1877 toto
1006 1846 1197 1886 compulerint

321 1902 355 1929 in
366 1896 463 1928 tribus
472 1896 610 1937 plebibus
625 1894 687 1936 fine
697 1894 889 1938 conspersione
910 1893 1092 1938 chrismatis
1115 1904 1193 1928 cate-

320 1945 475 1980 chumenos
494 1946 663 1987 baptizari.
692 1945 823 1979 Acriter
843 1955 1020 1990 exaggerat
1045 1945 1139 1978 istam
1153 1956 1197 1978 te-

322 1997 504 2031 meritatem
518 2020 528 2036 ‚
545 1996 577 2028 &
590 1997 714 2039 pergit:
741 1996 853 2028 Eidem
863 1993 931 2035 ipfi,
946 1994 1196 2038 quiBaptismum

315 2046 378 2088 fine
390 2044 560 2088 chrismate
566 2045 635 2087 fieri
646 2046 801 2077 docuerunt
814 2070 824 2085 ,
848 2044 945 2081 adbuc
955 2046 1116 2077 adversum
1126 2056 1172 2076 eos
1185 2069 1195 2084 ‚

323 2101 375 2138 qui
393 2104 465 2128 ante
482 2097 624 2133 synodum
629 2100 729 2138 gratis
735 2096 811 2137 sunt
830 2096 850 2126 ἃ
862 2097 1032 2127 simoniacis
1044 2095 1197 2131 ordinati,

318 2144 446 2189 sufflant
458 2170 468 2185 ,
493 2156 538 2178 eos
559 2156 623 2178 cum
639 2142 705 2186 suis
723 2145 952 2177 Ordinatoribus
974 2145 1025 2186 effe
1048 2143 1213 2188 haereticosf

598 115 872 162 SECUNDA
908 115 1294 162 PRoostns
1337 112 1761 176 Druentia-rm,

1264 199 1419 232 dedicatas
1439 198 1479 231 ab
1490 201 1622 243 indignis
1643 202 1732 246 nescio
1743 202 1847 247 quibus
1869 203 2025 249 Epifiopis
2043 204 2139 251 suspi-

1263 257 1369 282 cantur
1380 274 1387 281 .

1313 298 1559 333 Donatistarum
1581 299 1891 339 acMeffalianorum
1912 306 2139 342 resuscitarunt

1262 358 1400 383 errorem
1414 374 1425 390 ‚
1452 351 1693 393 posueruntque
1713 351 1925 390 fundamenta
1948 356 2042 390 variae
2051 358 2138 400 post·
2153 360 2189 390 A.
2204 362 2287 394 1²46·

1264 398 1399 432 modum
1420 398 1581 441 stultitiae,
1607 399 1647 434 de
1657 412 1719 443 qua
1746 401 1917 439 Matthoeus
1929 404 2132 441 Parifienfis:

1264 448 1375 482 Diebus
1385 450 1445 483 illis
1456 452 1579 493 quidam
1589 475 1600 492 ,
1625 450 1710 493 quafi
1725 450 1846 489 honesiae
1857 458 1944 488 vieo.
1951 468 1986 489 ac
2002 454 2138 499 scientia

1263 496 1396 532 habitum
1415 501 1450 534 (θ’
1462 499 1571 543 gestum
1588 503 1779 542 praetendens
1798 503 1923 535 Ordinis
1947 506 2138 548 Carthufien-

1255 546 1317 588 fis,
1343 557 1446 590 captus
1469 550 1506 589 est
1519 552 1604 592 apud
1622 552 1870 594 Cantabrigiam,
1898 554 1999 586 nolens
2022 561 2135 590 intrare

1263 598 1415 640 Ecclefiam
1441 600 1574 642 aliquam
1593 624 1601 632 .
1630 600 1742 635 Palam
1770 601 1898 636 asseruit
1921 616 1932 637 .·
1960 602 2138 648 Gregorius*

1263 659 1368 682 nonus
1387 647 1563 690 Pontifex,
1590 660 1686 692 quem
1712 651 1889 686 infamabat
1916 652 1956 686 de
1967 653 2136 699 Simonias,

1261 698 1363 739 nonest
1376 701 1484 741 Papa,
1510 711 1568 732 non
1590 699 1629 740 est
1638 704 1739 742 Caput
1750 701 1900 742 Ecclefiae.
1930 702 2055 745 Ecclesia
2069 713 2137 746 pro·

1253 747 1370 789 sanata
1380 748 1437 789 ed,
1463 760 1514 783 nec
1527 750 1635 784 debent
1656 756 1689 783 in
1707 762 1742 783 ea
1756 754 1873 786 Divina
1892 753 2054 793 celebrari,
2084 754 2142 796 nist.

1259 799 1428 832 rededicata
1441 799 1556 841 fuerit,
1583 798 1659 844 vasa
1678 802 1712 834 (ν
1725 801 1899 841 vestimenta
1920 805 1983 843 ejus
2011 803 2138 847 reconse-

1258 849 1452 893 crandasunt
1465 875 1472 882 .
1499 849 1640 883 Diabolus
1647 849 1762 893 solutus
1772 851 1811 891 est
1821 877 1832 892 ,
1859 856 1947 894 Papa
1967 852 2133 887 baereticus.

1261 899 1368 931 Polluit
1380 899 1535 942 Ecclefiam
1549 925 1561 941 ,
1585 903 1643 934 imo
1653 902 1794 934 mundum
1808 906 1964 946 Gregorius
1978 927 1988 943 ,
2015 909 2064 946 qui
2076 907 2136 936 Pa-

1255 956 1299 989 pa
1310 950 1432 982 dicitur.
1460 950 1503 984 Et
1531 950 1572 985 ad
1592 952 1731 985 eundem
1755 964 1879 987 annum
1893 952 2053 987 Conrardi
2066 953 2136 988 Ab·

1261 997 1343 1032 batis
1354 999 1564 1044 Uspergenfis
1574 1000 1831 1044 supplementum
1845 1016 1856 1036 .-
1883 1007 1941 1039 His
1956 1003 2135 1044 temporibus
2165 998 2171 1001 ⁵

1254 1047 1384 1088 fuerunt
1408 1055 1440 1081 in
1451 1052 1589 1083 vaevia
1608 1052 1822 1084 Praedicatores
1844 1076 1854 1091 ,
1878 1058 1931 1096 qui
1952 1058 1984 1086 in
2009 1053 2135 1096 Pontifi-

1260 1108 1321 1130 cem
1329 1100 1492 1130 Romanum
1515 1101 1549 1132 (et
1561 1101 1737 1132 Cardinales
1747 1113 1855 1145 magna
1867 1103 1984 1136 dicendi
1998 1103 2137 1137 libertate

1261 1159 1292 1179 os
1325 1153 1473 1189 aperirent
1495 1172 1506 1188 ,
1542 1148 1704 1182 Frederici
1740 1150 1870 1183 secundi
1903 1152 2112 1195 Imperatoris
2124 1176 2138 1194 ,

1263 1208 1360 1240 quem
1371 1197 1585 1232 Innocentius
1593 1209 1726 1240 quartus
1736 1198 1943 1244 degradarat,
1964 1202 1998 1234 o·
2012 1205 2142 1235 Comar-

1263 1248 1294 1279 di
1304 1247 1360 1288 filii
1370 1250 1434 1289 ejus
1445 1246 1561 1291 causam
1564 1247 1761 1290 justificantes
1770 1273 1780 1289 ,
1791 1248 1856 1291 aufi
1857 1250 1952 1283 dicere
1960 1251 2046 1292 apud
2057 1253 2149 1285 sum·-

1263 1309 1341 1329 mum
1366 1300 1534 1342 Pontificem
1555 1321 1565 1337 ,
1591 1300 1766 1336 Cardinales
1790 1301 1824 1333 Θ·
1843 1299 2001 1343 Episcopos
2025 1301 2147 1334 nullam*

1263 1346 1382 1390 residere
1402 1347 1626 1388 auctoritatem,
1653 1354 1790 1391 quoniam
1815 1361 1912 1383 omnes
1927 1350 1990 1383 labe
2001 1352 2139 1384 simoniae

1263 1399 1402 1430 maculati
1414 1398 1500 1441 effent
1510 1423 1520 1439 ,
1547 1410 1600 1432 nec
1609 1400 1772 1441 quidquam
1793 1408 1890 1433 tenere
1904 1400 1924 1431 ἃ
1937 1398 2050 1438 cbristo
2057 1409 2145 1443 pote-

1257 1447 1367 1488 statis.
1393 1451 1440 1480 Et
1450 1449 1529 1490 quod
1536 1450 1705 1481 Sacerdotes
1729 1455 1763 1482 in
1784 1451 1904 1483 mortali
1923 1448 2151 1492 constitutine-⁴

1261 1508 1326 1531 cato
1346 1509 1437 1541 neque
1456 1500 1602 1541 ligarent,
1629 1509 1720 1540 neque
1737 1497 1910 1541 solverent,
1936 1510 2027 1541 neque
2049 1497 2150 1543 conse?

1260 1558 1379 1582 crarent
1391 1573 1400 1588 ,
1422 1550 1500 1590 quod
1511 1559 1591 1580 nemo
1601 1553 1634 1581 in
1645 1549 1711 1581 orbe
1721 1548 1887 1589 Christiano
1895 1550 2067 1583 interdicere
2073 1548 2153 1592 pos--

1257 1596 1305 1641 set
1317 1601 1439 1631 Divinis
1450 1599 1558 1640 Officiis
1570 1620 1580 1636 ‚
1605 1599 1740 1641 quodque
1744 1597 1806 1639 fine
1817 1597 1986 1641 discrimine
2008 1610 2043 1632 ea
2054 1600 2152 1632 auda.

1262 1655 1364 1681 rentur
1383 1649 1637 1681 &celebrarentur
1662 1650 1782 1691 impune
1795 1673 1803 1680 .
1827 1652 1873 1682 Et
1885 1655 1917 1682 in
1925 1648 1985 1690 fine
1992 1647 2143 1692 [κάρνα-

1262 1697 1417 1729 dicationis
1429 1699 1647 1741 indulgentiam
1657 1723 1667 1737 ,
1693 1703 1832 1741 inquiunt
1843 1724 1854 1739 ‚
1879 1710 1971 1741 quam
1982 1703 2152 1732 annuntia·

1263 1757 1328 1779 mus
1340 1771 1351 1786 ,
1377 1759 1434 1780 non
1442 1749 1462 1779 ἃ
1474 1750 1562 1788 Papa
1574 1747 1723 1790 confflam
1731 1770 1742 1786 ‚
1772 1759 1829 1780 non
1840 1750 1860 1780 ἂ
1874 1750 2017 1782 Praelatis
2029 1756 2149 1790 compo-

1257 1795 1346 1837 fisam
1358 1820 1369 1836 ,
1391 1795 1450 1840 J'ed
1469 1807 1507 1830 ex
1522 1800 1584 1830 Deo
1601 1802 1793 1839 omnipotente
1804 1797 1889 1831 vobis
1901 1803 2117 1832 annuntiamus
2126 1819 2152 1832 ,..

1266 1847 1356 1893 Quas
1377 1846 1520 1880 insanias
1532 1847 1697 1890 resumpfit
1710 1871 1720 1887 ,
1750 1848 1783 1881 δε
1796 1847 1829 1881 in
1853 1847 2000 1882 solemne
2018 1847 2155 1893 dogm

1264 1897 1361 1930 vertit
1372 1896 1511 1938 Joannes
1524 1897 1696 1930 Wicleffus
1713 1921 1724 1936 ,
1749 1897 1798 1930 uti
1812 1906 1900 1940 patet
1914 1909 1956 1931 ex
1969 1898 2067 1931 variis
2075 1896 2154 1940 ejus,

1265 1946 1406 1981 articulis
1416 1945 1577 1981 damnatis
1588 1957 1644 1990 per
1658 1946 1831 1990 Synodum
1844 1945 2143 1979 Constantiensem.

1313 1996 1378 2030 His
1389 2020 1400 2036 ,
1425 1995 1506 2030 dum
1516 1996 1556 2029 ad
1574 2007 1766 2031 communes
1776 1996 1880 2030 totius
1898 1993 2153 2037 ubiqueEccloe.

1265 2046 1312 2079 fiae
1333 2057 1440 2088 preces
1461 2045 1687 2089 expectabatur
1709 2045 1823 2080 divina
1846 2044 2035 2084 instrufflo,
2061 2053 2145 2086 quas·

1265 2094 1423 2128 stionibus
1435 2094 1652 2138 pendentibus
1661 2120 1672 2135 ,
1699 2107 1742 2129 ex
1754 2095 1933 2129 multotum
1947 2105 2002 2138 per
2012 2092 2143 2127 Italiam

1263 2144 1500 2188 Episcoporum
1523 2156 1639 2189 rogatu
1664 2145 1785 2178 librum
1811 2143 2036 2178 Gratiffimum
2048 2154 2156 2177 com«.

320 2198 527 2239 dogmatizant
549 2218 559 2234 ‚
585 2204 736 2236 eorumque
761 2195 864 2236 Missas
891 2195 925 2226 (θ’
947 2199 1045 2226 omnia
1068 2202 1123 2235 per
1151 2193 1214 2230 cosi
1266 2195 1372 2237 posuit
1383 2196 1517 2229 Sanctus
1527 2194 1641 2228 Petrus
1652 2194 1811 2229 Damiani
1828 2193 1948 2234 ‚variis
1959 2194 2157 2227 sanaorum.

315 2245 408 2287 ferdia
420 2245 547 2282 mysteria
566 2242 772 2286 blasphemant
783 2268 793 2283 ‚
819 2242 1083 2277 anathematizant
1098 2268 1108 2284 ‚
1133 2242 1214 2313 con-¹

319 2294 453 2339 spuunt,
479 2294 645 2334 abjiciunt,
671 2294 833 2334 explodunt
853 2319 862 2334 ‚
890 2305 1040 2336 eorumque
1083 2294 1200 2327 benedi-

324 2345 468 2379 e‘Iionibus
493 2344 664 2377 terribiliter
686 2344 883 2376 maledicunt.
911 2344 1038 2377 Laudat
1065 2343 1198 2377 Nicolai

322 2396 456 2431 secundi
473 2393 643 2438 synodum
656 2418 666 2434 ,
692 2394 789 2438 quaea
804 2393 998 2428 simoniacis
1018 2404 1086 2426 non
1098 2394 1200 2427 Simo-

326 2445 419 2482 niae&
433 2446 496 2480 huc
523 2446 620 2489 usque
641 2445 809 2485 ordinatos
828 2445 976 2478 sanxerat
997 2443 1201 2487 recipiendos

324 2508 381 2541 per
390 2497 616 2539 poenitentiam
631 2517 640 2532 ,
664 2494 793 2527 &solos
805 2494 957 2535 deinceps
979 2493 1148 2527 ordinatos
1166 2494 1199 2526 in

328 2547 428 2581 Laica
454 2545 641 2578 humilitate
664 2543 856 2577 deserendos
877 2568 884 2575 .
922 2542 1108 2577 Perduelles
1129 2542 1202 2576 Mo·

328 2595 427 2630 nachi
449 2606 583 2628 omnem
608 2593 724 2636 quovis
745 2603 891 2635 tempore
913 2592 1132 2626 aSimoniaco
1152 2592 1206 2625 da-

330 2657 403 2681 tum
426 2644 587 2680 Ordinem
612 2642 767 2677 volebant
787 2644 850 2676 effe
871 2641 1122 2676 substantialiter
1135 2642 1203 2674 nul-

330 2696 421 2736 lum,
446 2696 479 2729 ὅ(
492 2693 674 2728 exsufflari.
704 2692 824 2736 Neque
844 2690 898 2725 hic
910 2691 998 2725 stetit
1017 2691 1180 2725 temeritas
1193 2715 1203 2731 ‚

331 2746 436 2791 pergit
446 2745 534 2779 enim
545 2743 694 2777 laudatus
713 2742 828 2776 Petrus
839 2756 849 2774 .·
876 2745 937 2774 Cur
948 2739 1056 2784 desola
1072 2743 1206 2774 sacerdo-

331 2805 394 2830 tum
412 2793 465 2838 seu
478 2796 732 2827 sacramentorum
754 2791 962 2825 obtret‘latione
985 2796 1207 2834 conquerimur,

331 2858 394 2880 cum
417 2845 456 2878 ab
477 2849 519 2878 eis
530 2848 628 2876 omnia
645 2844 733 2884 poene
753 2843 930 2882 dilacerari,
957 2847 1057 2874 omnia
1067 2839 1206 2884 conspui,

331 2901 432 2929 omnia
441 2895 581 2928 dicantur
594 2890 1053 2935 irrist‘onepublicasubsannariP
1078 2903 1135 2924 non
1147 2889 1184 2930 est
1197 2914 1209 2930 ‚

334 2952 471 2987 inquiunt
499 2970 510 2985 ‚
537 2946 645 2986 Papa,
673 2954 729 2975 non
749 2945 815 2975 Rex
838 2966 849 2983 ‚
876 2954 933 2975 non
954 2939 1209 2983 Archiepiscopus,

340 3005 426 3034 neque
438 2995 595 3027 Sacerdos.
624 2994 709 3026 Unde
721 2991 843 3033 sallum
855 2991 894 3032 est
908 3015 918 3031 ,
936 2990 1011 3032 ficut
1023 2991 1151 3032 dicitur3
1176 2999 1210 3023 ut

340 3042 417 3075 mille
432 3049 541 3076 circiter
551 3043 680 3076 homines
692 3041 738 3074 his
749 3048 836 3085 nugis
860 3043 894 3075 (5
907 3045 1012 3074 naeniis
1032 3042 1145 3082 decepti
1149 3039 1211 3082 fine

339 3094 524 3124 sacramento
544 3095 688 3125 Dominici
709 3096 844 3133 Corporis
866 3093 900 3125 ό·
922 3093 1084 3135 Sanguinis
1105 3101 1142 3123 ex
1163 3089 1212 3123 boc

341 3139 449 3172 mundo
470 3138 657 3181 disceffirint.
686 3146 857 3183 opinantur
878 3147 957 3175 enim
961 3149 1018 3183 per
1042 3140 1130 3182 hujus
1142 3149 1214 3174 tem-

338 3194 423 3232 poris
448 3190 609 3221 Sacerdotes
632 3192 743 3223 nullam
767 3198 799 3225 in
834 3194 1034 3226 sacramentis
1049 3190 1125 3234 peffie
1145 3189 1214 3231 fieri

344 3243 522 3271 veritatem.
549 3239 608 3270 Sed
626 3239 659 3270 Θ
679 3250 768 3279 quam
783 3242 888 3281 plures
908 3246 1094 3283 reperiuntur
1114 3240 1216 3273 Eccle-

337 3287 392 3335 [θ
406 3311 416 3327 ³
436 3298 513 3327 quas
526 3297 582 3319 Ἀθη
593 3288 673 3318 m⁰d⁰
685 3291 844 3330 ingreffibus
853 3290 921 3332 suis
934 3292 1072 3334 indignas
1090 3291 1192 3323 dicunt
1206 3313 1217 3330 ,

344 3334 400 3382 sed
408 3334 653 3378 nec-salutationis*
667 3337 784 3376 quidem
794 3338 921 3380 obsequio
939 3342 1056 3374 idoneas
1071 3339 1217 3373 arbitran-

347 3396 397 3427 tur
420 3409 428 3418 .

464 3386 550 3424 Nam
579 3386 614 3420 (5
628 3382 762 3433 salutare
786 3385 947 3434 despiciunt
971 3413 982 3431 ,
1018 3402 1093 3431 quas
1120 3395 1220 3433 utique

1262 2244 1397 2280 Parum
1429 2244 1464 2277 &
1490 2245 1701 2287 Synodorum
1733 2243 1978 2278 auetoritatibus
2006 2242 2158 2276 demon-2

1264 2294 1363 2328 strans
1375 2294 1469 2327 datos
1479 2293 1496 2326 ὲ
1512 2293 1728 2334 schismatico,
1739 2303 1793 2328 aut
1803 2292 1972 2332 haeretico,
2000 2291 2147 2335 adeoque

1265 2345 1298 2379 &
1310 2343 1498 2378 simoniaco
1509 2343 1672 2387 Episcopo
1680 2343 1822 2377 Ordines
1834 2343 1896 2376 esse
1907 2343 2049 2376 omnino
2059 2350 2145 2375 ratos

1264 2395 1297 2428 δε
1309 2393 1433 2428 validos
1443 2417 1453 2432 ,
1463 2393 1496 2427 &
1509 2405 1565 2436 per
1578 2393 1751 2427 Ecclesiam
1763 2392 1850 2436 posse
1858 2403 1898 2426 ex
1909 2391 2156 2437 legitimiscaua

1264 2445 1304 2478 fis
1326 2442 1456 2478 admitti
1481 2444 1521 2477 ad
1546 2443 1718 2478 ministerii
1739 2442 1986 2477 executionem.
2015 2439 2071 2473 Est
2092 2449 2144 2472 res

1267 2492 1366 2538 longe
1376 2492 1545 2528 certiffima
1562 2517 1572 2532 ,
1598 2503 1742 2527 attamen
1764 2500 1842 2524 tunc
1852 2491 1978 2524 cunetis
1991 2500 2057 2522 non
2078 2487 2144 2522 fuit

1266 2544 1410 2587 persuasa
1439 2569 1447 2576 .
1477 2542 1608 2577 Etenim
1635 2540 1871 2575 Daimbertum
1891 2565 1903 2581 ‚
1927 2539 1946 2572 a
1968 2538 2145 2572 wecilone

1266 2594 1549 2639 Moguntinorum
1573 2591 1760 2625 Simoniaco
1779 2590 1813 2624 &
1835 2588 2042 2624 schismatico
2066 2587 2146 2631 Epi·

1268 2645 1348 2688 sopo
1359 2655 1429 2677 non
1440 2642 1626 2676 Simoniace
1646 2640 1833 2674 ordinatum
1855 2639 2067 2678 Diaconum,
2093 2647 2146 2670 ea·

1269 2705 1331 2738 que
1356 2693 1397 2727 de
1416 2692 1509 2726 causa
1531 2691 1549 2723 ὲ
1560 2690 1697 2733 Synodo
1709 2689 1998 2735 Qintelburgenfi
2010 2688 2158 2721 damna·v

1269 2754 1339 2777 tum
1365 2767 1376 2783 ‚
1400 2741 1599 2776 reordinavit
1621 2751 1659 2774 ac
1679 2740 1788 2783 postea
1809 2740 1843 2772 in
1864 2739 2020 2772 Pisanum
2045 2736 2148 2770 etiam

1271 2793 1471 2836 Episcopum
1491 2790 1692 2825 consecravit
1713 2789 1870 2824 Urbanus
1893 2786 2074 2827 secundus,
2098 2787 2145 2819 sa·

1271 2844 1358 2876 stum
1379 2843 1471 2875 suum
1482 2841 1672 2874 Sanctorum
1690 2840 1820 2873 Damasi
1840 2840 1874 2872 ὅ(
1886 2836 2071 2872 Innocentii
2081 2834 2146 2877 pri·

1272 2893 1317 2926 mi
1330 2891 1532 2925 Pontificum
1542 2890 1730 2924 austeritate
1741 2900 1883 2933 purgans
1910 2884 2144 2932 apudgravitee

1272 2943 1413 2977 offensos
1426 2941 1560 2974 Petrum
1573 2939 1797 2974 Pistoriensem
1811 2938 2008 2981 Episcopum
2020 2946 2058 2969 ac
2070 2934 2143 2967 Ru·

1274 2993 1391 3027 sticum
1409 2989 1718 3026 Vallis-Umbrosae
1742 2988 1907 3023 Abbatem
1931 3010 1942 3026 ‚
1978 2985 2012 3018 δε
2031 2983 2145 3026 adjun-

1274 3052 1372 3087 gens:
1401 3042 1494 3084 ‚Quod
1502 3051 1559 3072 non
1570 3040 1783 3074 reiterationem
1803 3035 1960 3076 existimari
1969 3033 2119 3077 censemus
2133 3057 2145 3074 ‚
2163 3036 2214 3073 Ep.
2235 3044 2282 3078 ιρ.

1272 3091 1330 3135 sed
1340 3101 1459 3125 tantum
1479 3096 1629 3133 integram
1649 3091 1783 3123 Diaconii
1809 3087 1957 3118 dationem
1969 3109 1978 3124 ‚
2005 3089 2155 3126 quoniam.

1276 3142 1388 3176 Wecilo
1400 3165 1411 3182 ‚
1437 3146 1487 3183 qui
1509 3139 1586 3173 nihil
1596 3139 1723 3179 habuit,
1748 3134 1824 3170 nibil
1841 3135 1915 3167 dare
1930 3140 2045 3176 potuit.
2075 3134 2146 3167 Hic

1276 3191 1321 3226 est
1346 3190 1401 3225 ille
1422 3189 1656 3229 Daimbertus,
1680 3185 1735 3230 qui
1755 3183 1864 3227 postea
1886 3185 1948 3218 fuit
1959 3182 2145 3219 Patriarcha.

1278 3240 1602 3283 Hierosolymitanus
1614 3263 1622 3272 ,
1634 3237 1725 3270 Hinc
1735 3235 1834 3268 etiam
1847 3234 1885 3267 ad
1899 3235 2038 3269 Lucium
2050 3234 2080 3267 S.
2094 3234 2146 3276 Ju-

1281 3291 1383 3326 ventii
1396 3290 1582 3324 Ticineufis
1593 3285 1799 3328 Praepofitum
1811 3284 1921 3318 scribit
1931 3283 2017 3318 idem
2031 3283 2147 3317 Ponti-

1281 3344 1350 3376 fex:
1381 3340 1489 3373 Adboe
1508 3337 1588 3380 quod
1599 3333 1806 3378 subiungitur,
1833 3343 1934 3368 utrum
1948 3332 1988 3374 fit
2008 3333 2148 3366 utendum

1283 3388 1527 3427 ordinationibus
1561 3386 1595 3422 <a
1619 3386 1740 3428 reliquis
1777 3387 1973 3424 Sacramentis
2006 3385 2027 3421 a
2051 3387 2150 3428 crimi-¹
2168 3376 2220 3413 ΕΡ·
2240 3383 2284 3410 1⁷·

2031 3430 2101 3474 rtofis
