2352 3736
439 158 494 191 De
529 143 721 191 SIMOMAE
757 158 969 201 camme,
1007 159 1057 187 ετ
1092 154 1233 193 vanus
1269 158 1328 188 tm
1360 157 1483 188 rusum
1516 155 1842 195 sPEcTANTIBth.

238 232 357 276 quanta
369 228 550 264 dabitoribus
571 235 694 272 exigant
706 253 716 269 ,
744 231 778 263 Θ
789 230 997 271 extorquendis
1019 237 1111 260 remu-

240 280 440 321 nerationibus
462 278 647 321 vehementer
668 279 812 320 infiliunt.
840 283 878 311 Hi
891 277 927 321 se
949 281 1034 310 Giezi
1055 287 1112 309 non

240 331 375 371 dubitent
398 336 509 371 ‚crimen
532 335 694 370 incurrere,
721 335 770 372 qui
789 328 941 370 postquam
962 332 1113 360 Naaman

239 390 360 422 curatus
372 403 382 419 ,
399 382 527 422 jamque
547 389 700 418 revertent
710 404 721 419 ,
746 380 783 410 de
800 377 901 409 sancti
912 379 1028 417 spirtus
1039 378 1113 409 dono

239 429 329 474 ausus
344 430 386 472 ,est
392 436 551 472 pecuniam
566 429 724 471 postulare.
754 427 795 459 Et
814 426 855 460 de
867 426 984 460 Sancto
997 426 1114 461 Ansel-

239 492 296 515 mo
305 505 317 525 ‚
344 492 399 524 per
411 478 628 522 Guilielrnum
644 477 770 518 Rufum
782 475 969 521 Anglorum
983 476 1111 521 Regem

238 531 339 576 gratis
350 538 502 574 promoto
512 528 552 562 ad
563 524 888 569 Archiepiscopatum
900 527 1113 561 Cantuarien-

68 581 223 617 Ann.1094
239 583 329 622 sem,
357 579 465 613 scribit
482 575 661 618 Matthaeus
683 575 866 609 Parifienfis
886 588 892 608 z
919 580 987 610 Rex
1007 578 1112 619 Angla-

65 1488 218 1528 1--2'33Pt2e

61 1793 129 1830 125·
144 1801 219 1836 (³172

64 2659 100 2693 1..
108 2667 131 2686 2.
143 2657 222 2694 131213·

73 3393 227 3432 Lsr-Ep-,ro

238 643 305 664 rum
330 629 508 663 thbelmus
519 624 685 668 Ansi’lmum
702 625 950 670 cantuariensem
962 626 1111 668 Archiept-

237 680 354 724 scopum
373 680 579 717 circumvenire
601 675 764 716 affebians,
786 678 868 711 mille
892 677 985 709 libras
995 682 1110 720 argenti

235 730 291 773 fibi
310 730 378 762 dart
388 726 429 766 ab
451 738 483 767 ea
500 725 687 767 vehementer
704 725 872 768 postulabat
884 752 892 760 .
924 728 974 759 Ad
981 726 1033 760 boc
1043 727 1109 760 alle·

235 780 329 824 gabat
337 801 349 817 ‚
374 786 408 810 ut
414 775 467 817 fibi
479 775 638 810 videbatur
646 799 658 815 ‚
677 774 794 820 causam
800 776 982 818 justissimam
993 800 1005 817 ,
1031 778 1111 819 quod

229 833 331 873 ,gratis
350 825 520 870 ,Epifiopali
538 828 604 867 ejus
618 831 797 868 promotioni
818 826 964 868 ,annuisset
976 850 984 866 .-
1010 826 1108 859 Archi-

237 876 385 920 episcopus
398 879 469 910 verb
479 876 557 909 nihil
575 877 704 920 interesse
714 878 824 910 ducens
837 900 848 915 ,
874 887 945 910 ante
955 882 1107 918 promotio-

234 938 304 962 nem
314 928 365 960 vel
366 926 430 969 post
439 951 451 968 ,
476 928 566 959 talem
578 926 612 959 ob
624 924 742 970 causam
754 938 907 960 numerare
925 932 1084 969 pecuniam
1095 951 1106 967 ‚

233 982 305 1019 pari
321 985 414 1018 poena
437 977 560 1020 dignum
587 976 791 1009 arbitrabatur
811 986 968 1019 utrumque
994 1002 1000 1008 .
1030 981 1108 1011 Cum

234 1036 333 1060 autem
350 1025 447 1070 saccos
464 1030 579 1070 Regis,
604 1025 663 1067 nist
677 1025 750 1069 Iaesa
769 1025 962 1070 conftientia,
989 1028 1107 1069 implere

232 1088 293 1111 non
310 1084 430 1118 poterat
445 1100 456 1116 ‚
485 1079 568 1120 eligit
596 1077 699 1120 potiics
730 1079 821 1120 Regis
852 1078 1106 1121 indignationem,

235 1138 328 1170 quam
338 1125 631 1170 dispendiumfamae
654 1127 856 1169 &periculum
868 1133 978 1161 animae
992 1134 1024 1160 in
1029 1136 1108 1170 prae·

231 1175 301 1221 sens
322 1183 466 1209 incurrere
478 1202 488 1216 ‚
514 1179 548 1209 (Ὗ
562 1182 594 1208 in
609 1176 752 1218 posterum
774 1176 963 1218 confitfionem
983 1178 1109 1221 &scan-

233 1228 339 1260 dalum
351 1232 384 1259 in
395 1230 451 1260 Det
463 1224 588 1267 Ecclefia
596 1225 756 1270 seminare.
783 1227 924 1269 Ecclesia
946 1228 1001 1261 sua
1021 1227 1055 1260 δε
1065 1239 1109 1261 re-

233 1288 303 1322 gno
316 1276 446 1310 exulare
466 1276 605 1317 maluit,
632 1288 730 1320 quam
752 1277 938 1311 consentire
957 1278 993 1311 in
1015 1277 1110 1311 istam

233 1326 464 1369 iniquitatem.
490 1325 574 1360 Sane
594 1326 617 1358 fi
629 1327 783 1369 praevium
803 1328 954 1369 pastum,
979 1327 1112 1371 promis-

232 1375 279 1417 fi0
303 1386 360 1410 aut
371 1376 495 1410 exactio
517 1376 716 1418 requirantur
735 1375 775 1410 ad
783 1376 965 1417 Simoniam
977 1401 987 1416 ‚
1013 1377 1108 1411 Giezi

232 1437 399 1470 perperam
410 1425 429 1458 ὲ
440 1427 558 1460 Samsto
571 1425 678 1466 Eliseo
689 1426 751 1459 fuit
760 1426 904 1460 criminis
915 1425 1088 1460 damnatus
1099 1451 1106 1458 .

233 1475 394 1510 Notanda
405 1476 477 1508 sunt
488 1474 611 1508 laudati
622 1474 783 1508 Damiani
799 1475 891 1509 verba
907 1488 914 1508 ε
941 1478 1108 1519 Tamquam

232 1528 254 1565 a
266 1523 443 1559 debitoribus
454 1529 589 1568 exigunt.
616 1524 806 1560 Ostendunt
832 1525 1007 1570 spontanee
1017 1526 1107 1560 obla-

232 1584 344 1610 torum
355 1575 576 1618 receptionem
587 1573 690 1615 hocce
713 1575 797 1609 vitio
809 1587 916 1611 carere
927 1601 934 1608 .
964 1577 1008 1610 Et
1028 1574 1106 1610 hinc

231 1625 357 1669 primos
373 1624 593 1658 Montanistas
615 1649 625 1665 ,
651 1624 859 1660 oblationum
880 1626 1018 1661 nomine
1036 1637 1106 1660 mu-

232 1685 309 1709 nera
330 1674 561 1713 admittentes,
586 1676 770 1719 gravissime
790 1676 832 1710 de
844 1677 978 1711 avaritia
998 1677 1107 1720 culpa-

230 1734 310 1767 mnt
333 1724 459 1768 antiqui
471 1724 620 1759 Ecclefiae
631 1725 742 1760 Patres
751 1726 836 1770 apud
847 1726 1027 1768 Eusebium
1039 1728 1105 1761 Cae-

228 1776 410 1817 ,satcensem
422 1800 434 1819 ‚
460 1774 568 1809 nullus
585 1775 625 1810 de
637 1776 785 1811 Simonia
798 1802 805 1810 .
832 1778 926 1811 Hinc
946 1778 1025 1812 item
1036 1775 1106 1811 dixi

232 1824 413 1869 spontanee
432 1825 620 1861 oblatorum
640 1828 859 1870 receptionem
871 1826 911 1861 ab
924 1826 1025 1862 hocce
1035 1827 1106 1861 solo

235 1875 321 1915 vitio
333 1875 395 1909 esse
419 1875 619 1910 immunem.
647 1876 751 1923 Qod
771 1877 955 1919 frequenter
974 1878 1108 1917 avaritia

234 1925 443 1965 maculetur,
470 1937 539 1966 non
566 1926 611 1959 est
636 1926 891 1971 ambigendum.
918 1928 1012 1962 Hinc
1030 1928 1109 1971 ejus-

232 1972 324 2012 modi
335 1973 446 2009 oblata
457 1998 469 2015 ‚
496 1975 550 2010 vix
562 1975 648 2009 ullus
668 1973 823 2019 umquam
834 1980 967 2013 Sanetus
990 1978 1110 2021 legitur

231 2024 412 2064 admisisse.
440 2025 522 2058 Dixi
534 2026 636 2065 item,
659 2028 1011 2068 spontaneeoblatorum.
1038 2027 1108 2073 Qi

234 2075 327 2109 enim
338 2073 517 2118 quidquam
538 2076 624 2118 quasi
644 2076 794 2111 debitum
807 2078 900 2111 offert
912 2101 923 2116 ‚
943 2076 1051 2111 lucide
1064 2071 1108 2111 la-

233 2124 329 2159 borat
340 2124 487 2158 Simonia
499 2150 506 2156 .
535 2125 605 2173 Qi
630 2125 736 2169 ipsum
746 2138 788 2160 ex
802 2138 908 2161 errore
929 2127 1028 2167 facit,
1051 2126 1110 2161 do-

235 2173 359 2208 cendus
371 2175 389 2208 a
401 2174 497 2209 nobis
509 2174 554 2209 est
577 2176 610 2211 &
622 2176 834 2220 corrigendus
843 2202 853 2218 ,
880 2176 1010 2220 ejusque
1021 2175 1110 2210 obla-

236 2223 287 2257 tio
309 2224 504 2268 respuenda.
533 2225 576 2258 Et
598 2225 642 2260 ita
655 2226 806 2261 Naaman
819 2227 940 2270 SyruS,
961 2238 998 2261 ac
1017 2227 1109 2261 dives

237 2273 372 2306 Oronus
382 2274 533 2314 videntur
544 2275 709 2315 obtulisse.

289 2320 370 2354 Huc
380 2323 562 2364 spectatula
582 2325 681 2364 etiam
694 2327 872 2371 iniquitas,
896 2325 938 2361 de
959 2337 1019 2371 qua
1033 2327 1110 2361 Sane

234 2370 306 2405 ssus
327 2369 442 2404 Petrus
469 2371 625 2411 Damiani
646 2374 682 2408 in
702 2375 818 2411 litteris
837 2376 877 2411 ad
901 2377 1108 2417 Bonifacium

236 2416 448 2454 Cardinalem
472 2421 670 2466 Episcopum
693 2424 915 2462 Albanensem
932 2438 946 2460 .·
972 2426 1110 2474 ,Quilibet

235 2470 356 2501 curialis
366 2468 528 2512 Epifhopus
548 2471 601 2504 hos
621 2475 792 2509 muneribus
813 2476 964 2518 attrabit,
989 2479 1050 2514 illis
1059 2477 1109 2515 be-

234 2517 339 2561 neficia
346 2520 474 2554 lautiora
484 2523 612 2554 concedit
620 2547 628 2554 .
656 2525 677 2555 5
678 2528 702 2556 ic
713 2526 734 2556 ἆ
746 2526 852 2567 quibus
863 2538 920 2559 non
929 2536 993 2562 erat
1002 2528 1108 2567 eladius

232 2571 353 2612 ,eligitur
365 2594 376 2610 ,
403 2571 437 2609 (ρ’
447 2570 539 2612 utfibi
548 2573 585 2604 de
591 2573 702 2608 slmone
712 2574 791 2607 nibil
806 2572 887 2619 defit,
897 2575 993 2619 ipsam
1002 2577 1112 2611 elec‘lio-

234 2628 301 2655 ‚nem
322 2616 465 2666 sacrilega
488 2622 652 2660 venalitate
672 2633 819 2659 mercatur
841 2651 848 2659 .
877 2630 985 2660 Verum
1004 2633 1037 2660 tn
1059 2627 1110 2662 boc

234 2665 348 2708 sceleris
359 2671 574 2712 turpitudinem
580 2674 691 2714 pallias
702 2699 713 2715 ,
738 2682 812 2718 quia
818 2675 874 2718 sub
883 2678 1111 2720 colorefidelita-

238 2720 280 2748 tis
303 2719 501 2762 Ecclefiasticae
519 2728 682 2767 municipes
696 2733 752 2766 per
767 2728 851 2770 Jurts
867 2728 995 2768 jurandi
1011 2730 1109 2761 sacra-

239 2773 341 2801 menta
360 2770 508 2810 confirmat
519 2796 526 2803 .
551 2777 628 2806 Cum
648 2786 731 2808 nemo
749 2770 881 2814 deterius
891 2777 1050 2819 Ecclesiam
1060 2777 1111 2811 lae-

239 2815 296 2850 dat
307 2838 317 2853 ‚
344 2827 433 2857 quam
450 2822 536 2858 ,iidem
547 2822 603 2865 ipfi
606 2828 637 2855 in
635 2824 692 2866 fidi
697 2825 801 2867 fideles
812 2851 823 2867 ,
847 2833 898 2869 ,qui
907 2829 971 2868 ejus
984 2829 1111 2871 diripere

236 2863 403 2906 facultates
414 2866 569 2904 anbelant.
598 2876 744 2913 cumillis
763 2888 833 2921 ,ergo
845 2889 968 2914 munera
977 2879 1083 2914 tribuit
1095 2904 1105 2920 ,

239 2924 303 2946 ‘um
319 2912 378 2956 sub
388 2922 502 2951 mmine
521 2922 597 2953 velut
607 2924 738 2966 Ecclefiae
753 2925 809 2969 fibt
824 2930 997 2969 pottffimum
1000 2931 1109 2969 jurare

239 2963 383 3005 “mpelli‘
398 2987 409 3003 ³
435 2976 489 2998 ''⁰’‘
503 2970 630 3009 Ecclefiae
639 2974 758 3017 consulit
772 3000 783 3016 ‚
802 2976 860 3020 sed
872 2977 929 3020 fibi
941 2979 1110 3022 quietepos-

235 3012 352 3055 fidendi
376 3015 511 3048 culminis
533 3019 648 3053 aditum
663 3027 790 3063 pandit.
820 3029 890 3061 sive
900 3031 968 3071 erge)
979 3027 1030 3061 boc
1039 3040 1111 3069 ante

241 3061 479 3104 ‘Mftcratlwem
489 3089 499 3105 ³
519 3066 582 3107 five
590 3069 739 3111 p0stquaem
750 3075 931 3119 confi-cratus
942 3078 1085 3120 estfaciat
1099 3104 1110 3120 ‚

243 3113 336 3146 valde
343 3117 546 3154 ‘nlme'ldum
555 3117 593 3157 fist
608 3143 618 3159 2
644 3131 682 3153 ⁷¹8
691 3123 760 3158 dum
768 3135 826 3160 non
844 3135 900 3170 pro
911 3128 1045 3170 Ecclefiae
1054 3135 1111 3163 uti-

242 3161 349 3202 litate,
370 3161 489 3209 se-‘lpr‘’
504 3168 564 3210 sua
580 3174 682 3210 potius
703 3171 939 3218 confirmatione,
959 3176 1040 3221 sacri
1059 3180 1111 3213 loci

241 3211 320 3245 bona
339 3212 509 3256 dilapidat,
534 3222 568 3252 in
588 3226 758 3263 voraginem
776 3221 811 3264 se
826 3226 997 3266 51m0macae
1018 3227 1114 3267 baere,

236 3259 304 3304 ,ΕΜ
313 3286 325 3303 ,
339 3263 412 3295 dum
420 3265 522 3302 ‚extolli
531 3278 662 3310 conatur,
672 3275 845 3315 immergat.
870 3277 917 3312 Et
927 3275 996 3309 hinc
1010 3264 1112 3320 pum.

242 3314 317 3348 ciose
332 3323 429 3346 torum
438 3314 552 3350 divim‘s
562 3319 708 3354 obtutibus
729 3332 868 3364 corruat,
892 3326 971 3358 unde*
978 3324 1012 3368 se
1032 3332 1113 3366 inter

242 3360 376 3399 homines
384 3375 562 3409 ,arroganter
572 3371 686 3402 exaltat
697 3396 705 3402 .
733 3372 786 3406 De
797 3384 864 3416 quo
874 3375 961 3408 malo
972 3378 1114 3420 queritur
1132 3404 1134 3406 v

240 3413 343 3451 etiam
365 3413 401 3448 in
413 3413 530 3451 litteris
551 3418 592 3453 ad
604 3420 831 3457 Alexandrum
840 3423 1016 3460 secundum
1027 3427 1115 3468 Pon-

1914 157 1977 205 45

1173 225 1294 260 tificem
1315 251 1328 267 ‚
1363 226 1494 271 ejusque
1523 225 1806 264 Archidiaconum
1834 225 2046 270 Cardinalem

1175 275 1439 311 Hildebrandum
1450 301 1458 308 .
1485 276 1542 312 Est
1553 277 1676 318 malum
1687 277 1944 321 antiquissimum
1959 304 1966 310 .
1991 280 2048 320 Et-

1173 325 1262 359 enim
1283 326 1324 360 de
1346 327 1493 372 Georgio
1515 326 1732 371 Cappadoce‚
1757 328 1846 368 quod
1867 328 2048 376 militibus,

1173 374 1190 406 a
1209 375 1328 418 quibus
1355 378 1390 410 in
1411 376 1590 412 Thronum
1612 375 1874 418 Alexandrinum
1905 378 2048 419 intrusus

1174 423 1298 464 fuerat,
1325 425 1579 466 Ecclesiasticam
1601 427 1812 469 substantiam
1832 427 1869 460 in
1881 431 2048 471 praemium

1172 485 1209 508 ac
1220 475 1401 517 mercedem
1414 476 1540 517 dederit
1551 501 1562 517 ,
1580 478 1723 521 queritur
1735 477 1770 512 in
1781 476 1897 518 litteris
1908 478 1948 512 ad
1963 480 2053 514 Afri-

1172 535 1270 558 canos
1297 525 1478 569 Episcopos
1508 527 1640 566 sanstus
1665 527 1861 562 Athanasius
1883 552 1890 560 .
1922 527 2052 573 Similes

1171 574 1391 616 querimonias
1402 574 1500 618 habet
1511 575 1724 618 Symmachus
1738 577 1896 620 Pontifex
1919 578 1955 612 in
1964 577 2054 619 litte-

1170 624 1213 656 ris
1235 624 1276 658 ad
1295 625 1449 659 Sanstum
1472 624 1644 666 Caesarium
1666 626 1919 671 Metropolitam
1938 628 2052 671 Arela-

1171 675 1315 715 tensem.
1343 674 1428 720 Agit
1447 675 1484 709 in
1505 675 1705 720 EpiscopoS,
1729 677 1788 718 ,qui
1808 678 1954 713 scelerata
1977 690 2054 722 prae·

1171 724 1238 766 mia
1260 725 1463 768 spondebant
1483 721 1650 773 primum,
1668 736 1709 761 ac
1728 724 1848 766 deinde
1861 728 2051 772 solvebant,

1170 773 1318 818 adeoque
1338 776 1403 810 sine
1414 777 1492 810 fuco
1503 786 1595 811 erant
1619 775 1724 819 palam
1734 775 1916 817 simoniaci
1931 804 1937 810 .
1965 780 2051 814 Lau-

1170 824 1239 865 dati
1252 825 1407 867 Damiani
1419 837 1566 870 tempora
1589 826 1720 860 fuerunt
1732 826 1908 870 nequiora.
1937 827 2052 870 ADu-

1168 872 1285 915 cibus,
1312 876 1524 918 Comitibus‚
1551 875 1759 917 Batonibus,
1785 876 1922 920 aliisque
1935 877 2051 912 intitu-

1170 925 1245 966 latis
1265 924 1432 968 nobilibus
1443 926 1539 962 duras
1548 927 1633 960 olim
1645 927 1846 964 calamitates
1857 951 1868 967 ,
1894 937 1991 971 atque
2001 928 2052 961 in-

1168 974 1266 1018 jurias
1284 977 1368 1019 passa
1391 977 1455 1011 fuit
1466 977 1629 1012 Ecclesia:
1656 977 1897 1012 Poffesfionum
1918 979 2053 1012 suarum

1170 1026 1372 1061 invasionem
1394 1051 1405 1068 ‚
1431 1027 1622 1070 ejectionem
1641 1028 1899 1072 Episcoporum‚
1928 1029 1963 1062 δε
1985 1028 2052 1063 alia

1171 1074 1255 1109 haud
1268 1076 1422 1112 inferiora
1435 1103 1442 1110 .
1470 1078 1563 1112 Hinc
1574 1078 1670 1123 lupos
1680 1079 1758 1113 istos
1769 1079 2024 1113 mansuefastura
2038 1103 2051 1120 ,

1171 1125 1344 1169 superfluas
1355 1128 1413 1162 sibi
1425 1129 1631 1172 poffeffiones
1641 1152 1652 1168 ,
1676 1129 1777 1169 etiam
1789 1129 1964 1171 Decimas‚
1978 1129 2052 1173 ipsis

1172 1176 1204 1208 in
1217 1175 1413 1212 beneficium
1431 1178 1498 1213 dari
1513 1179 1656 1222 permisit
1679 1179 1722 1214 ab
1735 1178 1925 1222 Episcopi5‚
1952 1176 2052 1223 atque

1172 1225 1216 1259 ita
1228 1225 1301 1260 illos
1310 1239 1428 1263 conata
1438 1229 1484 1263 est
1495 1229 1555 1263 sibi
1568 1231 1673 1264 facere
1685 1229 1809 1273 juratos
1820 1229 1932 1271 fideles
1943 1253 1954 1269 ‚
1979 1239 2054 1271 mu-

1172 1276 1293 1319 nicipes
1307 1288 1345 1311 ac
1355 1279 1503 1314 vassallos
1513 1306 1521 1313 .
1548 1279 1674 1321 Eorum
1687 1280 1796 1321 taliter
1805 1291 1902 1314 vexas
1914 1302 1925 1319 ‚
1948 1279 1981 1313 δε
1991 1278 2058 1322 ini.-

1172 1336 1253 1368 quos
1274 1329 1370 1362 ausus
1391 1329 1528 1364 redemit
1549 1353 1556 1362 .
1586 1329 1713 1364 Verum
1735 1330 1874 1367 curiales
1894 1354 1906 1369 ,
1934 1328 1968 1363 id
1986 1328 2055 1377 est,

1171 1386 1226 1418 per
1237 1376 1370 1412 curialia
1392 1380 1519 1413 servitia
1531 1403 1542 1419 ‚
1568 1380 1622 1413 seu
1635 1378 1824 1413 Palatinum
1840 1378 1881 1412 ab
1894 1377 2055 1422 obsequio

1171 1436 1313 1467 munus,
1338 1429 1522 1462 &istorum
1544 1428 1711 1462 nobilium
1733 1429 1970 1470 mediationem
1981 1428 2057 1472 'pro-

1172 1477 1256 1510 moti
1268 1476 1422 1520 Episcopi
1436 1476 1586 1520 pessimos
1596 1474 1658 1510 hac
1670 1477 1704 1510 in
1715 1487 1748 1509 re
1759 1477 1858 1510 dolos
1869 1476 2054 1518 frequentet

1169 1524 1420 1560 commiserunt.
1443 1526 1525 1560 Non
1538 1526 1646 1561 solum
1658 1526 1832 1570 superfluas
1844 1550 1854 1566 ‚
1881 1526 1935 1560 sed
1952 1528 1987 1561 ἀ
2000 1539 2056 1562 ne·

1168 1576 1316 1610 ceffarias
1337 1575 1552 1611 Ecclefiarum
1573 1577 1702 1611 suarum
1715 1575 1885 1611 facultates
1907 1577 2054 1612 infeuda-

1170 1634 1286 1659 verunt
1299 1626 1534 1662 mediatoribus
1556 1626 1639 1668 istis,
1669 1627 1822 1672 atqueita
1835 1626 1894 1660 sub
1907 1626 2054 1672 legitimi

1169 1674 1321 1710 beneficii
1332 1677 1410 1712 fuco
1420 1678 1643 1713 Simoniacam
1664 1689 1796 1721 operam
1819 1687 2052 1712 munerarunt.

1219 1726 1401 1762 Commiffa
1426 1727 1498 1763 istic
1519 1729 1583 1762 fuit
1607 1728 1728 1771 duplex
1741 1727 1908 1762 Simonia.
1942 1727 2054 1764 Prima

1169 1775 1306 1820 fuitjam
1317 1777 1402 1813 dista
1416 1779 1506 1812 facta:
1525 1777 1734 1814 mediationis
1753 1777 1981 1822 stipendiatio;
2009 1779 2054 1812 al-

1170 1836 1272 1861 teram
1292 1828 1446 1871 exprimit
1474 1826 1564 1872 hisce
1585 1828 1689 1872 verbis
1722 1828 1836 1871 Petrus
1867 1828 2052 1863 Damiani:

1170 1879 1282 1921 ,Quieti
1300 1879 1462 1922 peffdpndi
1479 1881 1618 1922 culminis
1630 1879 1687 1921 fib}
1708 1881 1827 1916 aditum
1846 1880 1978 1921 pandit.
2009 1878 2055 1922 Et

1170 1926 1239 1960 his:
1270 1931 1330 1961 Pro
1338 1927 1397 1971 fica
1405 1935 1506 1974 potius
1517 1931 1748 1973 confirmatione.
1777 1930 1927 1974 Damnat
1946 1930 2054 1970 »curia-

1171 1977 1216 2011 les
1230 1977 1411 2021 Episcopos
1425 2004 1436 2020 ‚
1462 1982 1552 2024 quod
1571 1993 1639 2015 non
1652 1981 1762 2023 solum
1782 1971 2000 2024 per'dolosam
2017 1981 2052 2015 δε
2076 1988 2135 2025 L.3.
2150 1987 2238 2029 Ep&

1172 2027 1326 2069 secretam
1336 2028 1518 2064 simoniam
1531 2032 1633 2074 essent
1642 2031 1877 2075 Episcopatum
1899 2031 2030 2076 ingressi
2043 2057 2052 2073 ‚

1171 2076 1225 2111 sed
1235 2077 1334 2112 etiam
1345 2078 1434 2123 quod
1447 2091 1502 2123 per
1510 2081 1638 2115 easdem
1656 2091 1740 2116 artes
1754 2083 1788 2116 in
1809 2081 1954 2124 ejusdem
1965 2084 2054 2115 inva-

1171 2127 1238 2161 lida
1258 2128 1292 2162 &
1303 2129 1393 2162 nulla
1405 2131 1597 2173 posseffione
1608 2132 1671 2166 sese
1682 2132 1877 2166 sustinerent
1888 2155 1896 2163 .
1924 2132 1978 2165 De
1986 2142 2055 2175 quo

1172 2177 1254 2211 vitio
1276 2178 1462 2215 Cadaloum
1483 2179 1688 2224 Antipapam
1722 2181 1864 2225 graviter
1893 2181 2004 2226 arguit
2022 2181 2061 2215 in
2078 2179 2193 2219 Epist.6.

1173 2226 1292 2261 litteris
1301 2228 1342 2263 ad
1353 2228 1538 2264 Henricurn
1551 2230 1782 2266 Ravennatem
1796 2254 1807 2271 ,
1832 2242 1871 2265 ac
1892 2230 1926 2264 in
1942 2231 2060 2265 litteris

1178 2276 1219 2311 ad
1237 2279 1390 2313 Sandium
1406 2279 1589 2315 Annonem
1611 2281 1866 2324 Metropolitam
1878 2281 2060 2316 Colonien-

1178 2329 1243 2362 sem
1259 2353 1266 2360 .
1295 2328 1450 2371 Ejusdem
1471 2329 1619 2365 criminis
1639 2332 1794 2366 Severum
1814 2330 1976 2373 intrusum
1997 2332 2060 2366 fibi

1177 2377 1397 2417 Patriarcham
1417 2381 1568 2414 accusant
1590 2381 1676 2424 apud
1688 2383 1850 2425 Joannem
1875 2381 2060 2417 secundum

1177 2427 1400 2463 patriarcham
1420 2429 1853 2473 Constantinopolitanum‚
1880 2431 1916 2464 in
1941 2431 2059 2466 litteris

1175 2478 1389 2514 existentibus
1407 2480 1492 2523 apud
1515 2481 1688 2526 Synodum
1710 2481 1770 2520 sub
1783 2481 1907 2514 Menna
1920 2480 2061 2516 Patriar÷

1174 2528 1237 2563 cha
1251 2554 1262 2570 ,
1290 2528 1410 2564 Clerici
1433 2530 1641 2573 &Monachi
1662 2531 1852 2573 Provinciae
1873 2530 2058 2566 Antioche-

1175 2591 1223 2613 nae
1239 2604 1247 2612 .
1275 2579 1343 2614 Uti
1369 2580 1603 2625 Episcopatum
1635 2593 1692 2625 per
1714 2581 1890 2624 temporale
1913 2583 2057 2624 pretium

1136 2661 1139 2664 Δ
1175 2630 1337 2673 acquirere
1350 2654 1361 2670 ,
1387 2630 1433 2665 ita
1453 2626 1594 2673 &illum
1615 2628 1672 2676 per
1682 2631 1767 2667 istud
1791 2632 1931 2673 retinete
1952 2630 1997 2674 est
2009 2632 2057 2673 Si-

1176 2681 1288 2715 monia
1300 2680 1469 2718 manifesta
1480 2707 1487 2714 .
1513 2681 1635 2721 Nullus
1649 2682 1703 2717 hic
1714 2682 1886 2726 redemptae
1904 2691 1960 2716 aut
1973 2681 2054 2716 redi,-

1177 2730 1300 2765 mendae
1321 2742 1410 2765 vexae
1430 2732 1525 2775 poffit
1546 2734 1608 2767 esse
1630 2734 1724 2767 fucus
1745 2759 1753 2765 .
1781 2734 1826 2768 Et
1847 2732 2055 2767 Simoniacos

1175 2780 1334 2824 ejusmodi
1348 2777 1510 2823 Vaffillos
1520 2783 1655 2817 Sanctus
1665 2783 1780 2818 Petrus
1792 2782 1948 2825 Damiani
1962 2781 2057 2815 meri-

1176 2841 1211 2865 to
1225 2840 1321 2866 vocat
1333 2831 1445 2867 fideles
1454 2832 1591 2867 infidos.
1613 2833 1782 2878 Promotis
1792 2833 1882 2867 enirn
1906 2834 1923 2866 a
1936 2832 1966 2865 se
1979 2831 2058 2874 Epi·

1175 2882 1278 2925 scopis
1299 2884 1484 2925 frequenter
1508 2884 1674 2925 fecerunt,
1700 2883 1793 2929 quod
1814 2883 1933 2926 Joanni
1951 2880 2057 2914 Aure·

1175 2932 1371 2965 lianensium
1395 2932 1491 2966 simili
1510 2934 1612 2968 electo
1635 2935 1714 2968 fecit
1737 2934 1909 2976 Philippus
1932 2931 2056 2973 primus

1174 2982 1375 3016 Francorum
1396 2983 1495 3024 Rex,
1521 2985 1556 3017 iu
1578 2985 1686 3018 Sancti
1715 2980 2055 3027 ivonis-Carnutensis

1176 3032 1329 3076 Episcopi
1350 3032 1391 3066 ad
1403 3033 1590 3078 Hugonem
1609 3033 1861 3078 Lugdunensem
1873 3031 2055 3074 Primatem

1176 3082 1290 3116 litteris
1309 3081 1423 3118 dicens
1442 3084 1484 3122 ad
1496 3082 1659 3117 Abbatem
1680 3083 1748 3124 ejus
1762 3081 1973 3123 corrivalern:
2002 3082 2055 3114 Su·
2075 3092 2171 3132 Est&

1169 3131 1275 3172 stintte
1284 3136 1402 3164 interim
1413 3156 1425 3173 ‚
1438 3134 1525 3166 donec
1534 3134 1570 3167 de
1582 3132 1632 3172 isto
1634 3131 1754 3172 faciam
1759 3131 1922 3174 proficuum
1932 3142 2030 3166 meum
2040 3154 2052 3171 ‚

1170 3181 1269 3224 postea
1278 3187 1403 3223 quaertte
1422 3190 1459 3219 ut
1467 3181 1518 3224 iste
1533 3176 1721 3223 deponatdr‚
1746 3183 1781 3216 ό·
1792 3189 1863 3216 tunc
1864 3182 1984 3224 faciam
2004 3192 2056 3225 ςυσ-

1173 3233 1322 3269 luntatem
1333 3225 1480 3271 vestram}
1503 3259 1506 3262 .
1567 3227 1571 3232 ’

1226 3282 1270 3315 Et
1281 3278 1358 3314 hinc
1369 3280 1615 3324 oriturquaestio
1626 3306 1637 3323 ,
1660 3293 1703 3325 an
1716 3283 1780 3317 sese
1792 3283 1826 3317 in
1847 3281 1994 3328 legitime
2003 3293 2056 3318 ac·

1175 3332 1259 3374 cepti
1274 3330 1422 3364 beneficii
1438 3330 1625 3378 poffieffione
1645 3333 1813 3368 adversum
1836 3333 1970 3377 iniquos
1992 3343 2057 3367 tur-

1178 3382 1306 3415 batores
1324 3381 1467 3424 pecunia
1486 3381 1611 3417 firmare
1632 3407 1643 3424 ,
1669 3384 1704 3418 &
1724 3383 1855 3426 injustas
1879 3382 2055 3423 violentias

1179 3431 1334 3466 redimere
1343 3455 1356 3479 ,
1382 3431 1418 3466 fit
1427 3431 1524 3468 etiam
1537 3433 1709 3470 simonia?
1734 3433 1866 3475 Partem
1883 3431 2051 3473 affirmati-

1927 3490 2004 3524 vam
