2352 3736
162 430 222 462 1²01.
252 439 300 469 97.

408 188 508 247 ‘312

326 268 561 310 annitateim
583 269 645 303 sint
669 264 823 304 Domino
845 269 922 302 Deo
944 267 1142 302 consecrati.
1170 268 1225 303 De

337 322 442 360 Studii
455 319 662 354 Monasterio
675 319 782 353 scribit
794 317 834 351 ad
846 317 956 361 quinti
967 317 1071 355 saeculi
1093 328 1222 354 annum

942 183 1584 229 DrsseuTA‘r-Io

1279 270 1401 311 iquarta
1421 267 1538 302 decima
1558 269 1649 300 Luna
1667 270 1734 300 erist
1749 267 1846 309 juxta
1859 266 1996 313 primum
2020 266 2171 318 mensem4

1291 318 1456 353 Adfirmat
1466 316 1636 352 Christum
1660 317 1847 353 Dominum
1865 330 1936 354 non
1954 330 2067 365 quarta
2087 324 2173 361 deci·

336 370 641 415 quinquagesimum
653 370 805 412 quintum
816 367 951 402 Sanctus
963 367 1095 411 Martyr
1107 367 1224 405 Theo·
1269 371 1271 373 ’
1289 379 1341 402 ma
1351 393 1362 409 ‚
1390 367 1443 402 sed
1454 368 1548 403 tertia
1569 367 1696 402 decima
1720 368 1816 403 Luna
1835 368 2008 405 celebrasse
2021 371 2171 416 Pascha,

334 421 476 465 phanes:
498 423 557 454 Hoc
567 431 646 453 anno
658 415 856 461 Praecursbris'
864 419 1009 460 templum
1021 420 1147 453 studius
1167 431 1223 455 ex-

331 477 455 512 truxit,
481 468 679 505 &traducqos
691 480 728 502 cx
752 467 929 511 insomnium
950 468 1096 511 manfione
1118 472 1222 504 Mona-

330 520 399 555 cbos
411 522 470 555 illic
477 518 595 562 posuit.
623 518 669 552 Et
688 519 724 552 in
741 518 828 554 libro
851 519 894 553 de
918 518 1107 564 originibus
1129 519 1221 555 Con-

331 569 635 612 stantinopolitanis
648 568 816 614 Georgius
839 568 1011 604 Codinus:
1038 571 1136 604 studii
1157 573 1222 605 Mo-

330 620 487 661 nasterium
497 620 622 652 studius
637 621 789 653 Patritius
803 619 935 653 condidit
960 627 1088 663 tempore
1111 624 1219 655 Leonis

320 671 453 705 Macelae
473 695 483 710 ‚
507 671 545 716 v(¹2³
563 670 704 712 plurimis
729 671 845 704 ditavit
861 669 1068 715 poffi’fflonibus
1091 696 1101 712 ,
1131 681 1220 715 atque

329 719 491 754 Monachos
514 721 593 753 mille
611 726 644 755 in
667 732 699 754 eo
718 720 844 762 instituit
857 745 864 752 .
903 719 1011 756 Addit
1034 730 1115 755 tunc
1127 723 1220 757 fuiffe

329 780 421 805 extra
441 781 554 806 muros
577 771 612 804 in
633 770 847 806 Suburbano.
875 769 982 806 Austa
1008 771 1220 815 postmodum

323 820 446 856 civitas
457 821 561 864 ipsum
573 833 669 855 muro
681 821 814 855 inclusit
831 846 838 853 .
866 820 1020 856 Studium
1046 823 1139 856 fuiffe
1152 823 1220 857 Ro-

320 881 383 906 sna
409 870 570 905 advenam
589 870 766 906 Patritium
776 871 917 907 affirmat
929 870 1139 915 Nicephorus
1158 873 1220 906 Ca-

326 920 447 956 lixtus.
478 920 585 968 Qod
611 921 671 955 sub
685 921 781 964 primi
803 920 989 964 Nicephori
1010 922 1153 966 Imperio
1175 924 1218 956 se-

323 969 526 1016 ptingentos
544 971 626 1006 illud
646 969 781 1005 haberet
806 969 1020 1013 Momehos,
1058 972 1218 1008 testantur

325 1022 479 1058 laudatus
488 1018 715 1067 Theophanes
737 1021 771 1055 &
794 1018 979 1057 Anastasius
999 1019 1218 1058 Bibliotheca·

324 1071 391 1106 rius
400 1097 407 1104 .
436 1072 568 1115 Nempe
580 1071 621 1106 ab
632 1071 846 1107 Iconoclastis
858 1071 1113 1116 imperatoribus
1136 1073 1218 1107 sum·

323 1132 393 1157 mas
407 1121 540 1165 injurias
553 1134 591 1157 ac
602 1123 713 1157 ruinas
724 1122 900 1166 pertulerat
916 1146 927 1162 ‚
954 1122 1096 1167 ideoque
1108 1133 1218 1157 nume·-

325 1184 378 1206 rus
386 1170 426 1205 ad
437 1181 600 1209 trecentos
610 1172 815 1208 decreverat.
840 1171 885 1206 Et
898 1174 1023 1215 semper
1037 1171 1217 1207 abundavit

325 1222 404 1258 viris
414 1221 624 1258 dostiffimis.
653 1222 760 1258 Unde
771 1222 805 1256 &
818 1220 874 1257 hic
890 1223 1029 1259 Nicetas
1042 1222 1151 1267 postea
1170 1234 1217 1260 re-

323 1270 387 1306 diit
400 1272 439 1306 ad
453 1274 562 1308 sanam
574 1282 718 1309 mentem
731 1273 765 1309 δε
775 1271 959 1312 doctrinam
971 1295 980 1305 ·

523 1519 872 1571 CAPUT
941 1523 996 1569 V.

320 1660 388 1711 ’.Ἆγι
415 1660 583 1726 Christus
611 1664 793 1708 Domi-aus
811 1664 983 1728 primam
1026 1659 1218 1708 Euchari-

431 1731 546 1779 stiam
561 1731 752 1797 confecerit
765 1734 908 1799 inpane
923 1734 1078 1795 Azymo
1093 1726 1114 1778 ?

439 1871 508 1907 AEc
521 1870 584 1906 fuit
595 1871 748 1916 palmaris
770 1881 808 1905 ac
832 1872 935 1915 prima
960 1870 1134 1906 Michaelis
1159 1870 1218 1905 Ce-

464 1921 624 1956 rularii&
646 1923 769 1956 Leonis
790 1920 950 1956 Acridani
970 1923 1002 1955 in
1026 1923 1216 1956 Romanam

322 1985 365 2007 ac
375 1982 512 2006 omnem
523 1972 679 2006 Latinam
690 1970 867 2006 Ecclesiam
880 1971 1046 2006 calumnia
1058 1985 1070 2006 .-
1108 1976 1219 2011 Azymae

322 2022 436 2064 mystice
459 2022 628 2056 indecenter
647 2021 795 2062 custoditis
815 2047 825 2063 ‚
853 2024 889 2056 (5
905 2028 1125 2056 communicatis
1150 2026 1219 2066 Ju-

325 2075 406 2107 daeis
416 2098 423 2105 .
452 2075 578 2107 Etenim
591 2076 699 2111 Azyma
709 2071 766 2114 ipsi
771 2072 906 2112 custodire
917 2074 938 2105 ἃ
949 2071 1042 2116 Moyse
1044 2072 1113 2113 Juffi
1121 2070 1196 2115 sunt
1207 2096 1218 2113 ,

325 2123 454 2164 nostrum
466 2125 538 2157 vero
551 2121 668 2166 Pascha
678 2121 812 2162 christus
834 2122 894 2163 est.
932 2119 1122 2156 Adfirmant
1148 2123 1218 2157 Do·

325 2175 458 2208 minum
482 2172 562 2208 duas
582 2184 657 2207 cum
681 2171 854 2216 Apostolis
876 2173 910 2206 in
935 2173 1107 2206 noviffima
1140 2181 1217 2207 ante

323 2223 509 2258 Paffionem
521 2225 650 2267 vespera
673 2223 787 2258 fecisse
810 2223 951 2257 Coenas:
991 2223 1104 2256 Aliam
1127 2234 1218 2256 com-

322 2274 481 2319 pletivam
493 2275 607 2309 veteris
617 2298 628 2315 ‚
650 2274 752 2308 aliam
764 2273 844 2306 novi
858 2271 1069 2307 Testamenti
1082 2271 1217 2307 inchoa-

311 2324 448 2359 .tivam.
475 2325 515 2359 In
542 2325 609 2359 sola
631 2323 729 2367 priori
753 2324 869 2357 volunt
889 2324 987 2358 fuisse
1004 2322 1109 2368 legale
1132 2322 1219 2367 Azy·

324 2386 440 2416 mum,
482 2375 517 2409 in
538 2374 707 2419 posteriori
730 2383 841 2408 autern
864 2374 976 2407 usuale
999 2375 1213 2410 fermentum.

324 2426 396 2460 Hic
418 2426 508 2460 enim
528 2426 698 2460 Dominus
724 2424 788 2458 fuir
811 2425 884 2458 usus
907 2424 1150 2469 vino&pane,
1177 2428 1217 2461 de

324 2487 393 2519 quo
410 2486 569 2520 pergunt:
598 2479 656 2508 Vos
666 2476 785 2517 quidem
800 2482 913 2516 panem
927 2499 937 2515 ‚
958 2485 1010 2507 ms
1040 2477 1111 2507 vero
1139 2477 1215 2514 :pm

325 2528 471 2558 dicimus.
499 2523 595 2560 A’i>⁷⁰’
622 2534 723 2558 autem
744 2530 961 2566 interpetratur
984 2526 1121 2558 elevatus
1141 2546 1151 2562 ,
1182 2522 1217 2555 (9·

321 2573 441 2619 sursum
450 2583 614 2617 portatus,
642 2576 661 2605 ci
664 2573 858 2614 fermento&
876 2573 943 2616 sale
966 2575 1090 2607 calorem
1114 2574 1215 2607 &ele-

324 2631 479 2659 vationem
491 2624 605 2656 babens
619 2648 626 2654 .
656 2627 763 2662 Azyma
772 2631 869 2656 autem
880 2622 958 2655 nibil
980 2623 1122 2663 distante?
1144 2623 1218 2662 lapi-

325 2667 433 2717 destne
444 2680 548 2707 anima
561 2698 572 2714 ,
599 2675 633 2707 Θ
648 2675 706 2707 luto
721 2674 828 2706 lateris
844 2671 977 2716 deorsum
987 2673 1143 2714 conjum‘la
1160 2679 1217 2704 ter-

325 2736 394 2765 rae,
433 2726 467 2758 Θ
483 2722 548 2765 sicco
571 2725 633 2763 luto
652 2731 840 2765 comparata.
871 2721 1062 2757 Asseverant
1086 2721 1217 2766 Azyma

325 2786 396 2809 non
406 2776 469 2809 esse
480 2785 593 2808 verum
616 2785 734 2817 panem
748 2797 758 2813 ,
786 2772 928 2816 ideoque
951 2783 1011 2806 nec
1035 2782 1144 2816 aptam
1164 2772 1216 2806 Sa-

325 2835 495 2860 cramento
507 2824 696 2858 materiam.
725 2823 816 2858 Idem
828 2823 976 2857 adfirmat
1000 2824 1138 2858 Nicetas
1159 2820 1216 2855 Pe-

326 2876 487 2910 floratus:
515 2878 657 2913 Azymum
681 2885 739 2907 non
764 2873 802 2912 est
832 2879 924 2915 panis
946 2897 952 2904 .
990 2876 1098 2914 Neque
1137 2876 1216 2906 enim

327 2924 518 2968 compositus,
543 2935 634 2966 neque
655 2932 711 2966 per
733 2920 864 2966 seipsum
885 2921 1036 2964 perfidus
1062 2921 1101 2961 esi
1113 2945 1124 2961 ,
1159 2920 1220 2964 sed

327 2977 489 3020 indigens,
512 2972 642 3019 semique
664 2971 814 3016 perfee‘lus
826 2997 837 3013 ,
866 2974 1006 3016 indigens
1026 2972 1216 3013 plenitudine

323 3024 495 3066 fermenti.
535 3027 635 3059 Panis
671 3031 771 3057 autem
811 3022 974 3065 compofitus
1005 3030 1064 3064 Per
1085 3020 1150 3065 seip
1166 3031 1216 3054 um

328 3074 477 3115 perfeHus
504 3075 542 3115 est
567 3078 601 3110 &¹
622 3075 819 3118 plemffimus,
856 3082 913 3106 tcut
949 3073 998 3107 ille
1035 3078 1088 3115 qui
1124 3079 1217 3106 totum

333 3121 420 3156 habet
446 3130 478 3156 in
498 3125 595 3169 seipso
616 3125 835 3168 plenitudinis.
865 3122 994 3158 Verum
1014 3133 1133 3166 panem
1148 3120 1216 3155 vult

334 3180 405 3204 nou
426 3174 492 3207 sola
513 3176 618 3209 farina
638 3176 672 3209 &
694 3184 777 3216 aqua
791 3198 802 3214 ,
839 3173 893 3207 sed
917 3173 1046 3217 insuper
1067 3170 1216 3208 constare

334 3219 497 3255 fermento
518 3235 553 3257 ac
573 3225 636 3259 sale
655 3250 661 3255 .
709 3224 815 3258 Addit
836 3222 1006 3257 Christum
1028 3222 1216 3258 Dominum

334 3269 437 3304 nullis
448 3269 482 3302 in
494 3273 661 3307 noviffima
675 3274 779 3308 Coena
791 3272 932 3316 Azymis
945 3274 1040 3307 usum
1052 3298 1059 3305 .
1090 3273 1133 3306 Et
1145 3283 1216 3316 pro-

335 3317 414 3354 bat:
451 3320 601 3362 ,Quoniam
621 3325 738 3363 quidem
759 3323 909 3364 oportebat
920 3329 989 3365 pati
1010 3322 1156 3364 christum
1172 3321 1217 3365 se-

334 3365 465 3404 cundum
476 3370 554 3402 diem
565 3370 668 3412 legalis
680 3371 822 3412 Pascha,
842 3380 874 3405 in
894 3385 955 3415 qua
976 3378 1079 3417 Agnus
1101 3372 1141 3406 ab
1163 3377 1217 3405 He.

335 3419 428 3454 ὄιν-«ευ
440 3418 666 3452 immolabatur.
694 3423 833 3459 oportuit·
854 3428 933 3454 enim
947 3424 1014 3465 fieri
1036 3422 1157 3466 Pascha
1178 3422 1216 3455 ab

337 3468 574 3512 interfecfforibus
588 3471 643 3503 Dei
653 3466 868 3511 insextaferitr
880 3493 890 3509 ‚
914 3476 948 3503 in
971 3483 1031 3513 qua
1049 3474 1173 3506 tandem
1184 3473 1218 3506 Θ

1233 3446 1236 3477 1

1229 3511 1240 3565 l

1289 417 1393 464 legale
1415 427 1544 463 tempus
1563 418 1618 453 die
1636 428 1706 453 uno
1725 419 1933 462 praeveniffe,
1959 428 2058 465 atque
2077 420 2170 463 itain

1286 468 1353 511 ejus
1365 471 1475 503 mensa
1488 480 1557 503 non
1568 469 1662 503 fuisse
1673 469 1842 512 Azymum
1856 494 1864 503 .
1890 468 2044 507 Paschale
2054 466 2170 509 festum

1286 519 1356 553 vult
1377 518 1524 554 incidiffe
1550 519 1586 553 in
1610 517 1813 554 sabbathum
1829 545 1842 562 ‚
1886 531 1958 555 non
1982 519 2021 556 in
2046 521 2170 559 sextam

1286 570 1422 603 feriam:
1450 569 1619 604 Christum
1646 570 1835 605 Dominum
1860 568 2005 606 debuisse
2039 571 2171 616 occidi,

1284 620 1317 653 ἀ
1353 619 1487 654 cruente
1521 619 1684 655 immolari
1721 621 1789 664 ipsa
1835 618 1986 656 paschali
2022 624 2171 667 vespera,

1284 668 1425 714 ideoque
1449 671 1482 705 &
1508 670 1638 715 antiqui
1663 670 1697 704 &
1723 671 1803 705 novi
1829 670 2040 707 Testamenti
2066 673 2170 709 Sacra·

1283 721 1425 755 mentale
1466 719 1592 755 Pascha
1630 719 1724 755 fuisse
1758 720 1800 756 ab
1836 722 1908 766 ipso
1934 723 1968 756 δε
1993 722 2172 767 anticipan—

1283 767 1360 804 dum
1374 771 1408 805 &
1420 772 1635 815 anticipatum
1654 795 1661 804 .
1689 770 1818 806 Laudat
1830 772 1938 808 Sancti
1950 773 2049 809 Lucae
2060 773 2172 816 verba,

1285 825 1402 863 Accepit
1419 829 1533 864 panem
1554 823 1589 855 <9¹
1610 820 1783 856 benedicens
1799 821 1900 867 fregit
1921 847 1933 865 ‚
1977 834 2077 868 atque
2101 834 2172 868 pro·-

1283 871 1425 915 sequitur
1439 886 1452 905 .·
1479 875 1558 906 Ecce
1570 873 1605 906 ὀ*
1615 876 1713 906 Lucas
1724 877 1854 914 accipere
1862 880 1974 915 panem
1986 875 2068 908 dixit
2079 872 2171 908 Chri-

1278 919 1358 961 stum
1369 946 1380 962 ‚
1408 923 1444 955 (0⁸
1453 932 1512 955 non
1531 933 1666 961 azymum
1678 947 1685 954 .
1713 926 1788 956 Non
1799 927 1877 956 enim
1889 923 1990 958 adbuc
1997 933 2064 958 erat
2071 922 2170 968 [σκιά.-

1277 969 1371 1011 feriae
1393 972 1478 1005 dies.
1504 974 1610 1006 Tertia
1631 973 1743 1006 decima
1763 980 1830 1007 erat
1850 976 1940 1008 Luna
1950 980 1983 1006 in
1994 975 2048 1008 illa
2058 979 2171 1017 quinta

1277 1019 1363 1061 feria
1379 1044 1390 1060 ,
1417 1022 1452 1055 o·
1471 1032 1530 1054 non
1550 1031 1615 1054 erat
1632 1034 1789 1063 azymum,
1816 1034 1910 1067 neque
1938 1024 2036 1058 adbuc
2058 1025 2172 1058 ablatio

1277 1069 1480 1111 fermentati.
1509 1069 1653 1105 Videtur
1662 1083 1737 1105 cum
1748 1072 1916 1109 Michaele
1926 1073 2116 1108 Patriarcha
2135 1075 2172 1109 <Sc

1285 1120 1400 1155 Leone
1421 1117 1682 1165 Archiepiscopo
1703 1122 1788 1156 cirea
1811 1122 1877 1156 hoc
1909 1126 2065 1166 punitum
2100 1136 2171 1159 noa

1284 1170 1478 1204 convenire.
1508 1171 1615 1219 Qod
1628 1171 1717 1206 enim
1731 1171 1880 1206 Christus
1902 1172 2073 1207 Dominus
2092 1173 2174 1219 legi·

1285 1221 1368 1255 timo
1378 1220 1660 1265 die&antiquum
1672 1220 1843 1266 Iudaicum
1867 1222 1901 1256 ὃς
1929 1233 2055 1257 novum
2076 1222 2172 1259 Chri-

1285 1270 1424 1305 stianum
1437 1270 1562 1306 Pascha
1574 1272 1753 1317 peregerit,
1792 1271 1943 1307 videntur
1966 1272 2002 1307 hi
2023 1271 2174 1309 admitte-

1284 1331 1339 1354 re:
1367 1320 1413 1355 Et
1433 1321 1605 1355 dumtaxat
1629 1322 1712 1356 velle
1725 1323 1822 1366 quod
1847 1323 1973 1365 antiqui
2003 1321 2172 1358 Paschatis
2209 1367 2212 1370 Α

1284 1381 1400 1414 azyma
1420 1370 1439 1405 ὲ
1461 1382 1552 1406 novo
1571 1372 1764 1406 excluserit.
1793 1372 1947 1406 Eundem
1966 1382 2078 1408 tamen
2100 1374 2174 1418 ipsis

1284 1432 1429 1456 errorem
1449 1420 1601 1456 adscribit
1631 1422 1819 1457 Cardinalis
1840 1422 2066 1458 Humbertus:
2093 1428 2175 1460 Hinc

1285 1471 1363 1505 nihil
1367 1470 1646 1515 tergiversationum
1658 1472 1818 1512 vestrarum
1822 1478 2175 1516 praetermittentes‚quiae

1284 1521 1472 1563 consideratis
1485 1522 1765 1564 vestrofermentato
1782 1521 1943 1566 secundum
1964 1524 2056 1568 legem
2077 1523 2112 1556 et
2130 1526 2178 1557 E·

1285 1569 1538 1615 vangffltumjuste
1549 1575 1712 1606 contradici
1723 1597 1734 1613 ‚
1761 1572 1910 1614 adstruere
1929 1578 2065 1607 nitimini
2075 1575 2176 1607 Domi-

1286 1632 1356 1654 num
1368 1632 1425 1653 non
1436 1620 1584 1663 celebrasse
1595 1620 1713 1664 Pascha
1724 1631 1791 1653 cum
1795 1625 1927 1666 Judaeis
1940 1633 2048 1665 quarta
2057 1624 2174 1658 decima

1287 1674 1377 1702 Luna
1390 1669 1494 1711 menfis
1501 1675 1595 1712 primi
1606 1693 1617 1710 ‚
1633 1669 1693 1714 sed
1691 1669 1869 1716 priusquam
1877 1672 1964 1716 fieret
1974 1674 2081 1717 legalis
2091 1673 2174 1716 abje-

1286 1719 1341 1751 c‘lio
1346 1718 1524 1759 fermentati
1535 1745 1542 1752 .

1336 1766 1514 1815 Qidquid
1535 1770 1574 1804 sit
1597 1769 1639 1806 de
1659 1770 1830 1808 Michaele
1852 1785 1890 1808 ac
1912 1774 2050 1814 Leone,
2078 1773 2175 1808 fuiffe

1286 1819 1465 1856 tuncinter
1478 1820 1610 1856 Graecos
1631 1821 1864 1858 Schismaticos
1885 1823 1982 1858 istam
2002 1823 2175 1858 sententia,-

1286 1882 1357 1906 rum
1371 1867 1558 1906 varietatem
1571 1896 1583 1912 ,
1603 1871 1828 1908 demonstrant
1839 1871 1906 1907 haec
1917 1873 2042 1908 laudati
2062 1873 2175 1908 Hum-

1285 1921 1365 1957 berti
1377 1920 1490 1957 verba:
1519 1927 1575 1956 Hic
1597 1934 1634 1955 ne
1652 1925 1729 1965 quid
1747 1930 1846 1956 minus
1862 1923 1984 1965 fac‘i'um
2005 1924 2174 1965 videatur,

1286 1978 1377 2007 etiam
1401 1971 1575 2012 vestratium
1595 1973 1730 2006 ridicula·
1751 1979 1882 2014 opinioni
1905 1973 2086 2014 obviamus,
2122 1978 2177 2016 qul

1287 2034 1344 2056 non
1355 2027 1543 2056 invenientes
1555 2033 1683 2064 quonam
1690 2021 1865 2065 sanci'arum
1883 2024 2105 2065 Scripturarum
2122 2022 2176 2065 fu-

1286 2075 1379 2106 niculo
1383 2070 1529 2115 scapham
1541 2071 1773 2116 affertiomssuae
1780 2070 1961 2115 pertrabant
1971 2074 2026 2106 rad
2049 2074 2174 2114 alicujus

1282 2123 1458 2163 stabilitatis
1469 2123 1577 2164 littus,
1616 2122 1787 2162 fluduando
1805 2121 2025 2165 pertrabuntur
2044 2127 2077 2155 in
2096 2123 2174 2156 illud

1287 2173 1402 2206 divinae
1413 2175 1643 2214 Omnipotemiae
1661 2174 1800 2216 pelagus.
1833 2177 1976 2214 Namque
1993 2169 2173 2215 scili-nanti·

1287 2223 1341 2256 bus
1354 2222 1435 2255 nobis
1447 2246 1457 2262 ‚
1483 2223 1561 2256 unde
1576 2225 1719 2255 Dominus
1734 2222 1871 2264 JESUS
1885 2229 1916 2255 in
1926 2226 2022 2255 Coena
2038 2221 2173 2264 fer-mem

1288 2282 1387 2306 tatum
1399 2271 1556 2314 babuerit,
1583 2283 1647 2305 cum
1658 2278 1691 2304 in
1712 2273 1844 2305 omnibus
1866 2271 1977 2314 finibus
1998 2270 2095 2316 Israel
2113 2283 2172 2306 non

1288 2328 1476 2357 inveniretur
1489 2347 1501 2364 ,
1526 2320 1720 2366 respondent:
1749 2324 1781 2355 Si
1807 2324 1935 2356 creditur
1955 2326 2171 2365 omnipotens,

1284 2379 1382 2416 potuit
1386 2366 1487 2416 subito
1496 2374 1692 2415 undecumque
1701 2372 1919 2413 fermentatum
1929 2372 2086 2414 exhibere,
2115 2379 2174 2405 auo

1287 2425 1363 2458 certe
1375 2421 1471 2467 ipsum
1481 2423 1833 2463 azymumbenedicendo
1844 2422 2052 2465 fermentare.
2079 2418 2172 2455 Fate-

1287 2473 1406 2508 bantur
1432 2472 1470 2508 hi
1493 2474 1682 2508 Dominum
1705 2472 1880 2516 JESUM,
1908 2484 1948 2506 ne
1966 2473 2049 2517 legis
2070 2470 2170 2504 trans·

1287 2524 1462 2569 gressorem
1475 2524 1579 2559 fateri,
1593 2533 1789 2568 cogerentur
1805 2547 1815 2563 ,
1828 2558 1831 2561 ,
1842 2522 2016 2566 Judaicum
2043 2519 2171 2555 Pascha.

1284 2575 1363 2609 &in
1379 2573 1479 2619 legali
1490 2573 1543 2608 die
1554 2574 1588 2608 ὅ(
1600 2573 1635 2607 ἰιι
1647 2573 1743 2618 legali
1758 2584 1878 2615 azymo
1891 2570 2059 2605 celebrasse
2073 2595 2082 2610 ,
2111 2582 2170 2604 no·

1287 2624 1397 2659 lebant
1413 2635 1524 2658 tamen
1535 2623 1655 2666 abipso
1665 2634 1769 2656 vetera
1783 2621 1897 2661 novis,
1939 2631 1995 2655 aut
2018 2620 2169 2654 Mosaica

1285 2675 1447 2717 permixta
1471 2673 1703 2717 Evangelicis‚
1728 2670 1870 2712 ideoque
1893 2681 2018 2704 novum
2042 2668 2166 2705 Pascha

1285 2724 1378 2758 fuisse
1390 2725 1552 2767 peractum
1564 2722 1598 2755 in
1623 2721 1727 2755 usuali
1749 2721 1931 2755 fermento.
1961 2717 2065 2768 Quod
2090 2721 2167 2762 quia

1284 2773 1346 2808 isto
1356 2773 1410 2808 die
1422 2772 1552 2816 reperiri
1567 2782 1634 2804 non
1649 2780 1773 2814 poterat
1786 2770 1821 2804 in
1843 2769 1961 2810 Israel,
2000 2769 2168 2814 confugie-

1284 2824 1363 2857 bant
1375 2821 1416 2855 ad
1429 2821 1577 2856 divinam
1586 2819 1707 2855 Christi
1717 2819 1862 2854 Domini
1873 2820 2168 2863 omnipotentiam,

1282 2872 1453 2917 fingebant
1465 2872 1532 2905 fine
1542 2869 1758 2905 fundamento
1770 2870 1925 2906 miracula
1937 2894 1949 2911 ,
1974 2871 2009 2905 ἀ
2032 2869 2168 2913 insigni-

1280 2934 1328 2957 ter
1352 2921 1563 2967 nugabantur
1582 2946 1589 2953 .
1631 2921 1715 2967 Qua:
1737 2921 1852 2956 omnia
1872 2918 1999 2955 erudite
2029 2919 2167 2953 demon-

1282 2973 1357 3006 strat
1370 2971 1521 3006 laudatus
1533 2970 1757 3005 Humbertus.
1786 2971 1898 3006 Etiam
1922 2970 1957 3004 in
1978 2968 2167 3003 Florentini

1280 3022 1430 3057 Concilii
1447 3021 1615 3066 Apologia
1629 3021 1824 3056 Gennadius
1846 3018 2004 3055 secundus
2028 3018 2168 3054 Patriar-

1280 3072 1342 3108 cha
1373 3071 1765 3115 Constantinopolitanus
1785 3097 1793 3105 .
1830 3071 1874 3104 Et
1895 3068 1975 3104 hinc
1999 3070 2169 3115 nugacita-

1281 3133 1348 3158 tem
1360 3122 1452 3156 istam
1476 3122 1534 3156 alii
1559 3121 1782 3165 improbantes
1801 3119 1954 3154 dixerunt
1974 3119 2165 3154 Dominum

1281 3173 1462 3218 praeveniffe
1484 3172 1622 3217 legalem
1643 3172 1730 3205 diem
1751 3194 1762 3210 ,
1799 3179 1897 3213 atque
1922 3172 1965 3204 ita
2001 3170 2163 3203 fermento

1281 3224 1418 3268 primam
1443 3222 1681 3256 Eucharistiam
1705 3220 1920 3254 consecrasse.
1949 3219 1995 3254 Et
2017 3219 2165 3253 haecsen-

1281 3276 1382 3309 tentia
1394 3274 1504 3317 passim
1526 3271 1648 3316 placuit
1664 3269 1874 3304 zelosioribus
1894 3270 1985 3304 istius
2005 3266 2163 3304 Schisma-

1281 3325 1357 3359 ticis
1380 3319 1610 3359 Doaoribusx.
1658 3321 1847 3355 Commune
1864 3320 2016 3356 omnium
2037 3316 2162 3361 dogma.

1280 3375 1325 3409 est
1363 3372 1534 3408 Christum
1571 3370 1759 3404 Dominum
1796 3383 1866 3406 non
1900 3366 2076 3403 confecisse
2124 3367 2162 3401 in

1280 3436 1415 3467 azymo.
1445 3424 1570 3456 Omnes
1594 3430 1715 3465 negant
1742 3431 1856 3463 azyma
1880 3419 1943 3452 esse
1975 3426 2085 3461 aptam
2107 3416 2162 3451 Sa·

1281 3484 1448 3509 eramento
1463 3470 1632 3507 materiam
1644 3495 1655 3511 ,
1669 3469 1806 3515 ideoque
1816 3477 1876 3503 nos
1885 3478 1990 3502 carere
2003 3477 2082 3550 ver?1
2093 3466 2163 3508 Eu·-¹

2039 3529 2057 3551 c
2084 3528 2112 3552 a·
