2352 3736
21 2280 75 2320 Qu
109 2287 156 2319 55»

29 2885 100 2923 Cap.
120 2894 147 2923 ς.

661 138 702 182 S.

207 237 284 273 pter
302 225 531 269 aliam'causam
553 225 603 258 boc
625 229 742 270 agimus
756 250 763 258 .
790 229 823 258 Si
845 230 923 258 enim
950 230 983 258 in
1003 222 1102 258 diebus

216 276 341 321 Paftbae
365 281 503 316 azymum
516 284 631 318 panem
650 278 760 319 aliquis
771 276 908 310 comedat
925 300 936 314 ,
955 274 1020 317 five
1031 280 1102 317 quia

213 340 274 361 non
283 326 374 361 babet
384 329 478 360 alium
488 352 499 367 ‚
504 326 571 368 sive
579 333 653 369 quia
666 327 716 359 illo
725 332 826 372 ‚magis
838 325 1001 360 deleliatur
1010 326 1102 367 quam

211 377 376 420 fermento,
401 385 455 410 aut
472 376 502 418 fi
515 381 584 419 quis
606 385 731 419 propter
753 375 963 417 infirmitatem
981 382 1102 417 praepu-

213 433 288 460 tium
297 428 500 460 circumcidere
508 431 635 471 cogitur,
663 435 716 459 aut
719 425 751 467 fi
757 425 827 458 bovi
845 423 899 467 suo
922 430 990 467 quis
1018 431 1102 458 tritu-

211 483 318 518 ranti,
344 489 381 511 ne
391 475 520 520 esuriat,
546 488 579 509 or
590 488 647 509 non
672 477 810 514 obturat,
837 475 935 508 nullus
957 474 1013 516 nisi
1038 472 1101 515 infi-

207 533 300 570 piens
309 526 372 561 haec
390 536 525 572 agentem
534 527 714 571 Judaizare
731 524 906 566 judicabit.
934 527 1013 558 Cum
1034 535 1100 567 ergo

212 586 384 620 nos-panem
395 575 737 619 Azymumsacrtficamus
755 598 766 614 ,
791 584 824 608 ut
829 583 886 616 per
910 579 1010 613 Azymi
1025 573 1099 616 figu-

210 639 280 660 ram
302 629 394 662 talem
414 631 575 663 Dominum
596 624 752 666 JsssUM
766 624 855 668 fuisse
870 623 1062 669 fignificemus
1088 646 1099 662 ‚

208 678 265 710 vel
279 686 316 711 ut
332 675 432 720 ipsum
446 684 560 718 panem
581 680 616 707 in
637 682 740 716 corpus
762 677 825 715 ejus
852 699 863 714 ‚
900 676 1010 708 divina
1035 680 1098 715 ope·

207 737 298 761 rante
318 733 457 771 virtute,
477 723 552 765 ficut
573 724 636 768 ipse
650 723 748 766 fecit,
769 723 990 767 sancqificemus
1002 747 1014 762 ,
1050 734 1099 756 ne-

207 787 360 819 quaquam
379 781 413 807 m
435 774 487 807 boc
508 776 581 818 legis
604 774 778 815 vetustatem
784 773 944 817 servamus
957 797 968 813 ,
987 771 1046 817 sed
1055 775 1098 805 Ε-

207 827 342 871 vangelii
361 831 523 863 veritatem
544 825 722 858 celebramus
735 849 742 855 .
770 823 902 866 Judaica
914 825 1098 858 Sacramen-

207 885 244 909 ta
263 871 334 913 Jnon
353 877 430 916 sunt
452 876 520 909 sola
538 885 577 907 ac
598 874 710 913 nuda,
738 874 790 907 sed
803 874 921 913 certis,
948 884 1020 917 quae
1031 873 1097 917 jam

206 923 600 967 evacuatae&adimp1etae
610 924 709 963 sunt,
736 923 1036 968 fignificationibus
1059 935 1096 958 ac

206 975 473 1019 promistionibus
495 973 606 1007 vestita
626 973 788 1008 elementa
809 999 820 1014 ‚
855 974 1000 1017 ideoque
1039 973 1095 1016 qui

204 1024 324 1068 ipsaab
335 1023 575 1063 hiscedividit‚
602 1024 635 1057 &
658 1023 821 1057 ficdivifis
846 1025 965 1062 utitur,
999 1024 1094 1058 nullo

203 1073 308 1110 modo
319 1074 486 1117 Judaizat.
514 1073 723 1117 Alioquin&
746 1074 935 1112 Graecorum
959 1075 1097 1108 fermen-

203 1133 283 1158 tum
300 1125 362 1165 erit
381 1124 581 1168 Judaismus.
609 1123 677 1157 Res
700 1123 819 1157 clarior
840 1123 905 1165 est,
935 1136 1035 1168 quam
1059 1134 1095 1158 ut

205 1174 405 1214 elucidetur,
433 1174 516 1208 Earn
539 1173 672 1207 interim
687 1171 773 1216 apud
793 1174 948 1209 Sanstum
962 1175 1099 1218 Cypria-

206 1235 288 1257 num
301 1224 471 1269 insigniter
481 1221 624 1257 elucidat
637 1223 764 1257 Auster
778 1224 972 1268 incognitus
983 1225 1024 1259 de
1035 1236 1097 1258 car·

203 1271 371 1314 dinalibu's
392 1273 518 1312 Christi
538 1272 688 1316 operibus
711 1275 747 1307 in
769 1274 920 1308 sermone
942 1275 985 1309 de
1020 1275 1100 1310 Un-

202 1325 313 1358 ssione
326 1322 539 1358 Chrismatis.
562 1322 654 1356 Hinc
665 1322 886 1358 fundamento
898 1335 985 1359 caret
998 1326 1099 1359 etiam

204 1372 275 1407 haec
286 1374 394 1407 Marci
406 1373 538 1418 Ephesii
550 1373 713 1408 calumnia
727 1387 734 1406 :
765 1377 830 1412 Duo
840 1373 966 1418 diversa
988 1375 1100 1414 symbo-

204 1426 238 1457 la
249 1428 412 1456 recitantur
423 1449 430 1456 .
459 1427 525 1455 Duo
531 1422 603 1466 sunt
612 1423 780 1463 differentia
787 1423 1001 1466 sacrificiorum
1009 1436 1101 1468 gene-

203 1486 257 1509 ra:
287 1475 414 1507 alterum
436 1474 514 1515 quod
530 1482 614 1515 pane
636 1473 820 1514 fermentato
842 1475 1016 1516 conficitur,
1057 1476 1098 1508 al-

203 1533 303 1557 terum
326 1524 408 1566 quod
425 1535 524 1562 azymo
544 1548 551 1555 .
590 1524 727 1557 Etenim
757 1535 827 1558 non
849 1524 922 1567 plus
942 1534 1098 1566 azymum

204 1574 468 1613 &fermentum,
493 1574 594 1619 quarn
606 1572 717 1606 album
739 1573 774 1606 &
800 1572 933 1606 rubrum
958 1573 1097 1613 vinum,

202 1623 328 1657 faciunt
348 1622 418 1662 duo
440 1622 594 1655 sacrificia
616 1646 623 1653 .
660 1621 840 1657 Calumnia
872 1621 970 1657 latius
991 1622 1097 1657 revin-

202 1672 250 1706 cit
271 1671 449 1716 Gregorius
461 1671 752 1714 Protosyncellus‚
779 1671 889 1715 postea
916 1673 1096 1715 Gregorius

201 1720 391 1756 Patriarcha
414 1720 458 1756 ob
488 1722 676 1755 constanter
699 1721 864 1755 defensam
897 1721 1098 1755 Florentinae

202 1771 532 1815 Synodiunionema
554 1769 774 1805 Schismaticis
796 1770 916 1813 ejestus
936 1783 979 1805 ex
1008 1771 1098 1805 Con·

202 1821 497 1865 stantinopolitana
529 1820 608 1854 urbe
630 1845 637 1852 .
674 1821 717 1854 Et
735 1831 817 1855 tunc
839 1820 894 1855 illa
915 1821 979 1855 fuit
1003 1829 1096 1869 capta

201 1871 354 1908 {Turcis
370 1896 379 1909 ,-

254 1921 326 1955 Cur
335 1930 447 1959 autem
468 1931 530 1957 nos
549 1919 661 1954 Latini
687 1931 808 1963 azymo
830 1920 942 1965 potius
965 1931 1096 1956 utamur

201 1970 300 2014 quam
313 1972 499 2010 fermento,
525 1968 603 2003 duas
626 1970 691 2013 jam
703 1971 846 2005 rationes
869 1971 1054 2005 audivimus
1076 1971 1095 2004 ὲ.

201 2022 320 2055 δηιᾶο
332 2020 494 2055 Anselmo
506 2046 513 2053 .
539 2020 651 2054 Prima
661 2021 706 2053 est
719 2045 730 2059 ‚
757 2030 794 2054 ut
806 2031 860 2064 per
878 2022 989 2063 azymi
1013 2022 1095 2065 figu-

200 2082 270 2104 ram
278 2070 497 2114 significemus
511 2070 611 2103 talem
622 2070 716 2103 fuisse
726 2071 916 2104 Dominum
932 2070 1090 2114 JESUM

201 2119 370 2153 Christum
384 2144 391 2151 .
418 2120 456 2152 In
469 2119 702 2163 quaestionibus
722 2121 815 2163 super
838 2120 948 2155 Exodi
971 2120 1091 2155 librum

201 2170 371 2214 infigniter
401 2170 545 2204 elucidat
578 2170 724 2214 Magnus
754 2170 944 2205 Graecorum
966 2172 1092 2205 Dot'tor

200 2219 440 2253 Theodoretus
464 2233 470 2252 :
510 2222 611 2252 Panes
633 2232 691 2253 non
707 2220 914 2261 fermentatos
936 2246 949 2262 ‚
971 2222 1009 2253 id
1031 2220 1092 2262 est,

199 2281 315 2308 azymos
329 2270 426 2304 Altari
434 2268 596 2310 offerebant
599 2273 633 2314 J
635 2271 716 2303 udaei
729 2294 740 2309 ,
758 2269 966 2311 fermentatos
989 2280 1091 2304 autem

201 2319 304 2360 offerre
315 2323 459 2352 Dominus
466 2318 622 2361 probibet,
646 2331 684 2353 ex
699 2318 882 2362 sensibilibus
910 2332 963 2353 nos
985 2321 1091 2354 docens

200 2382 256 2410 ea,
279 2381 347 2411 quae
365 2375 521 2411 pertinent
543 2370 588 2402 ad
606 2370 803 2403 intellectum.
830 2374 911 2403 Cum
933 2375 1012 2404 enim
1036 2379 1093 2413 pa-

200 2424 248 2452 nis
275 2430 394 2458 azymus
420 2431 458 2452 ex
484 2427 609 2461 tempore
631 2421 690 2463 fiat
708 2443 719 2459 ‚
746 2419 953 2461 fermentatus
989 2430 1092 2455 autem

199 2468 311 2502 babeat
335 2470 452 2511 aliquid
478 2469 622 2510 fermenti
659 2476 771 2504 veteris
792 2493 802 2508 ,
836 2469 971 2512 prohibet
1013 2471 1061 2504 lex
1081 2495 1092 2511 ‚

199 2530 236 2551 ne
260 2519 335 2561 quid
359 2522 547 2562 AEgyptiacae
572 2519 715 2556 doc‘irmae
752 2521 839 2555 rebus
884 2522 999 2554 divims
1036 2522 1091 2554 crd-

200 2567 355 2610 misceatur
378 2592 388 2607 ,
412 2570 660 2612 quemadmodum
686 2572 720 2603 (0⁶
746 2573 892 2603 Dominus
912 2569 1011 2614 sacris
1037 2572 1093 2603 Di-

195 2616 317 2660 scipulis
344 2620 427 2652 dixit
453 2631 460 2650 :
499 2623 618 2652 Cavete
651 2621 672 2651 a
690 2620 842 2661 fermento
866 2621 1036 2655 Scribarum
1059 2622 1093 2654 (Ὗ

202 2666 422 2709 Pharisaeorum
441 2692 448 2699 .
498 2669 601 2716 Qod
639 2670 743 2713 ipsum
778 2671 893 2713 repetit
928 2672 962 2704 in
989 2671 1091 2715 prima

200 2715 377 2760 quaestione
392 2718 484 2758 super
495 2718 614 2752 librum
624 2719 776 2754 Levitici.
807 2720 962 2755 Affirmat
975 2721 1010 2754 &
1021 2733 1092 2764 azy-

200 2778 254 2800 ma
267 2767 329 2800 esse
341 2776 452 2799 verum
474 2777 592 2809 panem
606 2793 617 2808 ,
642 2771 676 2803 ὅ(
700 2769 897 2805 fermentum
916 2773 980 2805 esre
996 2772 1092 2806 vitio-

502 152 590 182 DE
771 138 1109 182 LEONIS

200 2818 241 2850 sae
255 2815 515 2860 significationis.
543 2817 640 2851 Hanc
651 2819 686 2853 in
708 2821 810 2862 prima
831 2821 872 2854 ad
895 2820 1107 2855 Corinthios'

199 2865 350 2910 Epistola
371 2865 511 2908 exponit
533 2865 714 2908 Apostolus
736 2882 746 2900 .-

200 2918 300 2952 dicum
303 2915 487 2957 fermentum
497 2924 589 2949 totam
612 2917 732 2960 massam
752 2920 939 2960 corrumpit?
966 2925 1092 2962 Expur-

196 2974 268 3010 gate
287 2976 375 3001 vetus
404 2964 585 3006 fermentum
603 2990 614 3005 ‚
652 2976 685 2999 ut
709 2966 774 3008 fitis
805 2980 885 3001 nova
916 2968 1092 3012 consperfio,

193 3015 267 3058 ficut
287 3016 353 3055 estis
379 3021 473 3054 azymi
490 3041 498 3048 .
525 3019 649 3048 Etenim
672 3015 786 3059 Pascha
809 3017 934 3057 nostrum
959 3022 1090 3052 immola-

199 3074 251 3098 tus
273 3065 312 3105 est
332 3065 482 3106 cbristus.
513 3070 617 3108 Itaque
627 3067 799 3108 epulemur,
826 3079 883 3101 non
896 3074 927 3101 in
936 3068 1090 3109 fermento

199 3120 298 3149 veteri
310 3138 321 3154 ‚
346 3126 439 3156 neque
449 3123 486 3150 in
490 3115 642 3156 fermento
654 3117 779 3151 malitiae
791 3118 827 3154 &¹
848 3124 986 3160 nequitiae
998 3144 1008 3159 ‚
1033 3118 1055 3162 s
1051 3121 1090 3152 ed

200 3171 233 3199 in
246 3169 356 3203 azymis
362 3164 586 3205 finceritatis&
610 3172 751 3199 veritatis
770 3191 777 3198 .
804 3167 859 3201 Ut
879 3178 961 3212 ergo
980 3170 1015 3202 &
1039 3180 1090 3203 ve·

198 3226 272 3250 rum
286 3214 628 3259 &mysticumJEsU
643 3216 766 3251 Christi
793 3217 922 3263 Corpus
942 3219 1010 3251 esse
1032 3229 1090 3252 no·

199 3276 276 3299 vam
288 3264 354 3297 fine
378 3265 502 3299 macula
523 3267 557 3299 &
580 3278 657 3311 ruga
686 3267 875 3301 creaturam
901 3267 1089 3310 profiteatur

200 3314 322 3349 Latina
333 3314 497 3352 Ecclefia‚
524 3316 628 3357 ipsum
647 3319 767 3360 semper
787 3316 882 3351 duxit
907 3318 942 3350 in
969 3329 1088 3360 azymo

201 3366 311 3406 potitis
333 3363 430 3408 quam
458 3365 619 3399 fermento
652 3367 938 3401 consecrandum.
974 3367 1087 3403 Altera

200 3411 300 3457 hujus
311 3415 409 3450 moris
422 3426 474 3460 per
489 3412 640 3450 sanetum
656 3417 848 3452 Anselmum
861 3417 991 3453 laudata
1004 3418 1088 3453 ratio

784 2875 819 2902 N
820 2869 916 2912 escttt's
945 2877 1017 2914 quia
1034 2884 1092 2904 mo·

1179 134 1415 179 N0N1
1485 135 1791 178 Acrls.
1887 149 1981 192 319

1163 223 1208 257 est
1221 221 1365 258 Domini
1378 222 1594 267 exemplum,
1612 221 1654 257 de
1673 235 1741 269 quo
1752 223 1819 268 jam
1830 222 1960 259 ostendi
1983 236 2053 260 non

1159 275 1224 311 esse
1236 271 1460 308 dubitandum
1474 297 1482 306 .

1339 460 1688 511 CAPUT
1756 465 1882 511 VII.

1158 582 1224 632 An
1253 581 1404 628 Latina
1444 579 1612 645 Ecclesia
1638 584 1677 626 in
1688 578 1762 645 fi‘0
1791 581 1986 647 Sacrificio
1997 581 2058 649 fit

1323 647 1478 725 ’stmper
1503 649 1575 722 usa
1588 667 1689 723 pane
1714 649 1884 715 azymo?

1209 768 1345 803 Acobus
1369 768 1564 803 Sirmondus
1582 769 1678 803 suum
1700 768 1742 802 de
1763 781 1883 811 azymo
1906 771 2057 809 libellum

1162 857 1171 862 ,
1231 819 1336 853 donat
1369 818 1431 853 hac
1456 821 1644 863 praefatione
1668 833 1674 852 :
1700 820 1783 861 Saepe
1802 824 1906 852 mirari
1929 819 2023 862 subiit
2046 846 2058 862 ‚

1159 876 1211 914 qui
1227 869 1348 912 facium
1366 869 1408 911 fit
1430 894 1442 910 ,
1480 877 1514 902 ut
1545 876 1577 903 in
1609 868 1804 910 Eucharistiae
1830 872 2026 904 :Sacramenta
2047 894 2058 910 ‚

1159 921 1239 964 quod
1257 931 1296 954 ex
1315 928 1398 962 pane
1419 925 1545 962 vinoque
1568 920 1676 960 constat
1693 944 1703 960 ,
1725 931 1789 952 cum
1809 920 1846 953 de
1858 926 1930 953 vino
1940 920 2056 954 dubitet

1162 983 1266 1010 nemo,
1294 976 1367 1012 quin
1392 982 1496 1004 verum
1508 971 1588 1005 &ex
1600 975 1671 1005 uvis
1682 970 1843 1013 expreffum
1854 971 1906 1013 effe
1924 970 2031 1004 debeat
2046 995 2058 1012 ,

1158 1027 1230 1064 quia
1252 1022 1288 1053 id
1297 1025 1413 1063 antiqui
1432 1025 1571 1054 Canones
1594 1023 1697 1054 docent
1720 1045 1732 1061 ‚
1767 1022 1804 1053 de
1823 1021 1921 1054 altera
1939 1029 2030 1062 parte
2045 1046 2057 1062 ,

1155 1083 1245 1115 quam
1251 1079 1364 1113 panem
1385 1070 1554 1113 'fimpliciter
1573 1075 1711 1105 canones
1736 1079 1844 1104 vocant
1860 1096 1871 1112 ,
1898 1072 1987 1104 aliud
2003 1079 2061 1113 po-

1161 1127 1273 1155 tuerint
1283 1124 1376 1164 quam
1380 1133 1562 1165 germanum
1572 1131 1663 1165 atque
1672 1120 1809 1162 usitatum
1827 1130 1940 1163 panem
1966 1127 2056 1155 inter-

1158 1178 1294 1215 pretari.
1320 1174 1380 1210 sed
1395 1170 1566 1207 hominibus
1597 1177 1738 1205 nimirum
1752 1195 1763 1211 ,
1789 1170 1910 1214 quisola
1919 1176 1951 1203 in
1977 1171 2059 1203 Alta-

1161 1228 1189 1255 ri
1201 1233 1302 1262 azyma
1312 1229 1460 1262 contueri,
1482 1223 1549 1266 sola
1558 1229 1591 1256 in
1607 1221 1716 1266 fi-bolae‘s
1751 1223 1785 1255 ὦ*
1809 1223 1930 1254 exedrts
1950 1221 2057 1254 audire

1164 1284 1266 1312 azyma
1271 1270 1416 1314 solerent,
1440 1272 1629 1315 dffcilefuit
1640 1270 1677 1306 de
1693 1271 1896 1315 superioribus
1920 1276 2060 1313 tempori-

1161 1322 1219 1361 bus
1241 1323 1326 1355 aliud
1332 1322 1502 1366 suspicari,
1527 1325 1620 1365 quam
1641 1324 1678 1356 de
1696 1321 1763 1365 suis
1787 1346 1794 1353 .
1821 1321 1977 1356 Latinam
2003 1331 2060 1364 per

1165 1373 1268 1406 multa
1293 1374 1403 1406 saecula
1429 1374 1607 1407 Ecclesiam
1630 1373 1700 1407 vult
1721 1372 1913 1407 sacrificasse
1936 1371 1972 1404 in
1999 1372 2059 1405 fer-

1165 1432 1300 1463 mento,
1327 1423 1361 1456 &
1386 1423 1525 1465 spondet
1548 1424 1655 1466 ipsum
1679 1422 1903 1456 demonstrare
1926 1446 1932 1453 .
1969 1421 2061 1455 Lati·

1166 1483 1285 1506 norum
1308 1483 1423 1513 azyma
1435 1473 1572 1505 affirmat
1595 1482 1764 1515 nunquam
1788 1472 1806 1504 a
1828 1472 1937 1514 primo
1959 1469 2062 1504 Schis-

1164 1522 1259 1555 matis
1279 1523 1410 1554 auetore
1442 1520 1566 1555 Photio
1590 1545 1600 1560 ,
1638 1522 1692 1555 secl
1716 1523 1823 1563 primo
1844 1519 1886 1554 ab
1919 1519 2062 1562 ejusdem

1164 1572 1364 1613 resumptore
1386 1570 1555 1608 Michaele
1581 1571 1753 1604 Cerulario
1776 1570 1872 1603 fuisse
1886 1571 2062 1613 impugna-

1164 1630 1220 1661 ta,
1246 1621 1281 1654 &
1300 1620 1474 1655 concludit
1496 1634 1508 1653 .·
1543 1622 1638 1663 ,Quod
1652 1618 1681 1661 fi
1702 1620 1861 1653 Photianis
1882 1620 2064 1661 temporibus

1165 1672 1246 1703 nulla
1267 1671 1304 1701 de
1323 1680 1422 1706 azymo
1439 1670 1507 1710 fuit
1531 1670 1648 1711 quaestio
1673 1694 1684 1709 ‚
1710 1673 1745 1704 eb·
1767 1670 1845 1702 hanc
1867 1672 1888 1701 a*
1911 1671 2064 1703 Carulario

1161 1720 1294 1761 primum
1317 1718 1501 1751 Patriarcba
1510 1725 1675 1756 excitatam
1697 1731 1741 1751 res
1766 1720 1868 1758 docet,
1894 1721 1973 1761 quid
1990 1722 2061 1752 vero

1161 1774 1283 1811 propius
1298 1793 1309 1808 ,
1333 1770 1426 1810 quam
1436 1778 1470 1801 ut
1490 1780 1656 1808 azymorum
1682 1774 1802 1802 initium
1827 1771 1913 1811 apud
1932 1772 2061 1802 Latinos

1159 1813 1207 1851 'ad
1214 1819 1408 1857 intervallum
1420 1820 1499 1852 illud
1508 1819 1675 1860 referamus
1688 1845 1697 1858 ,
1724 1821 1805 1861 quod
1816 1819 1955 1852 Photium
1981 1825 2059 1852 inter

1163 1871 1198 1902 6*
1223 1869 1415 1902 cerularium
1438 1871 1589 1910 interccffit
1610 1870 1629 1901 ,ἶ
1655 1869 1820 1914 Ugonem
1858 1868 2059 1909 Thuscum,

1161 1925 1214 1961 qui
1237 1918 1394 1960 Ecclesiam
1429 1922 1575 1952 Latinam
1595 1931 1700 1958 azyma
1719 1921 1863 1961 perpetuo
1882 1920 2060 1961 immolasse,

1162 1979 1219 2002 aut
1243 1969 1426 2011 Rupertum
1452 1967 1620 2005 Abbatem
1645 1992 1655 2007 ,
1692 1975 1743 2010 qui
1762 1968 1920 2009 Ecclefiam
1948 1973 2058 2001 Roma-

1163 2031 1234 2052 nam
1259 2016 1353 2060 censet
1366 2017 1554 2059 fermentum
1573 2024 1605 2051 in
1611 2016 1752 2061 sacrificio
1765 2029 1917 2060 nunquam
1926 2017 2057 2061 admisist-

1157 2068 1210 2112 se,
1235 2068 1399 2107 existimat
1420 2079 1490 2103 non
1514 2064 1696 2102 audiendos
1721 2093 1731 2108 ‚
1757 2079 1855 2112 atque
1885 2067 2055 2113 adjungit:

1162 2124 1227 2152 Nec
1253 2122 1314 2152 Leo
1337 2129 1431 2152 nonus
1455 2118 1599 2160 Pontifex
1622 2130 1753 2160 unquam
1768 2143 1779 2159 ‚
1805 2130 1856 2152 nec
1875 2121 2055 2152 Cardinalis

1161 2169 1347 2202 Humbertus
1367 2179 1431 2200 cum
1453 2179 1618 2207 azymorum
1653 2167 1774 2211 causam
1807 2179 1929 2213 agerent
1953 2195 1964 2211 ‚
2000 2169 2054 2209 ista

1154 2217 1189 2262 se
1204 2224 1343 2261 perpetui
1365 2223 1453 2251 morts
1469 2217 1694 2262 praescriptione
1716 2219 1916 2260 defenderunt
1930 2244 1937 2251 .
1966 2219 1998 2252 A
2022 2221 2054 2253 se

1159 2269 1296 2303 adducta
1310 2280 1368 2312 pro
1390 2269 1531 2312 antiquo
1557 2269 1754 2303 Latinorum
1777 2271 1938 2304 fermento
1961 2281 2054 2314 argu-

1160 2329 1270 2353 menta
1284 2319 1538 2367 atqueexempla
1551 2321 1689 2353 affirmat
1700 2320 1766 2353 esse
1791 2318 2052 2354 demonstrantia

1159 2381 1196 2404 ac
1209 2369 1380 2403 manifesta
1393 2394 1402 2401 .

1209 2418 1335 2453 Verum
1348 2419 1437 2462 quod
1459 2418 1592 2454 San-stus
1613 2420 1682 2454 Leo
1696 2432 1803 2454 nonus
1826 2420 1883 2454 ista
1905 2421 2053 2464 perpetui

1159 2468 1258 2503 moris
1291 2470 1531 2514 praescriptione
1554 2482 1734 2514 numquam
1759 2472 1857 2504 fuerit
1883 2472 1979 2509 usus,
2005 2470 2053 2504 est

1159 2519 1266 2554 lucide
1290 2519 1404 2553 falsum
1426 2545 1432 2551 .
1461 2521 1595 2557 Etenim
1622 2521 1655 2553 in
1680 2522 1782 2563 prima
1812 2519 1961 2554 advers-is
1986 2521 2053 2554 Mi-

1157 2569 1304 2604 chaelem
1316 2569 1569 2604 Cerularium&
1590 2570 1739 2604 Leonem
1760 2570 1889 2604 Acridae
1912 2568 2051 2603 Anristi-

2075 1993 2147 2032 Cap.
2170 2004 2198 2033 3.

1155 2630 1222 2654 tem
1237 2619 1382 2662 Epistola
1404 2619 1516 2653 scribit
1532 2633 1540 2652 :
1578 2623 1721 2654 Dicimint
1732 2620 1921 2662 Apostolicam
1945 2621 1978 2653 ds·
1990 2624 2049 2655 La,-
2068 2639 2139 2677 Cap·
2162 2648 2186 2675 ς.
2201 2645 2227 2669 6.

1157 2676 1254 2703 tinam
1264 2669 1441 2711 Ecclesiam,
1465 2682 1547 2703 nova
1566 2669 1798 2712 praesicmptione
1822 2672 2048 2712 atqueincredi-

1156 2720 1208 2753 bili
1233 2721 1360 2752 audacia
1382 2744 1392 2758 ‚
1430 2731 1481 2752 nec
1502 2721 1641 2752 auditam
1669 2732 1720 2753 nec
1741 2721 1908 2753 convic‘lam
1938 2722 2046 2760 palam

1155 2770 1307 2812 damnaffe
1327 2794 1336 2809 ,
1362 2777 1417 2810 pro
1440 2780 1471 2802 eo
1494 2771 1627 2802 maxime
1643 2771 1721 2811 quod
1739 2771 1776 2802 de
1796 2775 1910 2807 azymis
1935 2770 2045 2801 audeat

1155 2824 1450 2853 commemorationem
1463 2822 1624 2855 Dominicae
1636 2821 1774 2859 Paffiom's
1800 2819 1960 2852 celebrare.
1986 2822 2046 2852 Ec-

1156 2882 1184 2903 ce
1208 2873 1330 2905 incauta
1340 2867 1516 2911 reprehensio
1529 2869 1625 2909 vestra
1638 2894 1648 2909 ,
1673 2871 1794 2912 quando
1801 2875 1916 2911 ponitis
1931 2875 1963 2900 in
1977 2873 2041 2902 Θω-

1155 2921 1216 2953 lum
1225 2932 1255 2952 os
1268 2918 1394 2959 vestrum
1405 2944 1415 2960 ‚
1441 2930 1504 2951 cum
1516 2921 1619 2963 lingua
1629 2919 1726 2959 vestra
1737 2919 1883 2960 tranſsens
1895 2925 1926 2951 in
1938 2928 2020 2952 terra
2031 2944 2043 2960 ,

1155 2970 1294 3003 humanis
1315 2970 1617 3012 argumentationibus
1641 2971 1674 3003 Cu·
1698 2970 1873 3010 cottiecVuris
1884 2976 2040 3010 antiquam

1150 3019 1239 3061 fidem
1258 3019 1409 3060 confodere
1445 3020 1478 3051 (5
1495 3018 1666 3062 subvertere
1687 3022 1826 3051 moliatur
1840 3044 1847 3051 .
1880 3022 1955 3052 Ecce
1968 3018 2039 3059 jam

1149 3069 1211 3112 post
1235 3069 1314 3101 mille
1335 3080 1371 3101 ac
1389 3068 1490 3109 ferme
1514 3074 1625 3111 viginti
1649 3070 1669 3099 ἃ
1695 3078 1788 3101 morte
1812 3070 1977 3102 salvam-ts
1991 3082 2039 3102 no·

1148 3121 1204 3160 stri
1230 3130 1324 3151 annos
1351 3123 1457 3160 incipit
1476 3126 1533 3159 per
1558 3130 1613 3150 vos
1639 3119 1735 3152 doceri
1762 3123 1898 3151 Romana
1938 3121 2038 3152 Eccle-

1146 3170 1193 3212 fia
1207 3193 1218 3209 ‚
1243 3169 1371 3210 qualiter
1395 3170 1534 3201 memoria
1558 3166 1688 3210 ejusdem
1706 3167 1746 3210 fit
1767 3170 1917 3202 recolenda
1930 3194 1941 3209 ‚
1964 3180 2037 3211 qua—

1146 3219 1176 3261 fi
1197 3224 1222 3251 ei
1248 3218 1325 3250 nihil
1347 3218 1505 3250 contulerit
1527 3216 1693 3261 praefintia
1714 3243 1724 3258 ,
1749 3218 1930 3261 conversatio
1949 3244 1960 3260 ,
1999 3222 2034 3253 (ΞΥ

1152 3271 1294 3302 diuturna
1316 3267 1474 3308 institutio,
1498 3266 1550 3311 J'eu
1576 3280 1654 3301 mors
1677 3268 1807 3311 pretiosa
1834 3270 1908 3301 illim
1950 3281 2034 3302 vene-

1151 3319 1256 3355 rabilis
1283 3320 1389 3358 Senis,
1415 3323 1461 3351 cui
1483 3317 1651 3361 specialiter
1664 3318 1883 3360 Christus-filius
1898 3321 2032 3351 Difvivt

1152 3371 1234 3402 dixit
1260 3379 1266 3399 :
1292 3370 1406 3401 Beatus
1430 3379 1461 3400 es
1490 3371 1587 3401 simon
1611 3371 1748 3409 Barjomt
1771 3394 1782 3410 ‚
1816 3375 1887 3411 quia
1913 3379 1976 3399 caro
1996 3367 2030 3398 Β

1148 3418 1271 3462 sanguis
1295 3429 1353 3452 non
1371 3419 1521 3453 revelavit
1530 3418 1606 3458 tibi,
1626 3416 1684 3462 sed
1693 3421 1784 3454 Pater
1795 3430 1873 3452 mem
1887 3423 1935 3456 qai
1947 3414 1983 3455 est
1996 3422 2028 3446 in

2067 2689 2093 2712 7.
