2352 3736
95 328 242 363 Ait-1238,

82 1241 182 1278 Ldne·
195 1252 242 1281 23.

553 179 642 209 Dr:
715 165 752 209 S.
827 164 1163 222 Lffnole

264 313 328 344 que
341 298 546 335 manentibus
557 301 652 334 offert
674 299 851 333 unionem.
881 297 995 331 Exstat
1017 295 1152 339 epistola

264 351 349 394 apud
361 350 556 384 Matthaeum
575 350 784 384 Parifiensem
797 373 804 380 .
836 348 879 380 Et
894 346 973 381 hine
996 358 1088 380 novo
1110 355 1154 379 et-

265 402 331 435 iam
341 403 398 435 suo
411 401 590 435 Canonum
601 399 723 435 Codici
734 396 868 431 inseruit
882 397 972 439 plure
983 406 998 428 s
1016 395 1154 431 decreta-

263 452 308 485 les
320 452 473 495 epistolas
485 476 495 491 ‚
524 462 593 495 quae
606 451 738 484 Graecos
749 449 829 482 ritus
842 455 908 480 non
933 445 1065 480 tantum
1088 456 1157 489 per-

263 504 420 540 mittant,
448 500 612 536 sedetiam
633 499 772 544 probent
794 498 829 531 &
852 497 1069 531 confirment.
1089 495 1156 529 Et·

265 553 328 584 iam
356 554 389 585 in
413 550 630 590 Civitatibus,
657 560 727 592 quae
752 547 895 581 mixtum
925 559 966 581 ex
988 545 1153 581 Graecis&

1231 164 1467 211 Nom
1536 167 1821 210 Acrls.

1935 178 2027 225 349

1213 297 1279 329 iarn
1304 297 1408 331 Graeci
1430 310 1468 331 ac
1489 297 1603 332 Latini
1622 295 1789 339 Principes
1812 296 1994 340 frequenter
2010 297 2096 331 inter
2110 285 2141 317 Ῑ··
2160 288 2187 317 ⁸·
2207 287 2271 317 ‘³⁶’

1216 346 1289 379 suos
1301 348 1390 381 filios
1403 349 1437 382 &
1452 347 1532 381 filias
1545 347 1744 381 miscuerunt
1755 346 1975 391 Matrimonia
1986 371 1997 387 ,
2008 347 2097 382 ideo·

1216 407 1278 437 que
1290 398 1322 430 δε
1336 396 1368 431 hi
1384 398 1424 432 de
1434 397 1498 432 ritu
1509 398 1549 430 ad
1561 398 1659 431 ritum
1670 397 1864 431 transierunt
1875 420 1882 428 .
1898 396 2007 431 Etiam
2015 397 2096 432 dum

1217 446 1287 489 quis
1308 448 1447 482 Latinus
1457 448 1497 481 ad
1509 448 1641 481 Graecos
1656 472 1667 487 ,
1693 455 1749 481 aut
1759 447 1891 482 Graecus
1904 447 1944 481 ad
1958 447 2095 483 Latinos

1218 498 1366 531 transfert
1391 498 1601 532 domicilium
1615 525 1626 541 ,
1650 498 1745 541 possit
1763 498 1798 532 δε
1827 498 1927 532 ritum
1950 508 2074 533 mutare
2083 523 2091 531 .

1219 546 1286 580 Nili
1299 558 1413 581 tamen
1422 548 1559 581 transeat
1570 547 1610 581 ad
1622 548 1731 581 locum
1743 560 1783 582 ex
1796 548 1911 583 Graeco
1923 559 1961 582 ac
1973 548 2097 582 Latino

268 253 339 285 non
356 251 420 284 esse
431 250 553 285 diversa
565 251 773 286 Sacramenta
789 273 798 288 ,
827 247 950 290 idoque
966 246 1030 280 illis
1041 256 1175 647 utrm}
1192 255 1197 280 1
1214 248 1455 289 promotionem
1466 246 1602 290 exponit
1613 245 1767 283 Hermias
1787 246 2007 282 zozomeuus.
2039 245 2095 281 Et-

265 602 393 636 Latinis
406 601 571 644 Populum
583 622 594 638 ‚
607 600 640 633 &
652 598 811 633 Latinum
825 597 966 632 habeant
979 596 1154 639 Episcopo-

264 663 361 693 pum.
390 649 559 693 Ejusmodi
572 650 608 683 in
619 647 822 682 Civitatibus
847 657 934 681 vetat
958 655 1072 680 contra
1094 643 1152 677 Ni—

264 713 389 735 caenum
405 701 581 734 Canonem
593 701 656 733 este
674 699 765 733 duos
781 698 961 742 Episcopos
972 720 983 736 ,
1008 705 1151 728 attamen

262 762 377 785 contra
399 752 518 784 ostavae
538 748 664 793 Synodi
685 748 960 783 constitutionem
981 744 1150 788 indulget,

261 810 298 834 ut
312 800 451 834 Latinus
475 800 655 842 Episcopus
677 799 735 832 fibi
755 795 884 831 ordinet
906 795 1056 829 Graecum
1080 794 1154 829 Suf-

260 852 473 895 fraganeum.
502 850 546 884 Et
565 850 717 892 pleraque
727 846 794 881 haec
806 846 947 879 firmavit
972 846 1006 879 in
1030 847 1088 879 suo
1110 844 1150 879 ad

260 901 401 934 suumin
414 901 529 943 Cypro
554 897 764 932 Cardinalem
785 897 949 941 Legatum
978 895 1151 938 Rescripto

259 949 476 983 Innocentius
487 957 621 992 quartus
634 973 641 980 .
672 948 783 982 Etiam
797 948 832 980 in
854 946 935 980 fasta
947 957 1002 989 per
1016 946 1152 990 Lugdu-

256 1000 392 1034 nensem
405 998 579 1042 Synodum
599 999 749 1037 unione,
776 998 810 1031 &
832 996 902 1040 post
925 995 1026 1039 ipsam
1048 997 1151 1029 firma-

257 1050 306 1083 vit
330 1049 510 1094 Gregorius
533 1049 696 1083 decimus.
734 1047 779 1080 Et
801 1047 843 1081 de
868 1046 1021 1091 Eugenio
1032 1055 1149 1090 quarto

258 1099 442 1137 Pontifice,
470 1097 657 1142 &Josepho
681 1095 824 1132 secundo
844 1095 1031 1130 Patri-archa
1056 1097 1148 1131 Con·

257 1148 555 1192 stantinopolitano
570 1148 682 1182 scribit
694 1148 727 1181 in
740 1147 925 1181 Florentini
939 1146 1084 1181 Concilii
1099 1144 1147 1179 hi-

256 1199 356 1233 storia
369 1198 532 1242 Sylvester
551 1198 754 1242 Sguropulus
767 1210 778 1230 .·
806 1201 983 1230 Ferrariam
1006 1196 1149 1230 advedlus

259 1249 443 1283 Patriarcba
452 1247 529 1290 misit
538 1250 582 1280 ad
592 1250 710 1289 Papam
718 1273 728 1288 ‚
769 1251 820 1289 qui
830 1246 880 1279 boc
891 1252 918 1279 el
924 1245 978 1290 suo
995 1252 1108 1279 nomine
1112 1245 1148 1287 fi-

253 1297 450 1343 gnificarent.
477 1303 619 1332 Venimus
630 1308 660 1331 te
670 1307 823 1332 exoratum
836 1321 847 1337 ,
873 1306 906 1329 ut
928 1297 1010 1329 nobis
1036 1297 1147 1337 liceat,

257 1350 429 1383 concedente
443 1349 640 1382 Beatitudine
650 1356 704 1382 tua
714 1372 726 1388 ,
763 1348 919 1380 ordinaria
930 1347 1020 1388 officia
1032 1346 1126 1389 nostra
1135 1371 1146 1388 ,

258 1402 292 1432 (9
316 1408 408 1431 totam
420 1397 519 1442 sacrae
539 1403 690 1442 Litargiae
711 1396 944 1441 consequentiam
963 1403 996 1430 in
1009 1397 1075 1431 dies
1088 1401 1148 1431 Deo

254 1448 393 1491 perficere
404 1447 512 1492 eisdem
526 1448 636 1482 ritibus
651 1471 662 1488 ‚
686 1460 758 1490 quos
784 1446 877 1489 nostra
896 1450 1014 1480 Graecia
1034 1452 1148 1480 nonita

257 1508 371 1541 nuper,
397 1500 433 1534 (9⁹
444 1500 464 1531 ἃ
475 1499 627 1543 najcentis
641 1496 774 1540 Bcclefiae
780 1498 944 1539 primordio
963 1493 1126 1539 usurpavit
1140 1521 1146 1527 .

216 1545 218 1550 '
257 1549 417 1584 Timebat
430 1549 554 1592 Papam
568 1549 631 1581 suis
651 1548 768 1582 ritibus
788 1546 1052 1580 adversaturum.
1081 1545 1147 1577 Ve-

79 2309 235 2342 Par·1.c·4.

256 1598 327 1632 rum
340 1599 395 1632 ille
406 1600 483 1632 ultro
493 1595 630 1640 consenfit
641 1620 653 1636 ,
679 1597 715 1630 ὁ·
730 1594 900 1637 fimpllciter
924 1595 1021 1628 edixit
1034 1618 1044 1633 ,
1086 1596 1146 1627 Pa-

255 1646 390 1680 triarcha
402 1645 499 1690 utsua
509 1646 629 1680 haberet
649 1648 760 1684 sacra,
789 1654 968 1687 quocumque
992 1644 1069 1676 velit
1089 1655 1145 1676 mo·

255 1699 293 1730 do
304 1698 426 1731 (detta.
456 1697 508 1730 Ex
519 1697 638 1731 eodem
658 1695 822 1738 principio
849 1691 938 1727 idern
954 1692 1123 1737 Eugenius
1135 1717 1144 1732 ,

255 1747 335 1780 dum
347 1748 436 1781 failae
447 1747 581 1780 unionis
590 1745 725 1780 Missam
736 1742 914 1778 celebravit
928 1766 941 1783 ,
953 1741 1143 1777 Graecorum

254 1797 438 1840 Episcopos
459 1795 502 1830 ad
512 1796 553 1830 de
564 1806 682 1838 azymo
700 1796 759 1828 suo
769 1792 939 1828 sacrificio
960 1792 1146 1826 communi·

253 1846 398 1881 candum
407 1845 453 1880 est
472 1844 681 1880 adhortatus:
708 1843 750 1878 ad
771 1843 879 1877 secum
889 1842 1028 1886 antiquo
1052 1853 1146 1877 more

254 1896 500 1939 procedendum
510 1897 544 1930 δε
554 1893 884 1930 comministrandum
896 1918 903 1926 .
936 1892 1026 1926 Nam
1037 1893 1070 1927 &
1082 1892 1145 1926 Ni-

254 1947 339 1981 colai
352 1947 462 1990 quinti
485 1946 631 1991 Legatus
657 1942 845 1979 Cardinalis
866 1942 1007 1977 Isidorus
1027 1944 1144 1977 resum-

253 2007 313 2040 ptae
325 1996 458 2031 unionis
466 1996 600 2030 Miffam
615 1996 650 2029 in
664 1995 694 2028 S.
709 1993 837 2037 Sophiae
850 1993 993 2027 Ecclesia
1006 1991 1145 2033 celebra·

254 2047 301 2080 vit
323 2057 390 2079 non
414 2046 537 2081 Latino
557 2046 621 2080 ritu
635 2068 648 2086 ,
672 2044 727 2079 sed
751 2043 883 2078 Graeco.
919 2043 964 2076 Et
987 2041 1142 2086 quosdam

253 2096 396 2130 Latinos
404 2095 606 2140 Episcopos,
632 2094 692 2139 qui
705 2093 864 2138 subjectos
875 2092 932 2126 fibi
944 2093 1075 2126 Graecos
1090 2103 1141 2126 vo·

253 2145 362 2180 lebant
399 2146 441 2180 ad
479 2146 640 2180 Latinum
686 2145 786 2179 ritum
835 2154 971 2188 cogere,
1000 2144 1143 2187 graviter

252 2196 521 2239 compescuerunt
535 2220 545 2236 ‚
571 2197 605 2230 ὅ(
615 2193 657 2230 ad
671 2194 862 2230 servandam
875 2193 1073 2227 Florentinae
1088 2193 1144 2235 Sy-

253 2247 335 2280 nodi
350 2247 510 2280 unionem
523 2245 754 2288 compulerunt
767 2244 838 2278 Leo
851 2244 999 2277 decimus
1013 2242 1048 2276 &
1070 2243 1145 2277 Cle-

252 2307 346 2330 mens
356 2297 528 2340 septimus.
557 2295 721 2338 Utrisque
733 2294 882 2338 diploma
906 2295 965 2328 suo
988 2291 1028 2327 de
1049 2294 1144 2327 sacris

252 2345 523 2381 ordinationibus
532 2346 623 2390 operi
653 2345 786 2379 inseruit
808 2345 951 2388 Joannes
971 2343 1146 2377 Morinus.

252 2397 337 2442 Qae
347 2397 463 2432 omnia
474 2396 631 2430 evincunt
644 2395 836 2429 Graecorum
856 2394 956 2429 ritum
980 2392 998 2426 ὲ
1018 2393 1143 2428 Latinis

251 2447 375 2489 semper
387 2446 481 2480 fuisse
492 2445 666 2490 probatum
677 2458 715 2480 ac
727 2445 897 2479 defensum
910 2469 917 2476 .

303 2496 355 2530 Ex
384 2496 499 2531 iisdem
522 2496 692 2540 principiis
711 2495 755 2530 ab
774 2507 844 2530 uno
863 2495 929 2528 ritu
950 2493 1073 2530 transiri
1096 2492 1136 2528 ad

251 2546 376 2587 alium,
404 2546 499 2580 facile
521 2546 663 2589 permisit
685 2545 767 2580 olim
801 2544 943 2580 Ecclesia
967 2569 976 2578 .
1008 2541 1084 2578 'lmo
1105 2544 1138 2578 δε

251 2596 452 2641 quandoque
483 2596 633 2640 praecepit
652 2621 660 2629 .
706 2596 842 2630 Etenim
870 2595 913 2630 de
950 2593 1138 2629 Theodoro

252 2644 425 2681 Tharsenn
440 2646 525 2690 apud
537 2646 658 2680 Cilices
667 2645 844 2681 Monacho
855 2669 866 2686 ,
887 2657 984 2689 quem
997 2644 1138 2680 Vitalia-

253 2695 362 2728 uanus
375 2693 532 2729 Pontifex
552 2694 839 2730 Cantuarienfibus
862 2697 947 2730 misit
968 2693 1138 2739 Archiepi-

254 2745 408 2787 scopum,
435 2743 545 2777 scribit
565 2745 599 2777 in
621 2746 909 2786 Cantuariensium
931 2745 1136 2780 Pontificum

254 2794 362 2828 Gestis
382 2792 554 2827 Gervafius
574 2793 715 2836 ejusdem
745 2797 891 2831 Ecclefiae
909 2794 1136 2830 .M0nachus:

254 2846 425 2879 Vitalianus
438 2842 617 2876 Theodorum
625 2842 764 2887 sacravit
775 2845 830 2879 bae
852 2845 1021 2888 interpofita
1038 2847 1139 2879 condi·-

254 2901 352 2935 tione,
380 2905 416 2927 ne
440 2894 619 2938 Anglicanas
644 2894 841 2934 instituuones
864 2898 973 2929 Graeca
1004 2902 1138 2929 novitate

255 2954 386 2982 mutaret
400 2969 408 2977 .
436 2943 558 2988 Coegit
570 2941 796 2978 Theodorum
807 2943 825 2979 ὲ
839 2944 954 2978 Graeco
966 2945 1036 2979 fieri
1049 2946 1138 2982 Lati-

255 3006 354 3029 num.
383 2994 431 3028 Ita
444 2995 523 3028 dum
535 2994 670 3028 Sanetus
687 2994 824 3029 Irenaeus
845 2993 1112 3038 Lugdunensium
1126 3020 1137 3036 ‚

255 3045 443 3079 Auxentius
465 3043 783 3083 Mediolanensium,
830 3045 965 3079 Sanctus
988 3043 1138 3080 Valerius

255 3093 544 3137 Hipponenlium,
572 3095 691 3137 aliique
711 3094 818 3128 Graeci
840 3093 919 3128 alias
941 3094 1136 3130 Latinorum

255 3154 450 3186 acceperunt
463 3144 618 3190 regendas
631 3144 788 3179 Ecclefias
800 3167 811 3182 ‚
834 3141 934 3178 etiam
943 3143 1136 3180 tranfierunt

253 3194 296 3228 ad
309 3194 408 3227 ritum
423 3193 580 3229 Latinum
592 3219 600 3227 .
629 3194 719 3228 Nam
729 3194 763 3228 &
773 3193 877 3237 plures
890 3193 995 3227 Graeci
1007 3193 1137 3231 fuerunt

254 3242 603 3290 Romani-Pontifices
620 3270 627 3277 .
668 3246 711 3279 Et
737 3244 939 3284 Gerontius,
977 3253 1076 3287 quem
1094 3256 1136 3279 ex

253 3293 498 3328 Mediolanensi
511 3293 542 3327 S.
557 3293 723 3329 Ambrosii
736 3296 893 3329 Diacono
903 3293 1136 3330 Nicomedien—

252 3344 324 3378 senr
342 3345 376 3378 in
410 3342 572 3386 Bithynia
606 3343 903 3389 Archiepiscopum
934 3345 1133 3380 consecravit

253 3391 430 3428 Helladius
453 3393 653 3429 Caesariensis
672 3394 708 3428 in
740 3393 950 3439 Cappadocia
982 3394 1108 3430 Primas
1122 3418 1133 3434 ‚

254 3444 392 3479 omnino
404 3445 549 3480 tranfivit
560 3444 600 3480 ad
622 3444 720 3482 ritum
745 3445 948 3481 Graecorum.
976 3444 1130 3481 Gerontii

1216 597 1494 639 populo&Clero
1519 599 1678 633 mixtum.
1706 598 1808 632 Tunc
1831 599 1920 632 enim
1943 597 2096 633 servanda

1217 646 1262 679 est
1274 646 1326 679 Pii
1339 648 1446 690 quinti
1458 647 1632 681 Pontificis
1641 647 1854 681 constitutio:
1882 650 1959 681 Cam
1970 650 2014 681 ad
2022 654 2096 702 (toti-

1217 702 1290 729 tiam
1301 697 1427 735 nostram
1432 703 1628 739 pervenerit,
1654 699 1734 738 quad
1753 701 1886 731 nonnulli
1908 699 2072 738 Presbyteri
2084 723 2097 739 ,

1215 756 1278 778 tam
1289 750 1386 779 Graect'
1397 749 1488 789 quam
1502 751 1626 786 Latini,
1653 751 1811 787 antiquum
1823 748 1941 781 sanelae
1951 753 2096 785 Romanae

1216 799 1245 827 E
1250 794 1348 835 cclefiae
1360 802 1452 829 ritum
1465 820 1475 835 ‚
1501 806 1565 829 tam
1574 803 1604 829 in
1615 795 1806 830 celebratione
1819 798 1970 838 Mtffitrum
1982 823 1991 838 ‚
2003 802 2096 840 qmim

1214 847 1337 878 aliorum
1351 850 1532 881 Divinarum
1541 848 1694 889 officiorum
1705 870 1716 886 ‚
1733 855 1906 889 pervertere
1910 845 2097 891 satagentet,

1214 895 1353 939 diversas
1365 898 1503 930 licentias
1524 898 1728 941 &facultates
1741 921 1752 937 ,
1778 897 1880 940 Miffas
1905 898 1939 931 (θ’
1960 899 2023 930 alia
2042 901 2099 932 121-

1215 952 1291 979 vina
1302 948 1392 988 officia
1406 950 1505 982 Graeci
1517 951 1626 981 Latino
1637 959 1714 981 more
1728 971 1739 987 ,
1764 958 1800 981 ac
1812 950 1918 980 Latini
1930 951 2034 981 Graeco
2055 955 2097 982 ri-

1214 1006 1246 1029 tu
1255 997 1427 1031 celebrandi
1440 998 1478 1031 ab
1490 999 1645 1040 apostolica
1661 996 1753 1041 sede,
1779 999 1833 1031 vel
1851 999 1917 1038 ejus
1942 1001 2068 1042 Legatis
2082 1023 2094 1040 ‚

1213 1058 1248 1079 ac
1256 1050 1469 1089 etiam-majori·
1483 1052 1729 1088 Poenitentlarto,
1767 1053 1868 1082 variis
1885 1049 2094 1090 praetextibus

1213 1103 1406 1140 impetrarint
1420 1123 1430 1138 ‚
1456 1097 1571 1141 illisque
1575 1101 1645 1139 jam
1664 1100 1784 1140 pridem
1807 1107 1955 1139 utantur,
1980 1097 2032 1132 hoc
2053 1099 2093 1132 ab

1212 1153 1334 1191 antiquo
1344 1148 1505 1182 Catholtcae
1516 1147 1649 1190 Ecclefiae
1668 1147 1803 1187 Instituta
1813 1171 1823 1186 ,
1861 1149 2094 1191 5anc¹lorumque

1212 1200 1342 1231 Patrum
1362 1200 1495 1232 Decretis
1515 1201 1641 1233 deviare
1665 1197 1877 1240 conſsderantes
1890 1222 1902 1238 ,
1935 1201 2094 1240 propterea?

1212 1248 1288 1281 bunc
1306 1247 1428 1292 abusum
1449 1249 1489 1282 ab
1511 1248 1636 1291 Ecclefia
1659 1251 1715 1283 Dei
1740 1247 1905 1290 exstirpare
1934 1249 2094 1290 volentes,

1210 1310 1308 1332 omnes
1330 1298 1426 1342 hujus
1422 1301 1500 1333 modi
1522 1300 1657 1333 licentias
1678 1300 1711 1332 (Ὗ
1729 1297 1893 1340 facultates
1919 1310 2093 1333 revocamus

1210 1349 1417 1392 &caffamusn
1445 1351 1555 1384 Etiam
1564 1350 1656 1383 datas
1671 1348 1824 1384 Ecclesiis
1846 1359 1902 1383 aut
1927 1349 2097 1383 Monasse-

1210 1399 1266 1432 riis
1291 1424 1298 1431 .
1335 1399 1514 1435 Praesertim
1538 1410 1625 1434 vetat
1637 1423 1647 1440 ,
1685 1411 1727 1434 ne
1750 1400 1882 1434 uxorati
1903 1399 2095 1433 Graecorum

1209 1446 1395 1489 Presbyteri
1405 1449 1571 1484 celebrent
1584 1450 1647 1483 ritu
1658 1450 1782 1483 Latino
1797 1473 1804 1480 .
1832 1448 1876 1482 Et
1887 1458 1956 1484 tam
1979 1449 2096 1483 Gtaeco

1209 1497 1304 1539 quam
1327 1499 1451 1533 Latino
1482 1499 1715 1542 praevaricatori
1749 1498 1874 1542 infligit
1908 1509 2096 1542 perpetuam

1208 1546 1445 1589 suspensionem
1469 1572 1474 1578 .
1526 1549 1568 1581 Et
1591 1548 1666 1580 fidei
1694 1547 1882 1591 professioni
1909 1572 1920 1588 ,
1957 1559 2058 1591 quam
2078 1548 2098 1582 ᾗ

1208 1596 1328 1630 Graecis
1339 1597 1476 1641 exigi&
1498 1597 1632 1640 proestari
1652 1597 1782 1638 sanxit,
1809 1597 1990 1642 Gregorius
2014 1597 2100 1632 deci-

1206 1656 1278 1678 mus
1290 1647 1400 1679 tertius
1411 1647 1545 1680 inseruit
1557 1647 1645 1680 hunc
1655 1648 1831 1681 articulum
1845 1661 1856 1680 :
1882 1649 2023 1682 Credam
2033 1659 2100 1688 azy-

1206 1706 1252 1727 mo
1267 1693 1332 1736 five
1345 1694 1529 1737 fermentato
1535 1704 1619 1738 pane
1629 1701 1741 1730 triticeo
1750 1700 1866 1740 Corpus
1878 1697 1988 1735 Christi
2011 1710 2100 1732 vera-

1205 1749 1277 1778 citer
1287 1746 1385 1788 confici
1398 1770 1409 1786 ‚
1436 1744 1662 1789 sacerdotesque
1674 1751 1707 1780 in
1728 1748 1823 1781 altero
1845 1746 1944 1791 ipsum
1961 1748 2096 1791 conficere

1205 1793 1330 1836 debere,
1367 1806 1600 1839 unumquemque
1606 1795 1718 1839 ftillcet
1734 1799 1831 1838 Juxta
1847 1796 1913 1840 suae
1939 1798 2096 1840 Ecclefiae,

1198 1842 1261 1886 five
1271 1847 1494 1888 Occidentalis,
1514 1844 1578 1888 five
1590 1848 1756 1882 orientalis
1770 1870 1781 1886 ‚
1806 1853 1901 1881 ritum
1912 1872 1920 1879 .
1947 1847 1992 1881 Et
2009 1848 2098 1882 Lati-

1205 1895 1258 1929 nis
1269 1895 1439 1939 Episcopis
1451 1920 1463 1936 ,
1488 1907 1530 1929 ex
1542 1897 1665 1931 Graecis
1676 1897 1710 1931 ὅ(
1721 1896 1850 1932 Latinis
1861 1897 2004 1941 populos
2013 1896 2097 1934 mlx·

1205 1954 1257 1979 tos
1270 1944 1466 1980 habentibus
1478 1970 1489 1986 ‚
1519 1946 1674 1981 Clemens
1684 1948 1818 1980 ostavus
1833 1947 1906 1981 fixit
1918 1946 1978 1982 has
1999 1959 2094 1994 regu·

1205 1995 1251 2030 las
1264 2008 1271 2027 :
1287 1999 1419 2030 Maritus
1432 1999 1565 2029 Latinus
1577 2000 1693 2031 Graecae
1704 2001 1808 2030 Uxoris
1821 2002 1910 2030 ritum
1921 2009 1980 2031 non
1991 1996 2093 2043 sequa-

1204 2055 1254 2079 tur
1264 2071 1272 2078 .
1301 2050 1417 2080 Latina
1427 2050 1509 2080 Uxor
1519 2057 1576 2080 non
1582 2045 1727 2090 sequatur
1740 2052 1833 2080 ritum
1843 2050 1950 2080 Mariti
1965 2052 2073 2087 Latini
2083 2075 2092 2082 .

1203 2093 1447 2139 ,Quddfiidfieri
1459 2108 1517 2130 non
1525 2098 1627 2140 pofflt,
1652 2095 1774 2141 quisque
1793 2099 1959 2141 conjugium
1983 2105 2017 2132 in
2031 2100 2093 2138 suo

1201 2154 1264 2179 ritu
1277 2169 1288 2185 ‚
1327 2147 1481 2181 catholico
1491 2156 1591 2181 tamen
1602 2171 1614 2188 ,
1637 2159 1755 2181 manere
1774 2153 1990 2190 permittatur.
2019 2152 2092 2184 Pro·

1200 2198 1243 2230 les
1249 2195 1395 2240 sequatur
1436 2202 1528 2231 ritum
1549 2200 1673 2231 Patris:
1702 2196 1758 2240 nlfi
1767 2200 1970 2241 pra-valuerit
1990 2202 2091 2234 Mater

1202 2250 1316 2280 Latina
1329 2271 1336 2279 .
1362 2247 1412 2282 Ita
1423 2257 1599 2291 utrumque
1617 2249 1715 2282 ritum
1739 2249 1863 2293 semper
1887 2248 2004 2285 dilexit
2017 2274 2029 2291 ,
2054 2251 2091 2286 δε

1202 2307 1313 2332 tamen
1327 2297 1370 2332 ab
1381 2309 1450 2332 uno
1463 2298 1503 2332 ad
1517 2297 1619 2332 alium
1630 2298 1768 2333 faciliter
1777 2299 1945 2334 transferri
1963 2300 2089 2344 semper

1203 2347 1311 2382 noluit
1325 2348 1444 2382 Latina
1459 2348 1617 2383 Ecclesia.
1646 2348 1725 2383 Pius
1745 2350 1881 2392 quintus
1903 2349 1987 2384 reste
2006 2352 2090 2385 affir-

1202 2406 1268 2432 mat
1280 2397 1369 2433 hunc
1379 2400 1445 2433 esse
1462 2401 1637 2441 antiquum
1652 2411 1778 2434 morem
1790 2422 1800 2438 ,
1825 2400 1859 2434 &
1887 2400 2023 2435 Patrum
2035 2401 2087 2436 In-

1202 2447 1369 2482 stitutum.
1397 2450 1486 2483 Nam
1499 2449 1722 2485 &hiclocum
1745 2448 1843 2485 habet
1856 2463 1867 2484 .-
1893 2449 2034 2494 ,Quisque
2052 2457 2088 2485 ln

1202 2504 1356 2534 vocatione
1370 2507 1510 2534 maneat.

1365 2743 1717 2792 CAPUT
1789 2748 1917 2792 XV.

1199 2886 1453 2951 Exponuntur
1464 2886 1587 2930 variae
1598 2880 1807 2932 Michaelis
1838 2882 2022 2933 Gerularii
2044 2884 2082 2937 ia

1433 2957 1593 3001 Latinos
1627 2953 1833 3002 Calumniae
1847 2989 1870 3001 ..

1202 3089 1327 3176 AD
1350 3092 1484 3127 Petrum
1501 3090 1691 3128 Antiochiae
1722 3092 1946 3130 Patriarcham
1965 3118 1978 3135 ,
2012 3105 2080 3138 quo

1318 3143 1378 3176 suae
1389 3142 1521 3177 factioni
1542 3141 1752 3189 adjungeret,
1777 3143 1927 3182 Michael
1949 3143 2082 3180 Cetula-

1200 3192 1392 3236 riusscripsit
1416 3194 1519 3227 varias
1535 3192 1577 3227 de
1598 3194 1697 3231 nobis
1714 3194 1870 3238 Latini5‚
1894 3194 2077 3232 calumnias

1199 3254 1276 3287 quas
1289 3252 1417 3288 oportet
1428 3241 1589 3280 elucidare
1599 3269 1608 3278 .

1950 3491 2038 3549 CA?

2114 627 2211 661 Consl-
2225 639 2270 659 12.

2117 1628 2216 1663 Const·
2226 1638 2241 1666 3
2245 1635 2275 1667 3.·

2111 2097 2207 2131 const.
2217 2109 2270 2140 34-
2304 2107 2316 2125 ο
