2352 3736
72 330 126 358 An.
148 335 225 359 2071.

72 1498 133 1530 ἙΟῙι
149 1501 211 1530 161·

75 1919 132 1951 An.
149 1921 231 1956 2098„-

526 177 615 206 DE

255 256 407 293 quartum
433 245 666 288 Imperatorem
679 244 774 277 refert
800 254 837 276 ac
858 241 966 276 laudat
986 239 1149 274 Lamber·'

251 309 303 332 tus
315 292 644 339 Schafnaburgenfis:
674 296 800 326 Fratres
825 294 861 325 de
878 291 1049 332 Monasterto
1067 292 1135 323 Sta-

250 346 373 390 bulensis
392 370 403 387 ,
415 351 493 379 inito
506 344 614 386 confilio
626 368 637 384 ,
663 343 697 379 i&
706 344 816 377 divina
825 366 836 383 ,
862 352 894 375 ut
898 342 1003 383 fertur
1015 365 1026 381 ‚
1050 275 1148 791 ποτε,

687 175 844 204 HAc

249 397 359 431 latione
372 421 384 437 ,
410 399 465 439 offa
479 398 572 428 Beati
586 394 718 427 Remacli
736 394 840 426 levant
855 415 866 430 ‚
894 393 1035 425 Leodium
1055 389 1132 431 defe-

247 457 320 482 runt
332 473 343 490 ‚
371 448 405 481 ό*
418 450 498 490 Rege
509 451 540 478 in
549 443 653 478 celebri
672 443 729 476 loco
738 446 910 481 convivium
935 449 1039 485 agente
1053 465 1065 481 ‚
1085 437 1133 482 su-

245 506 300 541 per
315 495 448 541 mensam
459 494 554 539 ipsam
563 500 737 537 apponunt,
762 489 948 533 obsecrantes
957 499 1011 533 per
1026 494 1132 530 Deum,

248 556 280 582 ut
292 547 323 589 fi
342 548 442 582 minus
463 545 611 588 filiorum²
630 540 741 584 fiiltem
763 543 967 573 tanti-Patris
991 538 1133 583 miserere-

250 607 299 631 tur
324 622 335 638 ‚
353 598 425 638 jam
447 605 510 629 cum
531 590 642 629 chr-fio
662 597 837 633 regnantis,
862 592 898 624 (5
935 593 973 624 de
1010 591 1131 630 injuriis

248 647 310 690 suis
335 646 465 690 quotidie
479 644 524 677 od
543 641 678 675 tribunal
698 645 803 674 aeternt
820 642 851 683 J
852 642 949 674 udicis
965 641 1131 682 proclama-

252 704 360 735 tionem
368 695 516 738 fauentis
529 715 540 732 ,
566 696 612 726 cui
633 689 691 732 mfi
705 689 763 734 fica
783 690 946 730 restitueret
960 713 972 730 ‚
997 690 1080 722 ultra
1104 693 1130 722 ei

245 755 370 790 propter·
399 747 557 787 penuriam
589 753 686 775 rerum
721 741 940 784 necessariarum
974 739 1130 773 militaturi

250 808 308 833 non
328 793 412 837 effent
435 818 442 825 .
480 792 524 831 Et
551 791 684 836 quidem
706 788 897 825 Monachos
923 800 960 824 ac
979 788 1128 822 Sanctum

250 846 349 880 etiam
375 841 571 883 Remaclum
603 840 723 884 sprevit
743 842 899 883 profanus
924 840 1100 882 Imperator
1118 851 1128 870 :

249 895 308 932 sed
329 903 390 933 ecce
423 890 545 935 mensa,
573 889 810 934 cuifitperpositae
828 899 917 924 erant
932 888 1030 934 sacrae
1053 889 1128 921 Reli-

247 949 326 987 quiae
336 966 350 986 ,
375 943 485 975 divina
505 947 621 980 virtute
640 939 795 981 confiac‘la
818 945 925 973 corruit
939 938 957 980 ',
984 938 1130 977 Ministro-

248 1005 303 1037 que
326 997 438 1035 Regis,
463 991 548 1025 haud
573 989 683 1034 obscuri
706 995 832 1025 nominis
857 996 925 1025 viro
944 1014 955 1030 ‚
980 1000 1068 1023 crura
1096 989 1130 1022 <5

245 1045 341 1086 pedes,
352 1047 519 1086 contrivit,
543 1047 595 1083 qui
610 1041 704 1083 paulo
729 1040 792 1082 post
815 1049 938 1074 exorata
955 1047 1010 1081 per
1039 1045 1129 1072 inter-

247 1094 384 1133 cessionem
397 1095 489 1131 Beati
499 1092 630 1125 Remaclt
639 1096 754 1133 pietate
770 1091 879 1124 divina
890 1115 901 1131 ,
926 1096 972 1123 ita
993 1088 1129 1131 pristinae

248 1143 397 1182 restitutus
420 1141 459 1182 est
480 1140 643 1185 sospitati,
668 1150 703 1173 ut
729 1151 780 1174 nec
804 1145 929 1173 cicatrix
952 1141 1071 1182 quidem
1097 1145 1128 1171 in

248 1199 454 1236 argumentum
486 1190 610 1232 laefionts
648 1191 766 1224 abolita
791 1192 1003 1232 relinqueretur
1023 1213 1031 1220 .
1058 1189 1130 1222 Tot

249 1244 319 1277 illic
331 1243 365 1276 ὅ(
378 1252 468 1276 tanta
484 1239 639 1276 miracula
652 1242 788 1284 patravit
798 1241 932 1274 Sanetus
943 1240 1128 1276 Remaclus,

248 1304 285 1326 ut
299 1292 468 1326 concussus
484 1291 558 1324 Rex
574 1290 667 1334 plene
677 1287 870 1324 concedet-'et
881 1289 1041 1333 postulata
1055 1313 1062 1321 .
1086 1288 1128 1325 Et

245 1343 288 1377 de
310 1341 479 1378 Alberone
501 1340 648 1375 secundo
672 1339 843 1374 Leodienfi
890 1340 1087 1382 Episcopo,
1112 1339 1127 1370 ὲ

247 1391 414 1426 Rainaldo
440 1390 532 1424 Batti
565 1389 699 1428 Comite
719 1388 890 1424 detentum
917 1389 1128 1422 Bulloniense

247 1441 408 1485 oppidum
447 1447 612 1484 repetente
631 1463 642 1479 ,
681 1438 792 1472 scribit
829 1450 990 1483 magnum
1023 1437 1128 1481 Belgii

250 1491 446 1525 Chronicon
469 1501 477 1524 ι
518 1488 620 1522 Albero
655 1487 776 1528 castrum
817 1487 927 1531 obsedit
952 1486 1020 1522 cum
1036 1488 1129 1520 multa

249 1545 395 1584 Equitum
419 1542 454 1573 <it
473 1540 619 1582 peditum
635 1539 847 1577 multimdtne‚
868 1539 943 1578 >plus
967 1546 1069 1569 tamen
1093 1537 1130 1568 de

247 1593 354 1625 divino
376 1591 465 1631 quam
486 1588 618 1621 humano
634 1586 779 1628 confidens
802 1589 933 1627 auxilio,
960 1588 995 1621 Θ·
1026 1593 1129 1627 corpus

247 1640 349 1674 sanat
371 1637 525 1672 Lamberti
546 1638 592 1670 ad
611 1634 761 1677 obfidionis
783 1637 873 1671 locum
887 1638 966 1677 juffit
986 1635 1096 1677 deftrri
1118 1660 1128 1676 ,

242 1689 282 1732 fic
290 1687 417 1733 sperant
426 1689 507 1731 quod
517 1686 672 1726 inchoarat
679 1685 850 1730 prosperari
869 1687 946 1730 poffit
971 1687 1006 1720 ά·
1029 1686 1129 1718 accele-

249 1745 334 1773 rari.
362 1739 474 1774 Etiam
485 1735 666 1772 Rainaldus
679 1760 688 1776 ‚
712 1738 765 1770 cui
785 1747 893 1770 tamen
919 1736 953 1769 &
974 1736 1130 1769 Innocen-

251 1788 483 1826 tiussecundus
495 1786 675 1827 Pontifex,
701 1785 971 1820 &Lotharius-IL
996 1786 1133 1827 Impera·-

249 1848 301 1874 tor
312 1835 463 1875 favebant
478 1861 489 1877 ‚
513 1835 677 1871 miraculis
687 1836 873 1880 compulsus
899 1833 1129 1878 fuitoppidum

249 1889 416 1933 Episcopo
439 1887 616 1931 resignare.
643 1884 772 1921 Eodem
794 1883 1130 1920 modoSchafnabur-

248 1939 365 1983 genses
386 1935 576 1971 Monachus
595 1935 762 1970 adversum
791 1933 963 1968 Adelberti
985 1934 1130 1968 Comitis

248 1988 382 2031 injurias
394 1985 545 2030 pugnasse
555 1983 655 2019 habes
665 1984 749 2028 apud
764 1983 979 2019 Bettholdum
990 1983 1130 2026 Presby-

250 2047 358 2073 terum
379 2035 666 2071 constantiensem
685 2059 691 2067 .
729 2034 827 2068 Plura
849 2035 926 2069 sunt
946 2033 1128 2070 istiusmodi

249 2087 414 2130 exempla.
441 2087 536 2120 Etex
558 2086 623 2123 isto,
632 2095 723 2121 more
736 2085 889 2120 Sanctum
910 2085 1003 2119 suum
1019 2083 1130 2118 Patro-

251 2149 331 2175 num
343 2136 538 2172 Cornelium
549 2159 559 2176 ,
575 2136 622 2169 eti
637 2134 893 2179 potentissimum
908 2134 1130 2172 Advocatum,

251 2188 358 2222 secum
388 2186 428 2220 ad
448 2185 635 2229 Synodum:
652 2184 845 2226 detulerunt«
874 2184 977 2224 etiam
1009 2181 1129 2218 Clerici

253 2235 535 2279 Compendienses
551 2260 558 2267 .
786 2267 788 2269 ,
930 2241 932 2244 ’
955 2255 958 2261 .
982 2255 985 2259 »
1002 2252 1007 2263 -,

303 2286 380 2320 Hac
392 2286 469 2318 item
482 2286 516 2318 in
528 2284 667 2326 synodo
677 2283 844 2322 decretum
855 2283 900 2318 est
913 2308 924 2324 ,
951 2282 1042 2328 quod
1059 2282 1130 2318 seri-

250 2335 302 2371 bit
312 2334 513 2373 Guilielmus,
521 2333 663 2368 Thorne
672 2357 683 2373 ,
704 2331 1044 2377 Cantuarienfis-apud
1054 2333 1129 2368 San-¹

251 2388 340 2420 &um
350 2383 573 2429 Augustinum
586 2383 780 2419 Monachus:
793 2389 878 2418 Anno
889 2383 1033 2427 millefimo
1046 2389 1130 2426 quin-

254 2433 414 2478 quagesimo
428 2433 521 2477 sexto·
540 2437 598 2469 Leo.
610 2436 699 2476 Rapta
723 2437 919 2469 simoniacam
934 2431 1072 2476 ‘baerefim
1096 2439 1128 2466 in

254 2490 390 2520 Francia
400 2483 583 2518 debellabat.
607 2487 743 2519 Mittitur
756 2486 799 2518 ad
809 2496 875 2522 eum
884 2482 1023 2527 conjenfic
1038 2487 1127 2528 Regis

255 2538 290 2570 ‘a’
315 2538 410 2579 Regni
423 2533 593 2575 Wulfricus
606 2533 708 2568 Abbas
721 2558 731 2575 ‚
751 2543 810 2578 pro
829 2539 951 2578 negotn's
973 2537 1068 2577 Regni
1090 2534 1128 2576 ὁ·

256 2584 391 2626 Ecclefiae
403 2584 571 2628 Anglicanae
580 2581 770 2627 responsurus
784 2610 790 2618 .
819 2587 914 2626 CuJ'us
926 2582 1058 2628 responso
1073 2585 1131 2616 Pa-

254 2641 299 2675 pa
318 2635 484 2678 intelligens
508 2635 616 2678 anglos
625 2641 740 2669 caeterts
754 2640 962 2668 innocentIores
976 2659 987 2674 ,
1013 2635 1046 2668 (τ
1074 2637 1131 2666 An-

255 2684 382 2726 glicanae
405 2683 538 2725 Ecclesia
546 2683 691 2727 prosedui
713 2686 943 2728 congratulans,
969 2690 1049 2717 inter
1071 2683 1133 2716 alia

260 2733 356 2765 multa
366 2732 575 2777 confirmabat,
602 2744 635 2768 ut
658 2733 889 2778 Archlepifiopu's
909 2731 1132 2773 Cantuarienfis

261 2788 295 2815 in
314 2782 452 2819 Conciltis
478 2783 529 2814 vel
547 2785 666 2821 synodis
691 2784 876 2821 celebrandis
887 2783 1132 2826 affideredebeat

263 2831 399 2873 Pontifici
434 2831 550 2866 santra
586 2834 710 2874 Ruffinae
731 2846 741 2875 ;
758 2851 761 2861 ι
779 2834 882 2870 Abbas-
909 2836 983 2868 vesto
1003 2832 1133 2877 Augusti-

262 2880 365 2922 m’enfis
390 2881 497 2915 Abbati
520 2883 631 2915 Montis
651 2884 777 2924 Cafflni.
804 2882 872 2926 Ipse
900 2895 1011 2927 quoque
1021 2883 1131 2917 Abbati

262 2930 413 2972 Wulfrico
434 2931 470 2962 de
490 2929 624 2971 Ecclefiae
639 2930 703 2973 suae
716 2933 889 2967 dilatatione
914 2935 948 2969 <9¹
961 2933 1131 2970 Sanllorum

265 2981 372 3015 ibidem
391 2978 710 3023 quiescentiumbonore
739 2989 907 3016 memoriam
910 2982 1041 3024 facienti
1055 3008 1066 3025 ,
1090 2984 1134 3015 dt-

265 3030 329 3068 e‘tus
368 3030 537 3073 apostolicus
567 3030 645 3076 quod
664 3031 787 3073 petebat
807 3033 932 3068 libenter
967 3038 1075 3066 annuit
1100 3035 1135 3067 et

265 3078 430 3114 benedixit.
460 3080 553 3114 Errat
567 3079 632 3116 haec
645 3081 726 3116 Asta
739 3092 828 3116 anno
838 3082 911 3124 post
928 3082 1134 3117 millesimum

266 3130 530 3174 quinquagefimo
550 3130 641 3165 sexto
661 3141 671 3171 ;
699 3129 806 3165 lucide
825 3132 914 3167 enim
936 3133 1076 3175 spectant
1095 3133 1134 3166 ad

266 3179 452 3222 praesentem
463 3179 636 3222 synodum
649 3179 770 3216 .·1nter
783 3179 846 3214 alia
859 3205 868 3220 ,
892 3190 963 3225 quar
971 3182 1136 3217 Wulfrico

266 3228 391 3262 Abbati
404 3229 556 3263 coneeffit
569 3228 726 3264 Pontifex
739 3255 749 3270 ‚
775 3229 936 3277 postulata
951 3231 1014 3264 fuit
1032 3241 1138 3266 exem-

265 3278 390 3322 ptionis
399 3278 431 3312 ὅ(
444 3278 544 3322 plenae
556 3278 712 3315 libertatis
723 3279 985 3319 confirmatio,de
996 3287 1060 3322 qua
1068 3282 1138 3325 post

265 3328 375 3363 Sancti
398 3328 576 3364 Lanfranci
589 3329 820 3373 Episcopatum
842 3331 973 3366 fuerunt
992 3331 1138 3373 quaestio·

267 3389 328 3414 nes
346 3376 603 3414 interminabiles
616 3403 623 3411 .
644 3378 774 3424 Anglia
787 3405 797 3424 2
823 3380 911 3423 quod
935 3379 1019 3414 circa
1039 3381 1140 3416 Simo.

269 3427 358 3464 niam
370 3428 466 3463 fuerit
476 3427 595 3464 caeteris
604 3428 744 3475 Europae
755 3430 908 3475 gentibus
919 3430 1140 3473 innocentior,

916 161 1315 205 Reiorum

1190 838 1314 882 sedendi
1326 844 1358 870 in
1370 845 1448 870 omni
1459 839 1515 871 loco
1527 863 1537 879 ‚
1551 842 1777 880 Conventuque,
1787 837 1851 880 five
1855 838 1995 878 judiciale·
2002 837 2068 879 sen-

1195 894 1289 922 tentia
1300 913 1310 929 ,
1331 887 1383 930 seu
1394 895 1426 921 in
1438 889 1571 921 omnibus
1583 891 1723 922 conciliis
1735 900 1768 922 ac
1778 887 1932 921 ordinibus
1945 910 1955 926 ‚
1975 886 2069 927 nostra

1396 159 1774 203 SYNOD0.
1897 168 1990 212 223

1197 241 1291 275 debet
1310 242 1448 285 piiffirno
1461 244 1517 276 suo
1532 241 1616 286 Regi
1630 240 1782 274 Eduardo
1795 264 1804 280 ‚
1822 238 1912 282 cujus
1923 236 2068 273 sanctitas

1197 291 1231 324 ὅ(
1255 291 1390 326 strumas
1411 293 1535 331 sanavit
1549 316 1560 333 ,
1586 294 1620 327 &
1638 291 1756 325 multis
1776 289 1955 324 coruscavit
1974 289 2067 323 mira.

1197 340 1277 374 culis
1293 366 1299 372 .
1815 363 1825 373 .

1245 390 1324 436 Qo
1346 401 1452 429 autem
1476 401 1620 435 tempore
1643 390 1787 429 Abbates
1808 390 1841 423 in
1864 389 2067 440 generalibus

1197 451 1252 480 aut
1269 441 1531 478 provincialibus
1555 442 1697 484 synodis
1712 440 1868 484 coeperint
1887 439 1994 474 sedem
2013 439 2068 473 ha-

1197 489 1269 524 bere
1281 491 1314 524 ὅ(
1328 490 1514 536 suffragium
1526 516 1536 530 ,
1549 492 1594 524 est
1608 492 1754 526 involuta
1766 490 1895 534 quaestio
1905 515 1915 531 ‚
1938 501 1998 523 nec
2009 488 2069 524 hu·

1195 539 1241 581 jus
1257 540 1339 573 loci.
1369 540 1481 573 Simile
1494 542 1623 573 interim
1649 553 1723 574 curn
1737 540 1981 585 'Augustinienfi
2001 539 2068 573 Ab·

1197 589 1271 623 bate
1279 589 1519 633 privilegium-a
1534 590 1697 634 Gregorio
1710 591 1768 626 IV.
1794 591 1906 625 datum
1917 589 2009 623 fuisse
2021 588 2067 623 et'-

1195 640 1258 673 iam
1272 639 1422 672 Fuldenfi
1436 639 1638 674 Monasterio
1649 663 1658 678 ‚
1685 639 1769 673 lucet
1779 651 1819 674 ex
1832 640 1898 682 ejus
1910 639 1950 674 ad
1963 638 2068 672 Raba-

1194 700 1273 723 num
1285 689 1439 722 Maurum
1454 700 1532 722 tunc
1543 688 1709 722 Abbatem
1726 690 1936 730 Diplomate:
1964 692 2068 722 conce·
2083 691 2140 728 Fol.
2153 700 2220 729 5¹3·

1194 741 1291 771 dimus
1304 747 1337 771 ut
1349 747 1413 770 tam
1425 749 1477 771 vos
1489 762 1498 777 ‚
1511 740 1601 779 quam
1616 741 1637 770 5
1638 739 1782 779 accessores
1793 738 1901 778 vestri,
1929 749 1998 773 ante
2010 751 2068 771 om-

1196 800 1247 822 nes
1262 788 1390 821 abbates
1402 793 1492 820 totius
1506 789 1615 821 Galliae
1637 786 1689 830 seu
1701 791 1871 821 Germam'ae
1899 791 2067 821 Primatum

1196 938 1355 981 apostolica
1368 938 1547 972 authoritate
1559 939 1726 973 obtineatis.
1758 938 1868 972 Exstat
1880 937 1964 982 apud
1979 937 2071 980 Jaco-

1196 989 1273 1023 bum
1288 989 1495 1023 Gretzerum.
1524 988 1627 1022 Addit
1638 989 1833 1026 Lambertus
1853 987 2070 1023 Schafnabur-

1194 1038 1298 1085 gen‘fis
1310 1051 1316 1071 :
1329 1042 1393 1071 Rex
1408 1040 1538 1073 natalem
1549 1043 1668 1072 Domini
1676 1041 1821 1073 Goslariae
1831 1037 1995 1072 celebravit.
2013 1037 2068 1070 Ubi
2089 1036 2123 1070 Α.-
2142 1038 2227 1071 ¹0⁶3·

1195 1088 1259 1132 ipsa
1274 1090 1407 1127 dicdum
1418 1091 1462 1121 ad
1473 1088 1626 1131 vesperam
1631 1089 1714 1132 sellae
1725 1088 1806 1132 Epis
1802 1098 1931 1130 caporum
1943 1088 2069 1122 locaren-

1195 1149 1261 1180 tur,
1285 1145 1362 1172 inter
1373 1143 1559 1178 Camerarios
1573 1141 1723 1175 Hecelenis
1738 1137 1983 1177 Hildesbemenfis
1995 1143 2073 1181 Ept-

1191 1188 1653 1232 scopt‚&CamerarioWideradi
1662 1188 1818 1231 Fuldenfis
1829 1188 2071 1233 abbatis-‚gravis

1194 1244 1360 1272 concertatio
1369 1239 1468 1272 oborta
1476 1239 1522 1278 est.
1557 1242 1602 1272 Et
1610 1246 1708 1282 primo
1711 1242 1835 1284 jurgiis,
1845 1240 1952 1272 deinde*
1958 1243 2072 1282 pugms

1195 1301 1241 1322 res
1257 1288 1337 1331 gesta
1357 1289 1395 1328 est
1408 1313 1419 1328 ,
1444 1295 1555 1332 citoque
1576 1291 1621 1322 ad
1639 1291 1758 1333 gladios
1775 1290 1971 1332 prorupissent
1982 1312 1992 1328 ,
2019 1287 2075 1330 nifi

1198 1338 1323 1371 Othonis
1340 1341 1431 1372 Ducis
1443 1342 1629 1373 Botariorum
1639 1363 1650 1380 ‚
1676 1346 1728 1383 qui
1739 1338 1858 1382 causam
1874 1339 2000 1372 Abbatis
2012 1348 2075 1372 tue-

1194 1389 1283 1421 batur
1294 1413 1304 1428 ‚
1320 1388 1480 1422 auctoritas
1493 1390 1677 1433 interceffiffet
1693 1414 1699 1420 .
1714 1389 1816 1435 Causa
1824 1392 1894 1423 vero
1908 1390 1982 1422 talis
1995 1395 2069 1422 emt.

1195 1437 1377 1480 Consuetudo
1403 1448 1469 1471 erat
1490 1444 1522 1470 in
1534 1443 1632 1482 Regno
1646 1447 1705 1480 per
1719 1441 1825 1472 multos
1848 1447 1928 1473 retro
1939 1440 2072 1479 Maiores

1195 1487 1351 1530 observata
1365 1512 1374 1527 ,
1401 1496 1435 1520 ut
1441 1486 1558 1530 semper
1575 1494 1609 1521 in
1619 1494 1775 1521 conventu
1794 1487 2005 1531 Episcoporum
2019 1487 2075 1520 Ab·

1194 1537 1248 1569 bat
1261 1535 1413 1577 Fuldenst‘s
1430 1536 1643 1580 Arcbtepiscopo
1657 1542 1827 1581 Moguntt‘no
1845 1544 2003 1579 proximus
2011 1539 2076 1578 *affl-

1195 1588 1288 1619 deret.
1319 1587 1377 1618 sed
1389 1584 1553 1629 Episcopus
1577 1586 1751 1629 causabatur
1774 1593 1920 1621 neminem
1926 1587 1982 1629 fibi
1994 1593 2077 1620 intra

1200 1635 1346 1676 Dioecefim
1360 1634 1449 1678 suam
1460 1637 1524 1678 post
1540 1636 1789 1681 Archieptscopum
1803 1637 1905 1671 debere
1912 1636 2074 1680 praeferri.

1194 1686 1297 1733 Qod
1312 1685 1415 1728 ipsum
1429 1686 1573 1728 pluribus
1587 1687 1680 1722 refert
1692 1687 1726 1720 in
1739 1688 1873 1722 librode
1885 1689 2077 1722 conservan-

1198 1737 1238 1770 da
1250 1735 1399 1769 Ecclesia:
1411 1736 1538 1770 unitate
1550 1735 1734 1772 Veneticus
1758 1737 2078 1781 Episcopus'Vercel-

1196 1786 1294 1819 lenfis
1309 1809 1316 1817 .
1344 1785 1388 1818 Et
1412 1785 1454 1818 de
1465 1786 1607 1821 Sevvino
1621 1789 1797 1823 Senonenfi
1815 1787 2077 1830 Archiepiscopo

1195 1835 1303 1870 scribit
1313 1834 1348 1868 in
1359 1835 1467 1869 Sanfii
1481 1835 1570 1870 Petri
1581 1837 1647 1871 vivi
1667 1837 1839 1872 Chronico
1852 1838 1981 1871 Clarius
2001 1838 2079 1871 Mo-

1196 1884 1341 1919 nachus:
1367 1887 1520 1919 sevvinus
1538 1888 1670 1921 decrevit
1684 1912 1694 1928 ,
1720 1896 1753 1920 ut
1763 1888 1866 1920 Sanc‘lt
1878 1890 1961 1920 Petri
1974 1887 2077 1921 Abbas
2099 1892 2155 1920 An·
2170 1900 2237 1927 999·

1192 1941 1224 1967 in
1244 1939 1407 1968 Conventa
1429 1935 1578 1968 Abbatum
1603 1938 1656 1969 vel
1673 1938 1853 1970 clericorum
1870 1937 1933 1979 post
1958 1936 2078 1981 Episco-

1189 1994 1264 2028 pum
1275 1990 1393 2027 primus
1401 1982 1508 2026 sedeat
1521 2009 1531 2025 ‚
1557 1987 1592 2019 ὦ·
1606 1991 1683 2019 inter
1706 1995 1824 2020 caeteros
1847 1985 1981 2029 ejusdem
2003 1991 2079 2030 Epi-

1188 2035 1327 2080 scopatus
1339 2033 1467 2068 abbates
1490 2038 1658 2068 Primatum
1681 2045 1800 2070 teneat.
1829 2035 1896 2080 Ipse
1916 2046 2013 2070 autem
2030 2047 2078 2071 ta-

1191 2083 1438 2128 lemseexbibeat
1451 2109 1462 2124 ‚
1487 2095 1520 2119 ut
1540 2085 1690 2129 dignusfit
1702 2090 1758 2120 tali
1769 2087 1886 2120 honore.
1919 2088 1961 2120 Et
1979 2085 2078 2123 breve

1191 2134 1299 2168 Sancti
1310 2135 1465 2177 Dionyfii
1478 2135 1734 2181 prope‘Parifios
1757 2136 1951 2171 Chronicon
1967 2151 1977 2171 .·
2004 2143 2079 2171 Con-

1191 2185 1279 2227 ceffus
1301 2183 1338 2222 est
1353 2182 1423 2226 usus
1435 2182 1557 2225 mttrae3
1585 2187 1755 2227 &annuli,
1784 2189 1818 2221 Θ
1838 2185 2045 2230 sandaliorum
2068 2213 2081 2230 ,

1192 2234 1336 2267 Gulielmo
1365 2232 1472 2266 Abbati
1505 2231 1607 2269 samri
1630 2234 1750 2277 Dionysii
1773 2261 1783 2276 ‚
1802 2238 1844 2270 ό·
1873 2238 2077 2282 succeffirribus

1192 2286 1278 2326 eJ’us,
1312 2284 1347 2317 o·
1354 2289 1457 2325 prima
1477 2282 1564 2329 sedes
1578 2291 1611 2319 in
1628 2287 1747 2319 dextero
1769 2287 1865 2321 latere
1885 2297 1956 2321 ante
1978 2300 2077 2323 omnes

1196 2333 1485 2375 Archimandritas,
1511 2337 1548 2369 Gt-
1567 2341 1672 2378 prima
1692 2348 1753 2370 vox
1777 2342 1809 2372 in
1827 2336 2004 2380 sententiis.
2033 2340 2078 2373 Ec

1195 2384 1237 2418 de
1249 2380 1401 2428 Notgero
1417 2383 1587 2419 Leodienfi
1612 2383 1775 2430 Episcopo
1787 2385 1887 2421 habet
1908 2387 2079 2423 Lobienfis

1188 2433 1394 2483 *Moqasterii
1417 2431 1609 2472 Chronicon
1637 2449 1647 2469 .-

1196 2493 1272 2527 pum
1293 2483 1377 2521 nobis
1398 2485 1567 2527 concessum,
1596 2486 1660 2519 &a
1663 2490 1696 2530 J
1698 2498 1792 2521 oanne
1816 2481 1906 2530 Pap‘a
1924 2489 2076 2532 confirma-

1199 2543 1264 2568 tum
1272 2533 1312 2575 est
1324 2557 1336 2574 ,
1361 2542 1396 2567 ut
1408 2533 1578 2577 Lobtensem
1591 2535 1749 2577 Ecclefiam
1769 2543 1846 2571 inter
1857 2540 1968 2572 omne?
1983 2545 2075 2572 totius

1199 2582 1400 2627 Episcopatus
1411 2582 1552 2625 Ecclefias
1558 2585 1622 2628 pos}
1634 2589 1789 2620 Matricem
1796 2593 1906 2629 primae
1911 2587 1995 2631 sedis
2014 2593 2074 2623 Ec-

1195 2633 1305 2676 clefiam
1326 2637 1497 2667 Primatum
1514 2633 1622 2669 babere
1641 2638 1845 2671 concederent.
1874 2638 1995 2672 Etiam-
2007 2639 2076 2673 Ab·

1197 2684 1385 2719 barisanffl
1399 2683 1521 2718 Albani
1547 2685 1643 2720 fuitre
1663 2687 1704 2721 ab
1716 2686 1866 2722 Adriano
1878 2697 1992 2731 quarto
2018 2688 2076 2723 da-

1196 2745 1268 2768 tum
1280 2735 1420 2778 primum
1431 2734 1505 2767 ante
1515 2735 1647 2778 quosvis
1660 2735 1807 2772 Abbates
1816 2738 1849 2770 in
1862 2738 2006 2781 generali
2018 2739 2078 2780 Sy-

1199 2783 1290 2819 nodo
1301 2783 1413 2818 locum
1427 2807 1437 2824 ‚
1465 2783 1634 2827 ipsumque
1645 2786 1878 2821 in-Turonenfi
1891 2787 2077 2822 Alexandri.

1199 2834 1285 2869 tertii
1308 2833 1447 2877 Synodo
1466 2834 1660 2879 affignatum
1694 2836 1843 2872 Roberto
1870 2836 1993 2871 Abbati
2019 2848 2076 2881 per

1198 2882 1431 2927 Hyacinthum
1451 2885 1709 2920 Sanctae—‘Mariae
1731 2889 1765 2920 in
1792 2887 1971 2921 Cosmedin
1999 2887 2081 2921 Car-

1198 2935 1343 2969 dinalem
1364 2934 1555 2969 Diaconum
1594 2937 1732 2970 affirmat
1756 2961 1767 2976 ,
1792 2939 1826 2970 δε
1851 2947 1963 2981 graves
2001 2937 2078 2972 inde

1200 2985 1273 3018 lites
1284 2983 1421 3028 exponit
1432 2985 1465 3018 in
1479 2985 1557 3020 dieti
1570 2985 1712 3020 Roberti
1723 2986 1788 3020 vita
1802 2985 1980 3020 Matthaeus
1990 2985 2079 3020 Pari-

1198 3034 1318 3067 fienfis.
1349 3033 1393 3067 Et
1402 3034 1535 3077 quidem
1549 3047 1615 3069 non
1631 3037 1661 3070 S.
1675 3034 1877 3080 Augustini,
1902 3036 1955 3070 sed
1967 3036 1997 3070 S.
2011 3035 2075 3071 Ed-

1201 3082 1316 3118 mundi
1337 3082 1448 3116 Abbas
1468 3085 1639 3126 praesertim
1665 3085 1697 3117 se
1729 3085 1882 3129 opposuit
1902 3111 1913 3128 ‚
1940 3085 2078 3131 ideoque

1201 3133 1290 3174 istius
1302 3132 1508 3176 privilegium
1522 3134 1649 3167 videtur
1659 3145 1727 3168 non
1740 3135 1912 3170 traniivifle
1926 3134 1961 3171 in
1970 3137 2071 3171 usum.

1203 3182 1371 3219 Habemus
1381 3180 1470 3225 plura
1481 3182 1639 3226 ejusmodi
1651 3185 1822 3229 privilegia
1835 3211 1845 3227 ,
1870 3197 1940 3230 quae
1950 3187 2004 3222 oli
2019 3199 2078 3222 na·

1203 3244 1249 3267 tas
1263 3244 1304 3266 ex
1316 3231 1388 3275 ipfis
1398 3232 1509 3266 turbas
1522 3234 1623 3279 longa
1633 3233 1697 3277 jam
1711 3234 1860 3270 Ecclefiae
1870 3238 2077 3272 consuetudo

1202 3282 1347 3317 abolevit
1368 3280 1485 3316 merito
1510 3283 1545 3317 δε
1570 3285 1832 3330 circumscripsit.
1860 3285 1964 3321 Porro
1978 3287 2078 3321 Gaffi-

1204 3333 1306 3367 nensis
1326 3331 1440 3366 Abbas'
1460 3341 1527 3367 erat
1547 3343 1627 3368 tunc
1648 3345 1744 3377 caput
1765 3336 1866 3371 totius
1886 3337 1921 3371 in
1944 3338 2075 3378 Europa

1203 3380 1424 3415 Monachismi
1436 3407 1446 3422 ‚
1473 3381 1610 3427 ideoque
1624 3386 1767 3427 primum
1786 3387 1898 3422 locum
1909 3387 1977 3419 Leo
1991 3385 2077 3418 Pon-

1204 3433 1294 3468 tifex·
1308 3431 1488 3467 immerite>
1500 3435 1724 3470 confirmavit.

1855 3481 2028 3518 CAPUT

2208 1722 2244 1769 a*
2264 1726 2313 1761 ‘f

2099 2164 2131 2195 Α.
2154 2172 2235 2200 ¹¹79·

1684 2439 1743 2472 Per
1765 2441 1936 2481 Notgerum
1956 2437 2076 2481 Episcoe
2097 2441 2230 2475 Ati-990·
