2352 3736
469 162 558 192 DE
627 147 667 191 S.
738 147 1072 191 Lu·oN18

1142 144 1373 190 Nonr
1445 146 1747 190 Acrrs.

1851 150 1950 203 303‘

199 236 275 271 tasse
286 234 331 270 ob
342 232 458 268 Photii
471 232 697 272 auito-ritatem
709 256 719 272 ‚
746 232 780 265 &
794 240 978 275 perpetuam
998 240 1074 263 cum
1136 229 1236 274 igitur
1249 231 1432 265 facinorum
1455 229 1613 264 memoria
1626 253 1638 269 ,
1662 229 1696 263 &
1708 228 1727 263 a
1738 227 1868 263 laudata
1878 227 2011 272 Stepha-

200 283 550 319 illo-communionem
577 282 707 316 fovisse.
734 281 816 316 Haec
833 281 907 314 sunt
919 280 1078 314 recentio-

196 333 503 372 rumGraeculorum
515 334 643 375 somnia
655 355 665 371 ,
689 342 757 375 quae
770 330 895 366 erudite
911 330 982 363 istic
993 328 1078 364 refu·

194 394 246 419 tat-
263 383 412 419 laudatus
437 383 603 423 Allatius,
629 383 664 417 δε
677 393 748 426 quat
769 378 910 419 necdum
936 390 1010 414 nata
1020 379 1077 413 du·

1138 281 1171 313 ni
1192 279 1364 315 Pontificis
1384 281 1531 324 Epistola
1549 280 1711 317 excitatus
1728 279 1908 322 Imperator
1916 278 2018 321 Lem·

1136 330 1169 363 &
1180 327 1305 365 Photio
1330 332 1364 365 ἀ
1375 329 1562 366 Theodoro
1571 329 1768 374 Synodalem
1782 329 1959 371 processum
1969 329 2019 366 fea

1136 380 1182 412 cit
1192 379 1227 413 in
1241 379 1362 423 palatio
1383 380 1425 415 ad
1443 378 1570 415 fontem
1584 404 1595 420 ,
1621 380 1655 414 ὅ(
1668 377 1757 414 hunc
1766 378 1806 413 ad
1817 377 1946 421 publica
1959 375 2022 414 fian

193 431 275 468 dum
296 435 389 468 antea
400 434 587 477 praefocavit
609 430 797 471 authentica
822 431 939 468 octavae
950 428 1077 472 synodi
1136 429 1222 474 gella
1245 430 1541 465 &excaecationem
1561 430 1753 468 damnavit,
1778 429 1875 462 illum
1886 426 1928 462 ad
1949 439 2016 472 per-

194 483 374 526 appendix:
401 479 528 517 Pharius
551 483 763 526 quadraginta‘
777 484 906 522 quinque
923 484 1013 513 annis
1035 480 1080 512 ad

171 528 174 531 ’
195 533 367 570 hodiernum
387 532 478 577 usque
498 534 577 568 diem
597 534 703 574 palam
724 528 916 563 anathemate
933 529 1078 571 feritura

196 588 293 619 Leone
306 588 394 627 Papa
405 592 521 628 quarto
533 581 620 626 usque
641 581 684 614 ad
697 578 869 622 Formosum
879 605 886 612 .
913 584 1002 612 Nam
1023 590 1078 611 an-

195 646 247 666 nos
268 637 401 668 undecim
425 631 702 667 anathematizatur
722 628 879 672 saecularis
912 631 947 663 6·
970 631 1077 661 Laicus

195 694 349 727 tamquam
362 689 489 727 quicum
506 684 642 724 Gregorio
652 679 824 723 Syracusano
835 678 1023 714 exautqorato
1044 678 1078 711 &

195 734 452 768 anathematizato
476 736 701 764 communicaret
728 755 734 762 .
774 733 820 762 Et
850 731 927 762 alios
952 732 1078 771 triginta

195 794 323 825 quatuor
334 806 344 821 ,
365 780 519 824 postquam
522 779 618 823 sacris
639 785 779 812 initiatus
793 778 830 818 est
843 804 850 810 .
878 782 1001 811 Etenim
1015 781 1077 810 Leo

196 833 340 876 Pontffex
353 856 363 872 ,
389 834 423 867 (δ’
448 830 628 865 Benedic‘lus
653 852 664 868 ‚
687 830 721 862 (Ὗ
739 829 885 861 Nicolaus
907 830 1077 870 Gregorium

191 893 315 928 propter
327 888 432 916 varias
451 879 554 923 causas
571 878 763 911 anathemate
788 877 975 910 damnabant
986 903 993 909 .
1022 877 1078 909 Ubi

194 937 266 968 verb
283 932 404 965 l'hotius
417 934 437 963 ἃ
447 932 588 963 damnato
598 926 778 971 consecratus
799 927 837 967 est
848 953 858 968 ‚
885 939 949 970 curn
956 935 1078 969 propter

195 985 258 1017 alia
285 981 372 1025 ipfius
388 980 549 1023 facinora,
576 988 641 1012 tum
667 980 748 1020 quod
766 977 864 1020 sacris
886 978 954 1020 effet
971 980 1077 1012 &Gre-

191 1026 418 1079 gorloinitiatus
431 1054 443 1071 ‚
465 1028 745 1063 anathematizatur
765 1029 785 1059 ἃ
806 1039 911 1061 novem
931 1031 1075 1061 Romanis

196 1081 385 1124 Pontificibus
401 1106 412 1121 ‚
439 1085 555 1118 Leone,
583 1078 745 1111 Benedit‘lo
762 1102 773 1118 ‚
800 1079 923 1113 Nicolao
935 1100 945 1115 ,
970 1079 1077 1111 Adria-

193 1145 232 1166 no
247 1157 257 1172 ,
276 1136 423 1176 Joanne‚
451 1134 590 1169 Marino,
619 1130 749 1160 Adriano
770 1128 881 1168 altero,
908 1127 1077 1168 Stephano,

193 1180 374 1224 &Formosb
389 1206 395 1213 .
425 1178 587 1214 Existimo
600 1177 758 1211 Photium
782 1179 881 1220 usque
892 1176 933 1211 ad
942 1178 1077 1212 Formo-

193 1231 217 1265 si
230 1231 463 1267 Pontificatum
487 1227 716 1272 supervixisse,
741 1235 837 1271 atque
857 1228 902 1261 ita
923 1228 1076 1263 acunffis

192 1281 263 1315 istis
277 1279 496 1316 Pontificibus
515 1304 525 1319 ,
553 1279 656 1322 ipsum
680 1287 736 1313 aut
747 1276 998 1316 damnantibus,
1019 1288 1075 1311 aut

192 1331 260 1372 ejus
282 1331 323 1366 ab
356 1330 555 1372 Imperatore
575 1328 689 1363 Leone
714 1327 906 1374 ejectionem
932 1327 1073 1361 omnino

193 1379 484 1425 comprobantibus
515 1402 526 1418 ‚
552 1377 645 1412 fuisse
677 1375 987 1413 anathematizatum
1007 1402 1017 1418 ,
1038 1388 1074 1411 ac

194 1431 230 1464 in
253 1429 460 1464 anathemate
480 1426 687 1463 defunctum.
717 1426 854 1461 Ethinc
882 1427 918 1459 in
939 1427 1075 1460 Formo·

190 1482 262 1514 sum
274 1480 378 1515 multa
390 1480 520 1523 fingunt
536 1477 726 1521 posteriores
745 1475 886 1510 Graeculi
900 1500 911 1515 ‚
937 1487 1003 1519 quo
1017 1488 1075 1509 no-

190 1530 314 1565 viffima
337 1531 373 1564 in
389 1527 548 1563 Photium
570 1527 732 1563 sententia
755 1526 903 1561 credatur
913 1527 974 1560 esse
985 1525 1073 1568 parvi

189 1582 429 1676 poritheiblcsipost
442 1628 558 1662 factam
569 1625 586 1659 ὲ
599 1625 712 1660 Leone
724 1624 917 1668 ejestionem
929 1622 1074 1658 Histori-

186 1679 219 1714 ci
243 1680 284 1714 de
306 1676 429 1712 Photio
454 1677 607 1718 deinceps
624 1685 775 1714 taceant,
800 1675 846 1708 est
869 1673 1010 1708 omnino
1022 1685 1073 1707 ve-

185 1740 259 1764 rum
283 1753 290 1762 .
332 1727 512 1771 Ejenionis
531 1725 667 1762 modum
694 1724 846 1758 describit
862 1724 934 1757 Leo
959 1724 1074 1756 Gram-

185 1780 324 1814 maticus
341 1790 349 1810 :
378 1782 436 1812 Leo
448 1781 612 1818 Imperator
626 1776 778 1808 Andream
789 1772 978 1813 Domesticum
989 1771 1071 1805 Scho-

185 1831 283 1864 larum
305 1839 365 1863 una
389 1839 455 1862 cum
459 1830 492 1872 J
494 1837 586 1860 oanne
598 1825 760 1869 Agiopolita
779 1830 845 1856 viro
864 1825 976 1856 litteris
994 1830 1072 1864 prae-

178 1879 351 1921 stantiffimo
364 1879 531 1911 mandavit
546 1900 557 1915 ,
583 1881 635 1918 qui
650 1874 777 1907 Ambone
788 1871 924 1914 Ecclefiae
944 1871 1072 1915 conscen-

180 1928 216 1974 s⁰
230 1953 241 1969 ‚
265 1927 398 1968 &causis
420 1933 453 1960 in
468 1924 608 1961 Photium
632 1922 845 1958 Patriarcbam
864 1923 944 1958 lec‘iis
958 1947 968 1965 ,
997 1922 1074 1955 thro·

185 1976 263 2022 nofe
284 1978 423 2011 abdicare
448 1982 621 2020 coegerunt,
650 1975 727 2008 &in
750 1977 951 2008 Armeniorum
971 1975 1072 2005 Mona-

179 2030 302 2071 sterium
317 2052 328 2068 ‚
341 2027 435 2060 Bordi
446 2026 556 2059 dilium
571 2049 582 2064 ‚
593 2022 783 2066 detruserunt
795 2048 802 2054 .
831 2028 971 2057 Fratrem
980 2029 1070 2056 etiam

183 2084 217 2111 in
232 2076 453 2111 patriarchium
477 2076 600 2108 induxit
616 2099 627 2115 ,
652 2079 703 2116 qui
723 2073 946 2106 imminentibus
962 2071 1071 2112 Christi

185 2128 351 2161 Natalitiis
367 2124 548 2162 Patriarcbae
568 2122 750 2167 consecratur
762 2125 782 2156 ᾶ
803 2122 979 2165 Theophane
1015 2126 1069 2156 He-

185 2176 335 2218 raclrjenfi
351 2199 361 2215 ‚
385 2181 491 2218 prime
512 2173 574 2216 post
604 2173 815 2207 Patrtarcbam
838 2174 923 2206 Sedis
950 2171 1070 2215 Episco-

181 2236 224 2270 po
237 2252 248 2268 ,
268 2228 302 2260 <7
313 2229 332 2259 ἃ
348 2228 470 2268 reliquis
485 2222 664 2267 Praefirlibus
677 2248 685 2256 .
713 2223 846 2267 Utique
856 2223 874 2257 a
888 2222 1070 2265 Theopha-

187 2289 231 2310 ne
255 2275 474 2318 Heraclejenfi
502 2275 666 2317 Episcopo
690 2297 702 2314 ,
729 2274 870 2315 Europae
901 2273 1067 2316 Metropo-

187 2327 245 2360 lita
270 2350 282 2366 ,
307 2338 345 2360 ac
369 2326 473 2360 totius
494 2323 666 2358 Thracicae
690 2322 871 2357 Dioecesios
894 2321 1067 2362 Exarcho‚

186 2374 228 2409 ad
241 2387 338 2419 quem
361 2375 484 2418 dejure
496 2375 609 2417 spectat
621 2372 986 2416 Constantinopolitani
1009 2372 1068 2406 Pa-

185 2425 331 2460 triarehae
352 2424 555 2459 consecratio
580 2449 587 2456 .
616 2423 660 2457 Et
681 2422 726 2456 ita
754 2432 887 2458 notatur
905 2421 1063 2463 Photius,

186 2475 447 2519 quiaGregorio
468 2473 628 2517 Syracusae
649 2471 924 2515 Archiepiscopo,
952 2473 1067 2516 &qui-

186 2524 261 2560 dem
283 2525 440 2559 damnato
460 2534 496 2557 ac
507 2521 805 2561 anathematizato,
830 2524 863 2556 se
883 2523 1067 2565 permiserat

187 2576 383 2609 consecrari.
411 2573 516 2608 Addit
538 2573 687 2606 laudatus
708 2573 950 2607 Grammaticus
967 2586 978 2606 .·
1006 2576 1065 2606 An-

187 2626 277 2658 dreas
301 2623 475 2665 Domesticus
497 2622 709 2664 &stephanus
721 2622 882 2666 Magister,
909 2622 1064 2656 &Theodo-

187 2685 221 2708 ro
231 2673 433 2706 santabareno
451 2674 639 2707 contumelias
660 2673 809 2715 quondam
821 2673 912 2713 paffi,
938 2671 1063 2714 infidus

188 2724 298 2757 deinde
322 2728 353 2755 in
373 2720 466 2763 ipsum
486 2722 668 2763 machinati,
691 2721 886 2766 ficggefferunt
906 2725 1065 2764 Imperato-

189 2779 219 2806 ri
239 2771 380 2805 Photium
402 2771 608 2804 Patriarcbam
625 2774 660 2805 Gt
678 2772 859 2806 Theodorum
881 2773 1065 2806 santabare-

191 2834 262 2856 num
273 2834 310 2855 ex
324 2820 423 2855 Photii
436 2820 619 2854 Patrtarcbae
629 2820 848 2866 consanguineis
867 2823 993 2865 aliquem
1002 2834 1065 2856 con-

188 2873 306 2915 stituere
329 2876 537 2913 Imperatorem
553 2869 727 2910 confiliatos.
755 2872 828 2905 Nec
837 2873 1002 2907 accusatio
1012 2884 1064 2907 ca-

192 2922 283 2956 rebat
303 2921 520 2955 fundamento
534 2944 541 2951 .
568 2919 658 2953 Nam
680 2921 788 2963 &ipse
807 2921 985 2964 Imperator
995 2923 1064 2956 Leo

192 2973 210 3005 a
224 2972 467 3014 circumscripto
487 2981 541 3012 per
561 2967 675 3003 Photii
697 2972 874 3004 calumnias
897 2982 982 3015 patre
1006 2973 1063 3006 suo

194 3022 312 3056 Bafilio
324 3021 425 3055 fuerat
442 3020 544 3063 passus
558 3030 738 3057 carcerem,
762 3020 795 3054 δ(
805 3020 846 3054 de
860 3020 924 3054 vita
941 3021 1065 3063 pericli-

192 3082 280 3104 tatus
303 3095 311 3102 .
340 3070 394 3105 Ad
416 3068 562 3105 Schisma
584 3071 678 3103 suum
697 3068 892 3107 firmandum
923 3070 1064 3104 Photius

192 3120 339 3155 omnine>
359 3121 559 3164 cogita-verat
576 3118 688 3153 Basilii
715 3130 819 3163 genus
841 3119 970 3161 perdere
992 3145 1003 3161 ‚
1029 3121 1064 3154 ὅ(

191 3170 367 3213 Imperium
389 3171 423 3203 in
446 3171 538 3203 suum
558 3170 749 3213 sanguinem
771 3168 930 3203 derivare.
957 3171 1002 3204 Et
1022 3170 1063 3204 ad

191 3220 288 3255 hasce
308 3217 473 3254 machinas
493 3221 597 3257 fuerat
610 3221 684 3253 usus
706 3219 767 3252 isto
778 3216 963 3253 Theodoro
977 3243 987 3259 ,
1012 3231 1064 3253 ne-

192 3271 345 3314 quissimo
364 3267 560 3308 Monacho,
584 3270 616 3305 ὃ(
638 3268 835 3313 magicarum
853 3270 971 3303 artium
994 3269 1065 3302 infi-

192 3320 298 3364 gniter
321 3320 425 3364 perito
441 3343 451 3358 ,
478 3327 533 3357 aut
554 3317 639 3352 certe
660 3320 799 3363 graviter
820 3320 961 3361 suspesso
986 3343 994 3351 .
1021 3320 1064 3352 Et

192 3381 260 3412 quo
281 3369 335 3404 hic
356 3369 577 3404 austeritatem
599 3366 752 3408 haberet,
779 3370 884 3412 ipsum
909 3369 963 3402 ille
983 3380 1064 3402 crea-

193 3429 282 3455 verat
302 3419 553 3466 Metropolitam
576 3417 809 3463 Euchaitarum
827 3443 835 3452 .
866 3417 924 3453 Ab
947 3416 1066 3456 horum

1118 984 1122 1048 l

1138 490 1267 522 petuam
1297 481 1525 524 poenitentiam
1555 480 1589 513 in
1614 477 1820 514 Monasterio
1839 478 2016 515 Armenio-

1138 541 1210 563 rum
1222 552 1230 560 .
1256 531 1342 578 Qae
1355 530 1453 565 latius
1475 539 1647 573 exponunt
1671 529 1741 563 Leo
1753 529 1993 576 Grammaticus
2004 552 2018 569 ‚

1137 580 1302 624 Georgius
1318 580 1486 614 cedrenus
1498 603 1509 619 ,
1535 580 1569 613 ὅ(
1580 575 1726 613 Michael
1738 579 1861 621 Glycas
1874 602 1881 612 .
1949 612 1952 614 ,

1186 630 1240 664 De
1260 631 1362 663 fontis
1385 629 1513 663 Palatio
1536 628 1647 662 scribit
1670 628 1818 662 laudatus
1829 628 2014 664 Cedrenus:

1138 684 1304 721 Imperator
1317 679 1444 721 Bafilius
1457 680 1588 711 condidit
1601 678 1753 711 Palatium
1763 678 1917 719 adfantes
1934 704 1940 711 .
1965 679 1979 712 1
1984 691 2020 711 n-

1137 731 1259 773 signem
1283 729 1323 762 ad
1335 730 1485 762 Aureum
1507 729 1542 760 in
1565 727 1938 769 Constantinopolitano
1949 728 2018 762 sub-

1137 779 1231 812 urbio
1246 780 1371 812 fontem
1385 778 1534 820 Deiparae
1548 777 1698 820 Virginis
1721 775 1889 810 Basilicam
1901 778 2018 812 exstru-

1136 829 1187 863 xit
1211 828 1356 872 Magnus
1376 827 1555 871 Imperator
1576 827 1670 866 Leo,
1695 826 1859 869 reparavit
1879 826 2019 860 &orna-

1136 879 1183 913 vit
1208 878 1430 921 Iustinianu5‚
1452 877 1648 921 &plurimis
1658 877 1834 910 sanitatum
1855 875 2020 910 miraculis

1135 928 1324 963 clarificavit
1358 929 1472 963 divina
1503 927 1680 961 clementia
1698 951 1705 958 .
1737 926 1847 961 Etiam
1874 936 2020 970 tempore

1134 978 1324 1014 Schismatis
1335 1004 1343 1011 .
1370 977 1427 1013 Ad
1452 976 1537 1013 hanc
1548 989 1626 1021 ergo
1637 976 1807 1011 Basilicam
1828 975 1948 1011 illustre
1960 976 2021 1010 Pa-

1135 1029 1252 1064 latium
1266 1028 1369 1063 erexit
1382 1028 1515 1062 Bafilius
1527 1042 1537 1060 :
1565 1028 1654 1061 Nam
1668 1027 1825 1070 pleraeque
1837 1026 2020 1061 nobiliores

1135 1079 1221 1123 apud
1235 1078 1566 1121 Constantinopolim
1576 1077 1726 1112 Ecclesiae
1736 1076 1896 1111 habebant
1908 1076 2021 1120 adjunf

1136 1132 1184 1164 sta
1197 1128 1325 1166 Palatia
1337 1154 1344 1161 .
1373 1128 1417 1162 Et
1431 1138 1601 1173 paternum
1613 1136 1695 1170 opus
1708 1125 1824 1161 dilexit
1836 1127 1922 1160 filius
1935 1127 2020 1166 Leo,

1136 1191 1235 1223 atque
1255 1180 1347 1213 itain
1361 1179 1432 1222 ipso
1453 1177 1601 1212 exercuit
1616 1175 1775 1220 judicium
1798 1176 1833 1210 in
1857 1176 2018 1210 Photium

1134 1232 1167 1265 <Sc
1186 1227 1422 1263 Theodorum.
1453 1228 1508 1261 De
1531 1227 1645 1261 eadem
1670 1226 1811 1261 Ecclesia
1836 1226 1870 1259 &
1891 1226 2020 1259 Palatio

1136 1279 1243 1314 scribit
1266 1279 1416 1313 Historia
1440 1277 1611 1312 Turcica:
1638 1277 1714 1310 Inde
1740 1281 1860 1310 venitur
1881 1277 1926 1309 ad
1945 1277 2024 1310 deci-

1135 1341 1215 1363 mam
1234 1328 1354 1372 sextam
1374 1353 1385 1369 ,
1410 1329 1549 1362 videlicet
1572 1327 1708 1367 selybrtae
1727 1335 1852 1369 portam
1878 1351 1888 1366 ,
1910 1338 1977 1368 quae
2002 1328 2023 1359 ἃ

1131 1377 1237 1422 priscis
1255 1387 1344 1421 porta
1367 1390 1461 1412 aurea
1487 1378 1696 1411 nominabatur
1710 1401 1721 1417 ,
1747 1378 1781 1411 (θ’
1795 1385 1886 1419 porta
1900 1376 1999 1418 fontis
2013 1402 2021 1409 .

1135 1434 1221 1462 Nam
1231 1439 1320 1462 extra
1338 1436 1459 1470 portam
1470 1426 1550 1460 banc
1578 1427 1615 1468 est
1626 1425 1785 1466 hodiefons
1799 1451 1811 1467 ‚
1838 1431 1890 1468 qui
1913 1437 2023 1460 aureus

1128 1478 1203 1519 fons
1214 1481 1234 1510 ἃ
1250 1482 1365 1510 Graecis
1377 1482 1500 1518 antiquo
1513 1482 1628 1510 nomine
1648 1477 1758 1509 dicitur
1768 1499 1779 1516 ‚
1805 1475 1925 1509 celebris
1937 1481 1969 1507 in
1981 1487 2025 1510 eo-

1134 1539 1200 1561 rum
1224 1527 1356 1566 HisloriIs
1375 1549 1387 1564 ,
1409 1538 1478 1568 quae
1497 1524 1580 1568 saeps?
1591 1536 1707 1558 numero
1728 1526 1765 1558 de
1787 1526 1909 1557 Palatio
1925 1524 2024 1565 fontis·

1133 1582 1311 1610 mentionem
1325 1575 1449 1617 faciunt
1463 1599 1474 1615 ,
1500 1577 1534 1610 (τ
1547 1576 1584 1608 de
1595 1575 1714 1616 Templo
1726 1577 1868 1616 Deiparae
1892 1578 2025 1617 Virginis

1133 1628 1177 1659 ad
1177 1626 1296 1667 fontem
1309 1650 1316 1658 .
1343 1624 1494 1667 AEdificia
1507 1636 1584 1662 nunc
1599 1627 1704 1658 diruta
1724 1622 1818 1668 sunt,
1840 1623 2026 1666 fundamen-

1133 1682 1174 1708 tis
1186 1675 1284 1708 adhuc
1295 1675 1480 1715 exstantibus
1494 1676 1528 1708 &⁵
1539 1673 1601 1717 ipso
1602 1674 1692 1716 fonte
1702 1699 1713 1714 ,
1741 1685 1826 1717 quem
1838 1674 1925 1707 hodie
1939 1677 2025 1708 Grae·

1131 1737 1231 1758 corum
1253 1725 1366 1768 ‘vulgus
1388 1734 1511 1757 aureum
1527 1723 1644 1767 fontem
1663 1725 1814 1766 appellat,
1842 1726 1876 1758 (5
1895 1724 2022 1762 invisere

1131 1786 1237 1818 magno
1247 1773 1384 1816 concursu
1405 1771 1557 1817 consuevit
1567 1785 1644 1809 certo
1666 1780 1741 1807 anni
1756 1781 1908 1815 tempore,
1935 1775 2022 1808 velut

1124 1824 1154 1867 fi
1161 1827 1302 1867 Deiparae
1314 1825 1469 1866 Templum
1483 1823 1581 1858 adhuc
1594 1824 1736 1859 incolume
1739 1824 1835 1865 staret
1853 1850 1860 1856 .

1180 1875 1290 1910 Etiam
1319 1875 1480 1909 variarum
1494 1874 1645 1919 gentium
1666 1873 1827 1909 Ecclefias
1848 1874 1881 1908 &
1900 1873 2022 1908 Mona-

1131 1924 1224 1959 steria
1235 1924 1349 1959 habuit
1363 1924 1673 1968 Constantinopolis
1685 1949 1692 1955 .
1720 1924 1811 1959 Nam
1834 1924 1926 1968 quod
1950 1925 2021 1960 illic

1130 1972 1320 2010 Gothorum
1344 1974 1522 2008 Ecclesiam
1544 1969 1680 2009 Saristus
1706 1975 1850 2018 Ioannes
1874 1972 2020 2018 Chryso·

1130 2025 1252 2059 stomus
1273 2024 1480 2058 aedificaverit
1508 2048 1519 2064 ,
1544 2024 1699 2058 testantur
1724 2022 1963 2058 Theodoretus
1982 2026 2017 2059 &

1130 2075 1282 2109 Hermias
1294 2075 1519 2108 Zozomenus.
1539 2074 1583 2109 Et
1604 2085 1647 2108 ex
1668 2073 1726 2107 illo
1750 2074 1922 2118 praesertim
1937 2086 2017 2109 tem-

1131 2137 1206 2167 pore
1227 2126 1334 2169 gentis
1357 2125 1449 2158 istius
1461 2124 1641 2167 Episcopus
1652 2125 1791 2168 speilare
1800 2125 1902 2168 coepit
1912 2125 1952 2159 ad
1965 2125 2015 2167 jus

1129 2176 1160 2208 δε
1181 2174 1464 2209 consecrationem
1489 2174 1643 2217 Episcopi
1671 2173 2017 2218 Constantinopolita-

1131 2225 1163 2258 ni
1177 2249 1184 2257 .
1217 2224 1260 2258 Et
1275 2225 1308 2256 in
1323 2223 1408 2258 libro
1419 2222 1458 2257 de
1470 2223 1655 2268 originibus
1668 2223 2012 2269 Constantinopolita-

1131 2275 1180 2309 nis
1196 2274 1303 2308 scribit
1317 2273 1477 2318 Georgius
1493 2273 1643 2308 Codinus
1656 2287 1666 2307 :
1694 2274 1899 2314 nonasterium
1909 2280 2013 2309 Romae

1121 2324 1185 2366 five
1196 2328 1323 2357 Romani
1341 2325 1472 2358 condidit
1495 2332 1623 2367 tempore
1636 2328 1743 2358 Leonis
1754 2326 1876 2359 Macelae
1889 2328 2013 2359 Haemon

1127 2376 1252 2417 quidam
1275 2377 1424 2407 Patritius
1436 2378 1602 2407 Romanus.
1630 2374 1674 2407 Ibi
1686 2381 1764 2409 enim
1787 2380 1819 2408 in
1838 2375 1940 2410 urbem
1961 2387 2010 2410 ve-

1130 2431 1215 2458 niens
1235 2424 1388 2457 habitavit
1413 2449 1420 2454 .
1449 2424 1514 2458 Uti
1541 2425 1650 2458 Roma
1676 2425 1767 2469 plura
1791 2425 1904 2459 Graeca
1924 2451 1935 2467 ‚
1961 2425 2009 2461 ita

2032 610 2169 647 F01.988.

2040 1271 2090 1301 Ca.
2112 1281 2174 1301 200.

2039 1928 2102 1959 L·5.
2125 1935 2192 1961 (3-4.

2038 1969 2106 1997 L·8.
2127 1974 2151 1995 c.
2166 1975 2192 2001 5.

1130 2474 1437 2517 Constantinopolis
1458 2472 1572 2508 habuit
1591 2473 1681 2517 plura
1702 2476 1822 2511 Latina
1841 2474 2011 2510 Monaste-
2048 2502 2052 2507 .

1129 2526 1174 2558 ria
1199 2525 1232 2558 &
1255 2524 1398 2568 Templa
1423 2548 1431 2556 .

1130 2575 1208 2609 dum
1221 2574 1365 2608 Schisma
1386 2574 1482 2616 coepit
1496 2598 1507 2614 ‚
1534 2574 1646 2608 clausit
1658 2576 1711 2609 seu
1726 2574 1948 2609 Ecclesiastico
1960 2575 2007 2608 in-

1128 2625 1264 2659 terdisto
1283 2624 1451 2668 supposuit
1473 2635 1588 2659 omnes
1607 2625 1806 2659 Latinorum
1825 2625 1983 2660 Ecclesias
1996 2651 2003 2658 .

1128 2676 1172 2709 Et
1183 2674 1558 2716 Constantinopolitanae
1579 2687 1632 2717 per
1645 2676 1798 2709 Sanitum
1810 2675 2005 2710 Flavianum

1127 2725 1275 2759 adversus
1314 2723 1534 2765 Eutychetem
1569 2725 1707 2767 Synodo
1734 2725 1882 2759 interfuit
1907 2733 2004 2768 atque

1127 2774 1304 2818 subscripsit
1328 2771 1493 2809 Theodorus
1516 2774 1671 2812 Presbyter·
1703 2777 1738 2809 (⁷5
1760 2773 2002 2808 Archtmandata

1127 2824 1295 2866 Monasterii
1317 2826 1541 2867 AEgyptiorum.
1572 2824 1682 2859 Etiam
1701 2829 1733 2869 J
1736 2824 1841 2858 acobus
1855 2828 2002 2858 Diaconus

1458 2524 1547 2558 Nam
1573 2524 1606 2558 &
1629 2524 1776 2559 Michael
1796 2526 1982 2560 Cerularius
1995 2549 2008 2566 ,

1126 2877 1160 2909 Θ
1181 2874 1419 2908 archimandrita
1445 2876 1574 2913 syrorum
1597 2899 1603 2905 .
1632 2875 1684 2908 Sic
1711 2877 1745 2909 <Sc
1767 2874 2000 2909 Armeniorum

1125 2926 1186 2960 fuit
1199 2925 1270 2959 istic
1283 2924 1541 2963 Monasterium‚
1565 2925 1643 2959 &in
1656 2925 1727 2969 ipso
1739 2923 1898 2959 Photium
1915 2924 2001 2958 clau-

1125 2976 1162 3009 fit
1175 2976 1306 3019 Sapiens
1317 2975 1388 3008 Leo
1409 2974 1450 3009 ad
1461 2986 1647 3019 perpetuam
1666 2975 1890 3018 poenitentiam
1902 2999 1909 3006 .
1937 2973 1998 3008 Vi·

1124 3025 1219 3060 detur
1241 3024 1334 3057 fuisse
1355 3035 1452 3058 tenue
1472 3025 1506 3058 &
1529 3024 1720 3068 angustum.
1750 3025 1820 3059 Vix
1838 3025 1928 3058 enim
1940 3036 1998 3058 no-

1124 3086 1195 3109 tum
1221 3073 1266 3107 est
1302 3073 1360 3106 nisi
1387 3085 1428 3107 ex
1463 3073 1525 3108 hac
1550 3073 1664 3107 Photii
1691 3074 1880 3117 captivitate
1904 3099 1912 3108 .
1952 3073 1997 3108 Et

1123 3125 1261 3160 eandem
1287 3124 1423 3167 gratiam
1450 3121 1528 3156 huic
1550 3121 1636 3157 haud
1663 3123 1761 3158 dubie
1786 3125 1897 3159 fecerit
1922 3124 1996 3159 Leo

1123 3176 1299 3218 Imperator
1323 3197 1333 3212 ,
1360 3184 1457 3216 quam
1477 3173 1623 3217 relegato
1648 3174 1683 3208 &
1703 3183 1864 3213 excaecato
1886 3175 1996 3209 Santa-

1123 3225 1242 3259 bareno
1264 3223 1379 3257 factam
1401 3222 1509 3257 scribit
1531 3223 1602 3258 Leo
1626 3222 1867 3265 Grammaticus
1889 3237 1900 3257 :
1929 3223 1995 3265 Post

1123 3287 1216 3307 annos
1227 3273 1337 3314 aliquot
1345 3273 1484 3314 placatus
1497 3277 1660 3316 Imperator
1671 3273 1851 3308 Theodorum
1869 3275 1994 3308 “duxlt

1123 3330 1154 3356 in
1179 3324 1277 3357 urbem
1300 3347 1310 3362 ‚
1337 3324 1372 3356 ό·
1390 3334 1428 3356 ex
1454 3335 1533 3356 nova
1558 3323 1682 3365 Ecclesia
1709 3328 1866 3358 Annonam
1898 3329 1992 3367 perci-

1120 3382 1190 3415 pere
1216 3375 1368 3407 decrevit.
1398 3374 1440 3406 Et
1461 3371 1610 3417 adjungit
1635 3386 1642 3406 :
1669 3374 1751 3408 Idem
1771 3373 1994 3408 santabarenus

1118 3423 1172 3467 sub
1196 3422 1385 3463 Constantino
1406 3424 1518 3459 &Zaa
1541 3424 1605 3464 ejus
1628 3427 1725 3460 Matre
1750 3420 1992 3504 d‘fimffi‘b‘st·

1927 3479 1946 3503 e
