2352 3736
363 143 461 187 252
674 128 1004 171 Sanc-rr
1076 127 1173 171 LE

286 215 473 259 flarefecit,
501 215 590 246 donec
600 211 638 244 ab
649 212 707 244 alio
720 216 945 254 Nigromantico
972 207 1107 250 falsitate
1130 211 1180 244 de-

288 266 436 309 prehensa
451 289 461 304 ‚
485 271 564 304 puer
583 271 617 295 ut
637 272 702 295 erat
726 272 857 295 mortuus
878 261 1032 292 videretur
1045 283 1054 292 .
1090 260 1179 295 Istud

291 317 339 351 ob
351 317 476 349 facinus
487 312 578 347 addit
590 312 821 356 Berengatium
836 320 985 344 extremo
998 309 1092 345 fuisse
1113 312 1182 355 sup-

293 367 394 411 plicio
408 364 632 406 adjudicatum
644 387 654 402 ‚
679 363 711 395 &
725 361 872 394 simulata
896 360 1092 404 poenitentia
1109 373 1181 396 eva-

291 415 377 451 fisse.
405 413 509 461 Qod
531 415 634 455 ipsum
648 436 658 451 ,
686 412 761 444 licet
785 408 933 445 hominis
954 411 1065 446 laudes
1080 411 1181 446 admi-

292 465 400 506 sceat,
429 476 496 499 non
519 462 654 497 obscure
675 461 794 495 fatetur
807 461 1003 496 Chronicon
1032 462 1181 497 Ecclefiae

291 514 517 549 Turonensis:
544 511 686 545 clarebat
716 514 919 556 Berengarius
931 517 1155 550 Grammaticus
1168 537 1178 553 ‚

293 563 511 609 Andegavenfis
534 561 762 595 Archidiaconus
789 565 824 597 (9⁵
853 562 1065 606 Thesaurart’us
1078 587 1089 603 ‚
1118 575 1181 598 nec-

292 628 352 649 non
365 614 502 658 Magister
515 612 686 647 Scholarum
700 636 710 651 ,
736 615 771 647 (Ὗ
782 618 972 647 Camerarius
985 614 1087 654 sanHi
1099 618 1182 646 Mar-

291 671 371 705 tini,
395 671 427 697 in
441 668 646 698 Grammatica
671 665 705 697 ὠ*
719 663 908 708 Philosophia
928 665 1098 704 clariffimus
1111 687 1121 703 ‚
1147 666 1181 699 (θ’

291 721 324 747 in
346 719 533 749 Neomantia
550 716 755 757 perittffimus.
785 719 808 747 Α
836 719 931 748 Roma
951 716 1096 748 decedens
1122 717 1179 749 Tu—

288 773 372 799 ronis
383 773 469 801 venit
483 791 494 806 ‚
521 766 618 808 ibique
629 773 661 797 in
673 763 790 809 Insula,
818 777 884 808 quae
892 765 993 798 santii
1005 765 1118 808 Cosmae
1132 767 1179 798 di-

289 823 368 851 eitur
379 842 390 858 ‚
411 815 514 859 saeculi
521 823 638 858 pompis
648 818 866 849 abrenuntians
881 841 892 857 ‚
915 815 976 858 fide
985 824 1040 857 per
1057 823 1179 860 ·,v1'ginti

290 868 351 903 otio
374 880 469 903 annos
493 868 598 908 affidue'
612 870 737 899 Domino
749 868 898 900 militavit
909 891 920 906 ‚
948 868 1058 911 aliique
1076 868 1178 908 'plures

290 924 436 954 Canonici
453 918 557 953 Sanc‘li
569 921 697 950 Martini
709 917 813 950 Sane‘lo
823 919 935 958 spiritu
948 941 959 957 ,
986 915 1178 959 necnonsalu-

289 977 350 1004 tari
365 973 430 1012 ejus
440 972 641 1003 admonitione
652 974 778 1000 mutatis
790 965 916 1007 vestibus
928 991 939 1007 ‚
961 965 1025 1009 sese
1038 972 1070 998 in
1094 968 1178 1000 illam

289 1020 423 1065 Insulam
445 1019 673 1059 transtulerunt.
702 1017 907 1052 Floriacense
931 1017 1094 1051 Francicae
1116 1017 1178 1051 Hi-

289 1072 396 1105 storiae
421 1072 644 1114 fragmentum
663 1068 800 1102 affirmat
825 1068 920 1101 illum
945 1068 1028 1101 inter
1055 1066 1178 1101 divinae

289 1120 513 1164 Philosophiae
527 1121 703 1154 Senatores
723 1118 818 1153 fuiffe
839 1117 1100 1152 celeberrimum.
1128 1116 1176 1159 Ju-

289 1183 407 1206 venem
436 1172 529 1205 fuisse
557 1169 726 1213 periculosi
753 1181 790 1203 ac
829 1168 1007 1212 petulantis
1046 1167 1175 1211 ingenii

289 1222 467 1256 ostendunt
472 1219 589 1265 secreta
602 1223 636 1255 ὼ·
648 1218 820 1263 vespertina
831 1243 841 1259 ‚
855 1229 910 1261 per
927 1217 1175 1252 Adelmannum

288 1284 331 1307 ex
354 1271 530 1307 Leodienfi
554 1270 686 1305 Clerico
718 1270 925 1303 Brixiensem
954 1269 1174 1311 Episcopum,

287 1322 358 1366 ejus
367 1322 449 1356 olim
464 1321 701 1355 collactaneum
723 1320 756 1355 ὃ(
767 1319 961 1353 cariffimum
975 1317 1174 1361 condiicipu-

287 1373 358 1406 lum
371 1396 382 1412 ,
411 1371 542 1406 laudata
555 1371 708 1413 Colloquia
719 1395 729 1411 ,
741 1369 857 1413 quibus
871 1368 968 1402 illum
981 1367 1175 1412 discipulum

285 1424 381 1457 suum
407 1432 546 1466 magnus
575 1421 773 1460 Fulbertus,
799 1422 895 1454 sacrae
915 1418 1116 1463 Theologiae
1139 1420 1174 1453 in

285 1473 485 1506 Carnutenfi
524 1471 645 1506 Schola
682 1470 810 1504 Doctor
837 1468 1066 1503 celeberrimus
1092 1493 1103 1509 ‚
1137 1481 1174 1503 ac

286 1522 431 1566 ejusdem
449 1522 598 1556 Ecclefiae
616 1519 725 1564 postea
739 1519 948 1553 sanctissimus
971 1518 1153 1562 Episcopus
1165 1543 1174 1558 ,

285 1584 363 1607 cum
384 1570 563 1616 lachrymis
587 1569 828 1614 &singultibus
850 1568 1048 1602 admonebat
1073 1568 1173 1602 &ob-

280 1622 484 1671 testabatur,
510 1630 543 1656 ut
564 1627 648 1655 viam
672 1624 795 1664 Regiam
820 1619 955 1654 directim
972 1620 1173 1662 graderetur,

280 1672 453 1717 fundorum
475 1676 603 1706 Patrum
621 1670 753 1713 vestigiis
781 1668 1028 1712 observantiffime
1050 1667 1174 1702 inbaere·

285 1733 333 1756 ret
358 1747 369 1763 ‚
395 1723 504 1756 nullum
526 1719 649 1763 prorsus
675 1726 707 1751 in
738 1719 946 1751 diverticulum
966 1741 978 1757 ,
1008 1717 1122 1750 nullam
1141 1724 1173 1750 in

283 1784 398 1806 novam
418 1771 600 1814 &fallacem
616 1769 757 1814 semitam
780 1767 903 1810 desiliret
915 1791 926 1807 ,
951 1777 1049 1810 atque
1066 1767 1109 1801 ita
1123 1767 1175 1800 dc·

282 1822 406 1857 cideret
430 1823 464 1856 in
477 1821 628 1857 scandala
650 1821 831 1863 &laqueos
851 1829 1017 1852 errorum.
1045 1817 1174 1854 Lauda-

282 1881 356 1906 tum
366 1874 488 1916 quippe
510 1872 702 1905 Fulbertum
719 1880 784 1903 non
800 1868 977 1905 litterarum
997 1868 1173 1903 solummo-

282 1921 327 1957 dd
339 1946 350 1963 ‚
376 1923 431 1957 sed
453 1923 486 1956 ὃ(
497 1933 627 1956 morum
641 1921 733 1955 fuiffe
747 1919 916 1962 discipulis
928 1918 992 1952 suis
1006 1917 1175 1952 instruCto·

282 1984 352 2008 rem
369 1974 508 2007 affirmat
534 1972 568 2004 in
591 1970 799 2005 Centulenfis
821 1968 980 2003 Coenobii
999 1967 1172 2002 Chronico

283 2021 473 2058 Monachus
495 2020 714 2065 Hariulphus.
742 2021 824 2054 Haec
834 2030 953 2060 quarto
976 2018 1046 2061 post
1067 2018 1174 2053 mille-

283 2075 400 2108 simum
422 2084 512 2107 anno
540 2074 621 2107 fasta
644 2071 756 2105 scribit
779 2069 968 2105 cardinalis
991 2069 1168 2102 Batonius.

284 2125 339 2158 Ex
363 2123 684 2167 tuncaBerengario
703 2123 850 2154 futurum
872 2118 1019 2163 ptaevidit
1041 2117 1174 2153 Fulber-

283 2185 357 2214 ως,
385 2174 477 2218 quod
500 2175 702 2217 completum
724 2171 816 2204 dolet
837 2170 871 2203 in
895 2169 1009 2203 litteris
1030 2168 1071 2203 ad
1096 2168 1174 2202 Rai-

251 2236 254 2237 ’
283 2225 420 2260 naldum
433 2224 669 2258 Pleiaviensem
691 2221 857 2255 Abbatem
871 2220 1004 2254 Sancstus
1016 2219 1175 2253 Lanfran-

284 2286 341 2310 cus
353 2287 361 2309 ε
388 2272 595 2318 Schifinaticus
606 2275 655 2307 ille
666 2275 867 2315 Berengarius
877 2268 1037 2310 constanter
1047 2268 1144 2312 asserit
1162 2293 1173 2309 ,

285 2333 357 2369 quia
377 2325 480 2359 beatus
503 2327 658 2362 Hilarius,
684 2322 767 2356 urbis
789 2320 896 2361 vestrae
916 2322 1061 2365 &gentis
1085 2331 1175 2363 quon-

288 2379 360 2409 dam
371 2374 556 2420 Episcopus,
581 2380 614 2407 in
625 2374 757 2406 trat‘latu
779 2372 850 2412 fidet*
867 2369 1014 2414 perversa
1029 2368 1175 2413 senserit,

289 2429 366 2460 <sin
378 2425 451 2459 libro
471 2428 507 2459 de
518 2428 703 2458 Divinitatis
723 2427 873 2455 Trinitate
895 2420 1103 2464 improbabiles
1109 2419 1177 2463 fen-

290 2483 404 2510 sentias
425 2478 461 2510 de
477 2480 604 2509 Domino
626 2474 737 2518 JESU
764 2473 880 2513 Christo
899 2472 1075 2515 protulerit.
1101 2472 1176 2504 San·

290 2528 375 2560 &um
387 2526 558 2559 Hilarium
570 2550 580 2566 ‚
605 2524 698 2566 cujus
712 2523 809 2556 libros
822 2523 974 2565 probavit
995 2522 1106 2555 omnis
1119 2521 1180 2554 Ec·

290 2575 386 2611 clefia
400 2599 410 2614 ,
436 2575 599 2608 aususille
621 2575 666 2607 est
679 2573 719 2607 de
732 2573 850 2606 Haerefi
872 2573 1045 2606 damnate.
1073 2570 1177 2617 Qiod

288 2626 426 2660 Panum
442 2623 638 2659 testimonia
662 2647 673 2663 ,
699 2622 838 2656 solemni
862 2622 1016 2655 omnium
1041 2620 1177 2654 Haereti-

291 2687 409 2710 corum
431 2687 539 2714 more,
573 2672 728 2707 truncari:
751 2684 788 2706 ac
811 2672 897 2705 varie
914 2672 1037 2705 vitiarit
1052 2695 1063 2711 ,
1089 2669 1178 2714 quod

292 2727 371 2760 item
389 2726 583 2760 sandiorum
597 2748 607 2764 ‚
631 2724 777 2766 exceptis
797 2732 907 2757 tamen
933 2721 1042 2757 Sanffi
1056 2720 1182 2765 Grego-

293 2779 332 2811 rii
358 2775 535 2821 Dialogis‚
554 2775 644 2808 'vitas
662 2773 812 2816 spreverit
831 2797 842 2813 ,
874 2772 1006 2806 testatur
1028 2772 1062 2805 in
1085 2782 1181 2814 opere

294 2827 334 2863 de
358 2825 562 2863 Eucharistia
585 2824 738 2858 laudatus
770 2823 974 2857 Lanfrancus
989 2847 996 2854 .
1035 2822 1080 2855 Et
1101 2819 1180 2857 hinc

295 2891 437 2914 errorem
452 2877 548 2912 istum
568 2886 638 2909 non
666 2874 844 2914 refutavit,
872 2873 925 2907 sed
954 2873 1059 2915 ipsum
1085 2871 1179 2905 dum-

296 2938 384 2963 taxat
406 2929 447 2963 ad
467 2925 689 2962 exhibendam
712 2924 837 2958 Sanctis
859 2922 1013 2957 Patribus
1039 2931 1180 2954 reveren-

298 2980 378 3013 tiam
396 2975 666 3013 &obedientiam
689 2973 881 3008 adhortatus
903 2973 966 3006 fuit
989 2972 1023 3005 in
1050 2971 1180 3005 laudata

298 3030 441 3071 superius
460 3027 610 3071 Epistola
623 3023 851 3059 Adelrnannus
864 3022 1039 3061 Brixienlis
1050 3021 1181 3065 Episco-

300 3090 377 3121 pus.
403 3078 507 3111 Porro
529 3075 771 3111 SanffiHilarii
798 3075 925 3116 culpata
938 3073 1011 3107 loca
1025 3073 1183 3115 suntprae-

301 3128 411 3161 sertim
435 3128 468 3160 in
483 3128 612 3161 decimo
626 3127 666 3160 de
685 3123 1055 3160 sanstissimaTrinitate
1071 3121 1157 3157 libro
1168 3146 1178 3162 ‚

302 3177 360 3211 ubi
383 3177 508 3209 videtur
534 3177 721 3210 Dominum
749 3175 897 3210 nostrum
925 3173 1180 3217 Redemptorem

302 3227 345 3261 ab
365 3227 458 3258 omni
484 3227 599 3258 mortis
618 3238 656 3260 ac
690 3226 842 3269 pastionis
863 3235 952 3259 metu
974 3248 985 3265 ‚
1012 3223 1127 3258 dolore
1148 3223 1180 3256 ὅ(

304 3276 395 3311 sensu
417 3274 557 3308 eximere
571 3298 581 3313 ,
608 3276 658 3308 illi
677 3276 858 3310 adscribere
879 3273 1180 3318 corpusimpaffibi-

303 3329 354 3367 le'·‚
381 3326 611 3368 &praecurrere
633 3325 799 3365 Iulianum
818 3325 1034 3359 Halicarnaffi
1050 3324 1182 3368 Episco-

301 3385 413 3422 pum-‚
441 3375 458 3408 ὲ
476 3385 543 3419 quo
566 3382 703 3414 coeptam
723 3376 785 3407 effe
808 3376 897 3408 istius
920 3374 1179 3417 impaffibilitatis

301 3426 441 3464 baerefim
458 3420 568 3475 scribit
590 3422 624 3456 in
636 3421 800 3457 Breviario
826 3423 994 3459 Liberatus
1008 3423 1179 3469 Carthagi-

471 3514 503 3523 *-

1210 141 1425 172 oui-s·
1483 129 1747 193 NON1,

1224 2758 1228 2799 l

1242 212 1344 247 nensis
1357 210 1504 245 Ecclefiae
1516 212 1780 253 Archidiaconus
1791 245 1797 251 .
1810 219 1977 257 Hilarium
1990 234 2127 270 purgare

1241 263 1275 296 in
1301 261 1433 296 laudata
1456 261 1604 307 Epistola
1626 274 1718 300 totus
1737 280 1876 304 conatur
1897 272 2030 309 Sanetus
2043 275 2132 309 Lan-

1240 314 1393 346 francus:
1421 311 1479 347 An
1503 313 1584 348 reste
1606 315 1641 349 δε
1669 316 1794 359 valide,
1820 319 1865 353 est
1888 313 2105 367 aliaquaestio
2120 352 2127 358 .

1240 363 1329 397 Vide
1363 363 1524 406 Joannem
1546 365 1718 400 Gellotum
1748 368 1783 401 in
1813 367 2065 410 Commentario
2090 377 2130 410 de

1240 411 1348 448 saneti
1371 413 1499 449 Hilarii
1527 416 1592 451 vita
1615 417 1785 462 &scriptis
1803 442 1811 450 .
1838 419 1975 455 Certum
1997 411 2129 461 inter-im

1239 463 1283 496 est
1306 462 1494 499 orthodoxe
1529 489 1540 506 ,
1565 466 1665 501 etiam
1686 469 1720 501 in
1745 468 1808 502 isto
1830 471 1949 512 punsto
1970 495 1982 512 ‚
2007 475 2130 511 senfiffe

1240 515 1274 548 ὃς
1298 513 1449 557 scripsisse
1471 516 1665 558 Hilarium,
1691 518 1931 565 &Berengarii
1957 523 2128 562 audaciam

1240 566 1303 599 effe
1324 565 1468 599 omnino
1491 568 1728 603 calumniosam
1750 571 2129 614 atqueintolerabilem.

1240 616 1326 662 Quae
1347 625 1459 651 tamen
1479 614 1534 651 hic
1558 630 1627 653 non
1651 620 1738 654 stetit
1752 645 1759 653 .
1788 621 1902 666 Pergit
1926 623 2017 658 enim
2033 625 2073 659 ad
2085 628 2132 662 ef-

1241 666 1379 700 froenem
1403 667 1553 712 linguam
1578 670 1612 702 in
1625 669 1709 704 libro
1731 670 1773 705 de
1785 671 1992 708 Eucharistia
2021 675 2131 712 lauda-

1240 727 1293 750 tus
1308 717 1516 752 Lanfrancus
1530 733 1540 752 :
1568 721 1713 752 Traditus
1727 733 1758 755 es
1772 727 1805 754 in
1825 724 1980 765 reprobum
1988 724 2108 770 sensum
2119 753 2131 770 ‚

1238 765 1378 810 sane‘lam
1396 771 1563 802 Romanam
1575 770 1731 812 Ecclesiam
1751 783 1861 806 vocans
1874 775 2031 816 Ecclefiam
2043 779 2130 811 mali·

1237 824 1399 862 gnantium
1419 843 1430 859 ,
1458 821 1623 853 Concilium
1649 828 1822 864 vanitatis,
1841 822 2129 866 J‘edem‚sathanae.

1242 870 1288 907 Et
1295 868 1347 901 hoc
1357 874 1448 911 impio
1465 882 1513 904 ore
1518 871 1662 914 garristi,
1689 874 1769 914 quod
1771 875 1895 917 garrisse
1907 886 1990 910 nemo
1999 879 2104 921 legitur
2122 892 2130 912 ε

1241 929 1302 951 non
1314 925 1504 960 Haereticus‚
1537 933 1604 954 non.
1619 921 1824 965 schismaticus
1835 949 1846 965 ‚
1874 937 1932 959 non
1946 927 2059 971 falsus*
2074 931 2128 963 ali-

1243 975 1316 1009 quis
1333 968 1538 1007 Christianus.
1567 974 1720 1015 ,Quotquot
1733 979 1814 1008 enim
1838 977 1859 1007 ἃ
1866 980 2032 1018 primordio
2041 979 2129 1013 Chri-

1233 1019 1342 1058 stianae
1365 1018 1499 1060 Ecclefiae
1511 1019 1674 1061 Christiani
1687 1029 1812 1057 nomime
1837 1027 1987 1069 dignitate
2004 1032 2129 1073 gloriati

1237 1067 1310 1111 sunt
1325 1092 1335 1107 ‚
1354 1067 1408 1110 etfi
1412 1070 1507 1110 aliqui
1519 1093 1529 1109 ,
1555 1070 1653 1103 relicffo
1671 1078 1812 1107 veritatis
1838 1082 1976 1118 tramite,
1998 1087 2055 1121 per
2080 1082 2130 1113 de-

1240 1124 1294 1152 via
1313 1123 1421 1152 erroris
1445 1120 1576 1152 incedere
1587 1121 1748 1154 maluerint
1761 1146 1771 1162 ‚
1796 1122 1895 1165 sedem
1907 1134 2007 1161 tamen
2027 1131 2130 1163 sanein·

1241 1172 1327 1202 Petri
1347 1168 1635 1213 Apostolimagnifice
1659 1170 1840 1205 honorarunt
1854 1198 1865 1213 ‚
1895 1177 2064 1220 nullamque
2075 1181 2132 1213 ad-

1240 1217 1346 1262 versus
1368 1231 1436 1253 eam
1458 1219 1627 1263 hujusmodi
1648 1221 1863 1264 blasphemiam
1885 1226 2060 1269 velficere,
2080 1230 2136 1262 vel
2185 1225 2193 1235 '

1240 1269 1367 1312 scribere
1387 1269 1644 1313 pra-sumpserunt
1669 1297 1676 1304 .
1702 1272 1826 1307 Revera
1848 1275 1938 1309 enim
1965 1277 2034 1312 haec
2052 1276 2132 1314 blas:

1241 1321 1372 1364 phemia
1395 1319 1441 1354 est
1454 1322 1582 1364 propria
1593 1321 1767 1356 Haereticis
1794 1324 2058 1362 Sacramentariis
2070 1353 2080 1362 .

1290 1370 1440 1404 Eandem
1479 1370 1607 1415 ingenii
1636 1373 1850 1415 petulantiam
1873 1375 2130 1424 in‘Betengario

1241 1430 1335 1455 notat
1362 1421 1497 1454 santius
1522 1421 1751 1457 Guitmundus
1763 1446 1774 1463 ,
1798 1436 1838 1458 ex
1853 1426 1960 1460 Sansti
1976 1427 2132 1464 Leofredi

1238 1471 1326 1514 apud
1351 1471 1570 1506 Normannos
1593 1472 1768 1508 Monacho
1795 1474 1975 1520 Episcopus
1998 1476 2136 1514 Aversa-

1240 1533 1320 1554 nus:
1346 1523 1546 1565 Berengarius
1560 1546 1569 1561 ‚
1595 1533 1660 1555 cum
1674 1525 1832 1565 juveniles
1859 1526 1958 1560 adhuc
1974 1533 2008 1561 in
2022 1526 2132 1572 scholis

1237 1580 1336 1614 ageret
1348 1581 1443 1602 annos
1457 1595 1466 1611 ‚
1480 1581 1513 1604 ut
1524 1573 1612 1611 aiunt
1623 1579 1675 1614 qui
1690 1585 1757 1607 eum
1768 1585 1837 1609 tunc
1849 1587 1996 1611 noverunt
2006 1581 2130 1619 ‚eratus

1237 1626 1346 1663 ingenii
1356 1622 1485 1655 levitate
1499 1645 1510 1660 ,
1535 1620 1623 1662 ipfius
1639 1623 1774 1667 Magistri
1781 1624 1902 1668 sensum
1927 1639 1984 1660 non
1995 1631 2071 1662 adeo
2084 1640 2129 1662 ew

1236 1671 1327 1702 rabat
1343 1695 1354 1711 ‚
1380 1668 1640 1712 condiscipulorum
1646 1681 1705 1714 pro
1719 1673 1811 1707 nihilo
1828 1677 1989 1717 reputabat
2002 1703 2012 1718 ‚
2040 1678 2129 1713 libros

1237 1718 1354 1762 insuper
1366 1725 1479 1752 artium
1491 1722 1695 1755 contemnebat
1708 1748 1716 1759 ,
1744 1724 1788 1758 Et
1799 1724 1864 1759 haec
1877 1727 1921 1760 est
1935 1730 2029 1763 eausa
2041 1753 2052 1770 ,
2073 1737 2130 1763 eut

1239 1770 1340 1812 ipsum
1365 1769 1404 1802 ad
1426 1770 1550 1803 sanctas
1572 1769 1723 1805 Patribus
1751 1774 1967 1811 &communi
1980 1778 2131 1813 Eccleflae

1238 1819 1343 1853 sensui
1367 1818 1589 1853 exhibendam
1612 1823 1826 1858 reverentiam
1849 1826 1982 1861 Sanctus
1998 1826 2131 1863 Fulbet-

1238 1880 1286 1903 tus
1304 1869 1402 1905 fuerit
1428 1880 1503 1903 curn
1528 1868 1707 1913 lachrymis
1731 1896 1742 1913 ,
1768 1883 1802 1908 at
1825 1875 1891 1910 sine
1916 1877 2047 1919 fruetu,
2069 1878 2131 1914 ob·

1237 1921 1385 1954 testatus.
1417 1919 1460 1953 Et
1474 1918 1552 1954 hinc
1576 1931 1667 1955 anno
1681 1921 1752 1964 post
1781 1924 1991 1961 millesimum
2014 1929 2131 1974 vigeti-

1239 1982 1294 2004 mo
1306 1981 1400 2003 nono
1411 1970 1594 2013 agonizans
1607 1994 1617 2010 ,
1643 1983 1682 2005 ac
1692 1972 1777 2006 inter
1792 1973 1953 2016 plurimos
1964 1978 2130 2013 visitantes

1238 2021 1351 2054 videns
1365 2019 1547 2054 adstantem
1573 2020 1608 2054 ὅς
1619 2021 1860 2067 Berengarium
1873 2050 1883 2065 ,
1910 2026 1992 2070 Nisu
2002 2039 2059 2070 quo
2073 2039 2130 2063 va-

1234 2073 1291 2105 luit
1317 2095 1328 2110 ,
1355 2071 1462 2113 inquit
1487 2070 1689 2107 Guilielmus
1716 2072 2015 2111 'Malmesberienfis
2037 2102 2048 2119 ‚
2074 2090 2128 2112 ex-

1231 2121 1403 2163 pellendum
1418 2118 1536 2163 ⁴cens'uit’
1548 2145 1560 2161 ‚
1582 2120 1762 2165 protestatus
1777 2130 1947 2158 immanem
1960 2130 2125 2162 Draconem

1231 2172 1324 2213 propi?
1344 2181 1409 2204 eum
1431 2170 1573 2212 confistere
1586 2196 1596 2211 ‚
1621 2171 1782 2216 multosque
1804 2176 1923 2209 adeum
1940 2176 2125 2220 sequendum

1236 2222 1408 2254 blandiente
1449 2233 1542 2254 manu
1578 2223 1612 2255 Θ·
1638 2222 1714 2258 illice
1752 2223 1888 2258 anhelitu
1924 2237 2125 2272 corrumpere.

1238 2272 1433 2316 Agonizaus
1459 2271 1673 2314 praeviditde
1698 2273 1895 2319 Berongario
1920 2302 1931 2318 ,
1971 2278 2127 2322 quod'in

1238 2322 1393 2364 Martyrii
1408 2322 1456 2355 sui
1468 2332 1595 2356 carcere
1617 2323 1763 2365 praevidit
1774 2324 1816 2359 de
1827 2325 1959 2361 Clerieo
1971 2328 2029 2363 suo
2043 2327 2128 2365 Ario
2143 2320 2145 2322 ¹

1239 2374 1372 2407 Sanetus
1394 2370 1509 2406 Petrus
1523 2371 1710 2407 patriarcha
1733 2374 1998 2412 Alexandrinus.
2028 2379 2073 2413 Et
2083 2390 2130 2412 re·

1242 2423 1314 2456 vera
1333 2422 1559 2457 blandientem
1581 2434 1618 2457 ac
1641 2423 1833 2461 illicientem
1849 2427 1997 2472 linguam
2011 2428 2129 2463 habuit

1243 2473 1461 2517 Berengarius
1481 2498 1488 2505 .
1516 2473 1701 2520 Qomodo
1721 2476 1813 2510 enim
1836 2477 2129 2514 Sanctumflilde·

1244 2523 1393 2565 bertum,
1419 2535 1460 2557 ex
1471 2524 1530 2556 suo
1553 2524 1716 2567 discipulo
1746 2520 1980 2563 Turonensem
2007 2526 2128 2562 Archi-

1242 2574 1430 2617 episcopum
1446 2597 1456 2614 ,
1482 2572 1540 2611 sibi
1558 2573 1788 2615 adstrinxerit,
1813 2575 1971 2611 lucet>⁷vel
2001 2589 2043 2611 ex
2055 2578 2129 2612 solo

1247 2622 1426 2667 Epitaphio
1439 2646 1450 2662 ,
1474 2623 1562 2666 quod
1575 2623 1615 2657 ab
1632 2624 1771 2667 illo-post
1783 2635 1923 2660 mortem
1936 2629 2130 2663 consecutus

1243 2675 1287 2707 est
1302 2698 1312 2714 ,
1338 2675 1416 2708 &in
1427 2685 1494 2717 quo
1511 2684 1565 2715 per
1577 2673 1693 2707 nimias
1706 2674 1862 2710 Haeretici
1889 2675 2001 2711 laudes
2013 2677 2130 2712 Hilde

1243 2723 1350 2758 bertus
1361 2724 1538 2757 sanctitatis
1552 2723 1677 2772 regulas
1688 2723 1733 2758 est
1745 2726 1887 2759 omnino
1902 2728 2110 2772 transgressus
2120 2752 2129 2761 .

1245 2775 1333 2808 Eum
1355 2783 1391 2806 ut
1415 2773 1520 2806 vitum
1544 2784 1611 2807 non
1636 2772 1806 2809 dumtaxat
1818 2774 2062 2819 doctissimum,
2087 2789 2126 2812 ae

1243 2822 1431 2868 potentibus
1441 2823 1554 2856 amicis
1564 2823 1830 2859 circumcinctum
1843 2844 1854 2865 ,
1879 2827 1932 2861 sed
1946 2828 1981 2862 δε
1998 2829 2130 2873 insigni·

1242 2885 1290 2908 ter
1300 2874 1450 2907 Sanctum
1462 2884 1621 2907 reveretur
1633 2875 1665 2907 in
1680 2874 1776 2909 editis
1789 2888 1845 2920 per
1857 2877 1981 2911 Lucam
1994 2877 2127 2914 Dache-

1242 2925 1327 2958 rium
1347 2924 1463 2957 litteris
1482 2924 1700 2966 Frotlandus,
1726 2926 1785 2967 qui
1808 2926 1935 2961 Leonis
1958 2927 2039 2961 noni
2065 2927 2129 2962 Re-

1242 2974 1340 3008 menfi
1361 2973 1520 3008 Concilio
1542 2975 1647 3009 adfuit
1660 3001 1670 3016 ,
1699 2976 1880 3021 Episcopus
1901 2976 2131 3019 sylvanecten-

1243 3025 1281 3057 fis
1304 3050 1311 3056 .
1341 3025 1384 3058 Et
1407 3026 1441 3058 in
1465 3026 1572 3059 saneti
1602 3026 1692 3060 Petri
1724 3027 1793 3060 vivi
1818 3025 1990 3061 Chronico
2018 3027 2129 3063 scribit
2145 3028 2227 3057 Tom·
2246 3035 2278 3056 ²·

1244 3075 1373 3109 Clarius
1396 3072 1584 3109 Monachus
1597 3102 1609 3118 ‚
1637 3078 1837 3120 Berengarius
1847 3076 2018 3120 Turonenfis
2033 3081 2131 3122 Magi-

1237 3124 1296 3166 ster
1317 3148 1327 3164 ‚
1352 3126 1386 3158 (¹5
1410 3126 1600 3159 admirabilis
1638 3125 1832 3169 Philosophus
1857 3150 1867 3166 ‚
1903 3136 2020 3161 amator
2051 3136 2131 3170 pau-

1240 3184 1343 3217 perum
1368 3175 1498 3217 effloruit
1528 3200 1536 3209 .
1562 3182 1620 3215 Hic
1644 3174 1798 3218 composuit
1824 3179 1997 3211 Orationem
2022 3178 2129 3216 illam,

1244 3238 1311 3268 qzeae
1336 3231 1442 3269 incipit
1464 3239 1472 3260 t
1492 3227 1604 3271 Julius
1625 3227 1736 3270 Judex
1764 3225 1876 3267 JESU
1902 3226 2033 3269 Christe.
2065 3225 2130 3267 Post

1245 3277 1306 3309 haec
1337 3276 1439 3319 fidelis
1480 3280 1515 3311 (τ
1552 3277 1624 3310 'erere³
1661 3274 1832 3308 catholicus
1871 3283 1971 3311 vitam
2001 3277 2127 3319 finivit.

1245 3327 1351 3364 Qiod
1379 3327 1470 3360 istam
1483 3327 1666 3361 orationem
1676 3324 1715 3357 ad
1737 3326 1940 3362 evadendam
1954 3326 2129 3371 capitalem
2147 3335 2180 3363 Λ.
2195 3334 2280 3366 1083.

1244 3376 1284 3410 de
1311 3376 1546 3422 Nigromantia
1569 3374 1764 3409 sententiam
1792 3376 2056 3421 composueritin
2067 3387 2130 3411 car·

1245 3439 1315 3462 cere
1348 3452 1360 3468 ‚
1398 3428 1530 3462 testatur
1563 3435 1724 3470 magnum
1762 3427 1872 3472 Belgii
1909 3425 2128 3461 Chronicon.

1981 3476 2081 3510 Euse—

2154 1725 2212 1758 Lib·
2242 1733 2270 1758 1·'

1192 3425 1199 3529 l
1225 3463 1232 3515 l
