2352 3736
393 164 457 208 82

319 252 357 281 're
369 257 437 280 non
451 240 570 281 valuit,
596 239 737 287 ideoque
747 238 765 273 ὲ
777 238 908 273 laudato
919 238 1046 281 Legato
1058 236 1122 271 fuit
1130 248 1198 281 gra-

319 297 403 329 viter
439 292 627 334 redargutus
653 315 660 323 .
698 287 909 333 Expugnavit
942 286 1011 329 ejus
1037 288 1199 323 successor

316 340 502 379 Gaufredus
528 341 570 375 de
594 341 737 385 Leugis,
761 338 894 375 'hortatu
909 336 1050 375 Roberti
1075 336 1195 374 Arbre-

315 392 489 428 scellensis:
516 390 666 429 Provisos
676 398 789 424 omnes
800 410 811 425 ‚
837 397 1013 430 antequam
1023 387 1066 427 ad
1077 388 1192 432 posses-

315 444 441 478 sionem
461 440 706 479 admitterentur
732 459 743 476 ,
784 433 933 475 adversus
951 438 1053 481 ipsam
1090 438 1194 482 jurare

314 493 448 532 statuit,
473 488 785 532 istudquestatutum
796 487 1070 526 fecitconfirmari
1097 488 1190 524 &Ca-

312 542 399 577 lixto
408 540 551 582 secundo
560 536 725 571 Pontifice
736 560 748 576 ,
774 536 866 580 cujus
877 537 1076 573 sanetionem
1088 537 1122 572 in
1132 550 1190 572 no-

313 593 366 628 vis
386 590 430 630 ¹ad
442 588 565 624 laudati
592 587 706 621 lvonis
717 586 879 630 Epistolas
898 587 1031 629 scholiis
1056 588 1189 625 adducit

308 644 451 687 Joannes
486 638 632 681 Baptista
664 636 862 672 Souchettus
886 663 898 680 ,
932 639 1124 676 Canonicus
1151 651 1189 673 ac

311 690 507 734 Theologus
528 687 735 722 carnutensis
748 713 755 720 .
781 687 883 722 Hanc
903 690 1104 723 sanctitatem
1116 702 1185 730 non

307 739 414 775 solum
424 739 442 773 ὲ
453 737 631 773 Cardinale
641 736 810 778 Richardo
817 738 976 773 didicerat
990 739 1187 780 Gaufredus,

302 791 360 829 ,sed
379 790 441 825 &a
453 788 590 832 Synodo
600 788 813 823 Namnetensi
826 814 837 830 ‚
863 801 999 824 omnem
1013 801 1184 824 munerum

306 840 521 885 cupiditatem
549 839 662 873 acriter
672 839 851 879 damnante
876 840 910 873 in
923 840 1128 875 Clericorum
1143 840 1184 874 ad

305 891 410 926 sacros
420 890 563 924 Ordines
573 889 871 933 promovendorum
885 890 1185 929 Examinatoribus‚

304 941 477 985 praesertim
489 940 544 983 qui
556 950 726 980 munerum
739 940 862 974 intuitu
873 939 1031 985 indignos
1056 940 1183 985 Episco-

303 992 338 1035 pi
364 987 516 1029 manibus
536 990 750 1033 applicarent.
777 989 833 1024 Ne
850 989 1184 1034 Archi-presbyteris

302 1052 360 1076 aut
371 1039 652 1081 Archi-Diaconis
670 1039 832 1079 examinis
852 1041 950 1075 ritulo
969 1042 1093 1084 aliquid
1118 1053 1183 1084 per-

302 1091 430 1125 solvant
454 1090 642 1129 Ordinandi
670 1114 681 1131 ,
715 1091 850 1126 mandat
873 1092 974 1126 etiam
1009 1092 1180 1126 Palentina

302 1141 457 1184 synodus
469 1165 480 1180 ‚
507 1139 620 1176 habita
633 1140 692 1175 sub
703 1140 902 1176 Pontis-icatu
915 1142 1050 1185 Joannis
1072 1141 1183 1186 vigesi-

301 1193 350 1225 mi
374 1191 528 1232 secundi‚
553 1191 648 1231 Sacra
675 1191 872 1231 Tridentina
905 1192 1060 1236 Synodus
1079 1192 1179 1234 accipi

299 1251 387 1276 vetat
412 1242 512 1277 etiam
539 1243 653 1286 sponte
680 1241 829 1277 oblatum
850 1268 857 1276 .
888 1242 990 1290 Quod
1014 1243 1113 1276 etiam
1141 1242 1179 1276 ad

299 1292 463 1326 esculenta
498 1304 536 1326 ac
562 1293 734 1336 poculenta
757 1292 907 1327 extendit
932 1293 1040 1327 saneti
1068 1292 1180 1327 Caroli

297 1342 476 1377 Borromaei
498 1343 614 1386 quinta
644 1342 799 1384 Synodus
816 1342 1075 1378 Mediolanensis
1101 1368 1108 1376 .
1137 1343 1180 1377 Et

294 1390 361 1429 hoc
383 1393 452 1435 jure
473 1392 582 1436 quoad
595 1392 766 1431 Sacrorum
778 1392 946 1428 Ordinum
968 1404 1107 1428 examen
1134 1393 1178 1433 est

295 1441 396 1477 nobis
407 1442 506 1479 hodie
524 1445 666 1479 omnino
679 1443 857 1480 vivendum
870 1469 877 1476 .

345 1492 420 1526 Nec
437 1491 568 1530 tantum
596 1503 655 1534 pro
679 1492 781 1529 ‚Eleffl
807 1492 860 1527 seu
873 1493 994 1531 Provifi
1006 1495 1158 1530 examine
1169 1521 1180 1540 ‚

290 1541 348 1580 sed
359 1542 457 1576 etiam
469 1540 824 1586 prointhronizatione
841 1567 853 1583 ‚
880 1544 1069 1580 investitura
1094 1569 1106 1586 ‚
1131 1538 1178 1581 inss

293 1592 501 1632 stallatione,
528 1591 582 1626 seu
605 1593 639 1625 in
654 1591 880 1635 possessionem
906 1594 1103 1629 immissione
1123 1595 1181 1631 ali-

290 1643 373 1687 quid
385 1643 514 1687 exigere
531 1642 595 1679 fuit
615 1642 699 1676 olim
712 1642 893 1677 admodum
915 1644 1089 1680 familiare.
1117 1646 1180 1682 Lu-

290 1704 344 1734 cet
353 1705 394 1727 ex
407 1694 437 1727 S.
450 1693 537 1730 Petri
550 1692 707 1729 Damiani
717 1693 804 1736 apud
816 1692 1046 1730 Mediolanum
1069 1694 1159 1728 Astis
1168 1720 1179 1736 ‚

293 1742 350 1777 ubi
374 1742 478 1776 Wido
502 1741 778 1789 Archiepiscopus
796 1743 896 1780 etiam
918 1744 960 1778 de
971 1743 1178 1782 investiendis

290 1791 446 1828 Ecclefiis
472 1790 557 1828 nihil
570 1791 725 1840 deinceps
748 1794 894 1836 accipere
919 1793 1055 1837 juravit..
1083 1794 1178 1831 Hinc

290 1844 443 1878 Sanctum
477 1843 664 1887 Hugonem
690 1866 702 1883 ,
741 1855 784 1877 ex
818 1841 1033 1879 Carthusiensi
1060 1845 1178 1880 Mona-

290 1891 356 1928 cho
383 1891 652 1931 Lincolniensem
681 1893 879 1938 Episcopum
905 1919 916 1934 ‚
941 1894 1033 1938 quod
1059 1894 1178 1930 Archi-

290 1943 449 1978 Diacono
459 1954 518 1987 pro
531 1941 822 1980 inthronizationis
848 1943 972 1986 juribus
997 1945 1176 1989 postulanti

288 2005 414 2038 equum
433 1994 509 2028 dare
520 1993 663 2030 noluerit
681 2017 694 2034 ‚
720 1993 897 2029 adfirmans
923 1996 954 2027 se
978 1995 1076 2029 malle
1101 1996 1178 2038 Epi-

290 2045 458 2088 scopatum
469 2043 605 2084 cedere,
632 2043 751 2078 merito
762 2043 874 2080 laudat
893 2045 1064 2080 Henricus
1086 2045 1179 2087 Cny*

289 2094 452 2142 ghtonus.
476 2094 650 2130 Sordidam
668 2094 865 2129 Senonensis
891 2092 1176 2131 Archi-Diaconi

289 2156 367 2180 cum
395 2142 540 2188 quodam
564 2143 751 2181 Parochiali
771 2142 989 2187 Presbytero,
1013 2145 1083 2188 jura
1109 2143 1176 2178 haec

291 2196 417 2230 solvere
442 2195 614 2231 recusante
637 2218 649 2234 ,
686 2193 727 2227 de
755 2193 882 2236 aliquot
917 2194 1058 2231 denariis
1084 2194 1177 2231 litem

290 2247 387 2279 refert
423 2245 458 2277 in
505 2244 568 2278 suis
594 2242 680 2287 apud
717 2244 926 2278 Franciscum
964 2244 1009 2278 du
1046 2242 1180 2279 Chesne

294 2294 408 2329 litteris
429 2294 581 2338 Sugerius
610 2293 722 2327 Abbas
742 2293 847 2328 Sancti
861 2293 1033 2338 Dionysii.
1061 2296 1104 2329 Et
1137 2294 1178 2332 ad

289 2345 466 2380 Parisiense
491 2343 599 2380 ‚Sancti
626 2343 787 2387 Maglorii
805 2343 1044 2379 Monasterium
1069 2344 1178 2381 scribit

295 2394 509 2431 Innocentius
522 2395 656 2429 tertius:
685 2398 763 2427 Cum
789 2394 935 2429 Abbatcm
958 2394 1085 2433 vestrum
1107 2407 1174 2429 con-

123 2443 387 2489 LzAEpisturingit
412 2446 448 2479 de
474 2456 549 2478 novo
573 2450 608 2480 in
632 2442 701 2487 sede
724 2445 876 2485 collocari,
903 2443 1174 2480 Archi-Diaconus

131 2497 192 2525 ¹43·
296 2493 467 2537 ‚Parifienfis
474 2503 531 2537 pro
541 2494 736 2535 installatione
746 2494 834 2536 ipfius
846 2501 964 2527 centum
984 2494 1093 2538 solidos
1117 2507 1177 2528 mo-

298 2555 378 2581 netae
404 2542 568 2586 Parisienfis
582 2546 602 2576 ἃ
622 2544 707 2576 vobis
724 2552 898 2586 extorquere
923 2551 1049 2585 nititur,
1076 2544 1175 2587 hujus:

299 2597 379 2631 modi
400 2594 583 2628 exac‘lionem
599 2598 632 2626 in
642 2595 696 2634 jus
707 2605 841 2628 annuum
861 2596 1073 2630 convertendo.
1104 2595 1177 2632 Effe

299 2645 380 2681 dicit
400 2644 605 2679 exastionem
628 2643 748 2677 rationi
772 2644 805 2678 ὃς
820 2643 1177 2679 Patruminstitutioni-

297 2697 360 2731 bus
369 2695 542 2729 adversam.
571 2693 615 2727 Et
623 2692 710 2737 apud
722 2694 920 2738 Gregorium
933 2706 1059 2729 nonum
1067 2694 1176 2731 scribit

127 2756 156 2785 L.
169 2762 194 2788 5.
211 2754 255 2784 tit.
259 2761 285 2790 3,,
295 2745 340 2782 ad
352 2744 652 2788 Archiepiscopum
666 2743 936 2778 Cantuatiensem
947 2759 960 2781 ,,·
988 2748 1126 2781 Pravam
1144 2745 1177 2777 il-

127 2803 152 2825 c-
161 2798 207 2829 36.
295 2798 363 2832 ,Iam
374 2794 607 2839 consuetudinem
619 2795 656 2827 de
665 2802 718 2826 tua
729 2796 890 2828 Provincia
908 2794 1028 2835 studeas
1042 2795 1156 2828 abolere
1167 2820 1177 2835 ,

297 2856 452 2890 perquam
468 2853 525 2887 pro
534 2844 726 2886 Ecclqfiarum
744 2844 923 2884 ‘investitura
939 2845 1178 2879 ‚Archi-Draconi

300 2907 431 2930 marcam
439 2900 557 2938 argenti
568 2919 578 2935 ,
602 2900 730 2928 minores
741 2895 812 2927 vero
821 2898 934 2928 Decani
944 2906 1066 2928 vaccam
1076 2894 1178 2927 albam

298 2946 352 2987 fibi
368 2948 435 2980 dari
442 2944 591 2988 postulant
602 2966 613 2983 ‚
636 2946 690 2978 vel
696 2952 805 2977 certam
810 2942 890 2986 solvi
898 2951 1035 2987 pecunia·
1057 2949 1177 2986 quanti-

305 3003 396 3028 tatem
409 3020 416 3027 .
440 2995 608 3036 Loquitur
617 3005 660 3028 ex
670 2992 851 3037 Alexandri
869 2994 1106 3040 tertiiSynodo
1118 2995 1178 3028 La-

304 3045 476 3078 teranenfi:
497 3043 639 3077 Hori-thile
657 3049 747 3078 nimis
769 3043 828 3084 est,
854 3045 931 3086 quod
955 3050 987 3079 in
1001 3043 1178 3088 quibusdam

307 3091 437 3133 Eccleffis
447 3094 535 3125 locum
544 3096 698 3130 venalitas
701 3093 877 3139 perhibetur
885 3094 992 3130 habere
998 3120 1009 3135 ,
1023 3101 1071 3130 ita
1078 3104 1114 3128 ut
1120 3102 1178 3136 pro

308 3140 463 3184 Epist-opis
486 3144 536 3175 vel
549 3143 726 3185 abbatibus,
749 3141 802 3187 seu
814 3143 1037 3187 quibuscumque
1043 3143 1176 3188 personis

309 3189 507 3232 Ecclefiasticts
524 3194 676 3233 ponendis
704 3200 736 3225 in
757 3193 829 3236 sede
847 3219 858 3234 ,
877 3193 933 3240 seu
954 3188 1178 3230 introducendis

309 3240 493 3279 Presbyteris
504 3245 536 3272 in
546 3239 700 3282 Ecclefiam
712 3266 723 3281 ‚
733 3245 850 3286 aliquid
861 3251 1001 3288 exigatur
1012 3270 1019 3277 .
1048 3245 1122 3281 Esse
1131 3242 1190 3277 dia

309 3292 355 3327 cit
366 3290 568 3329 simoniam,
590 3289 747 3334 additque
764 3292 916 3329 adversus
934 3295 1091 3340 longam,
1116 3305 1178 3338 qua

310 3339 444 3384 quidam
457 3340 487 3372 se
497 3338 715 3379 excusabant,
739 3342 1010 3378 consuetudinem
1028 3357 1035 3377 τ
1064 3348 1180 3378 Putant

308 3393 409 3434 pluro:
429 3400 468 3423 ex
486 3386 596 3429 bocfibi
607 3388 691 3421 licere
702 3412 713 3428 ,
736 3395 810 3431 ,quia
824 3391 913 3432 legem
925 3400 1027 3427 mortis
1048 3396 1085 3428 de
1095 3395 1181 3437 longa

303 3438 466 3484 invaluzffe
475 3436 674 3482 consuetudine
683 3437 891 3481 arbitrantur,
918 3442 1060 3485 nonsatis
1074 3469 1088 3486 ‚
1114 3449 1182 3488 quia

117 2059 171 2090 An.-
191 2060 270 2088 1208.

121 2326 276 2361 Epist-107.-

127 2370 189 2397 103.

132 2985 206 3020 Cap·
221 2991 248 3016 7.

647 159 750 203 Sec
772 171 930 203 UNDA
968 155 1365 200 Prooemium
1399 156 1825 219 Dmsmrmx-o,

1259 238 1422 279 cupiditate
1431 242 1533 271 caecatt
1541 236 1614 280 fiant
1624 262 1635 279 ‚
1647 243 1833 279 attendentes
1841 265 1852 281 ‚
1881 245 1962 286 quod
1970 248 2056 279 tanto
2061 258 2133 290 gra·

1259 294 1346 323 viora
1361 286 1436 331 sunt
1454 294 1582 321 crimina
1596 312 1608 328 ‚
1632 293 1744 329 quanto
1755 293 1867 326 dlutius
1884 299 2017 328 animam
2033 296 2133 336 infeli·

1254 349 1319 374 ,cem
1343 344 1494 375 tenuerint
1513 339 1686 382 alligatam.
1715 338 1814 383 Apud
1824 344 1991 378 laudatum
2002 345 2132 380 Franci-
2153 325 2201 362 Ep.
2218 332 2265 354 η’

1235 411 1237 414 -
1259 390 1348 426 scum
1371 389 1419 426 du
1444 386 1576 427 Chesne
1597 388 1703 424 exstat
1726 389 1863 434 insignis
1874 395 2043 438 Epistola,
2067 407 2131 439 qua.

1256 439 1423 477 Simonem
1434 438 1583 478 Ecclesiae
1594 439 1774 477 parisiensis
1783 436 1906 475 Archi·
1914 445 2105 482 Diaconum
2118 467 2132 487 ,

1254 489 1344 531 quod
1357 500 1415 532 pro
1426 489 1625 526 installando
1636 489 1743 527 Sanfli
1757 489 1901 526 Victoris
1910 493 2039 532 Abbate
2053 508 2130 530 cen-

1254 548 1324 572 tum
1348 539 1474 574 solidos·
1495 540 1675 585 exegisset,
1700 551 1795 577 notat
1821 542 1862 575 de
1872 542 2018 579 Simonia
2038 546 2129 581 idem

1253 587 1407 623 Pontifex
1419 612 1430 628 ‚
1454 588 1626 625 adfirmans
1640 602 1710 628 non
1729 591 1839 625 minus
1850 591 2103 631 installationem
2115 622 2129 639 ,

1251 650 1348 683 quam
1364 639 1557 674 eleffionem
1577 641 1640 675 else
1661 641 1760 685 gratis
1772 642 1956 676 faciendam
1970 669 1977 675 .

1297 689 1372 728 Nec
1399 691 1486 725 solus
1517 689 1699 734 Episcopus
1734 703 1790 726 aut
1818 691 2130 730 Archi-Diaconus

1248 739 1428 777 installator
1447 766 1458 781 ,
1484 740 1539 779 sed
1565 741 1599 776 &
1624 750 1694 775 tota
1718 741 2129 783 variarumrEcclefiarum

1248 789 1400 833 Capitula
1435 792 1490 828 seu
1527 789 1681 836 Collegia
1717 792 1800 825 olim
1842 793 2018 837 exigebant
2054 796 2128 839 jura

1248 839 1481 877 installationis
1507 865 1520 880 ‚
1550 840 1596 876 de
1627 841 1748 885 quibus
1781 841 1824 876 ad
1861 843 2026 881 ‚Mennam
2064 845 2126 880 Pa-.

1246 889 1419 930 triarcham
1469 891 1878 935 Constantinopolitanum
1930 895 2042 930 scribit
2089 897 2124 929 in

1245 938 1396 977 Novellis
1422 941 1551 985 legibus
1586 942 1786 985 Justinianus
1812 945 1989 987 Imperator
2015 957 2023 977 ε
2059 948 2126 989 ‚Qui
2146 950 2237 986 L-56.

1244 991 1422 1028 ordinamur
1460 992 1481 1023 ἃ
1504 999 1557 1026 tua
1582 995 1761 1029 Reverentia
1791 994 1905 1028 Clerici
1931 1000 1965 1028 in
1983 993 2127 1040 sancttffiq

1245 1044 1300 1072 mis
1327 1040 1463 1085 Ecclefits
1491 1064 1503 1080 ,
1540 1040 1650 1085 absque
1686 1051 1787 1077 tamen
1815 1042 1993 1087 sandi'tfflma
2017 1047 2125 1087 mqiort

1245 1089 1372 1131 Ecclesia
1398 1088 1415 1131 ,“
1445 1095 1573 1124 omnium
1607 1098 1769 1133 patiuntur
1798 1095 1992 1135 crudeliffima
2017 1121 2028 1138 ,
2064 1107 2124 1129 non

1239 1138 1466 1182 suscipientibus
1490 1150 1539 1179 eos
1564 1141 1626 1178 illic
1649 1141 1786 1183 Ecclefits
1804 1166 1818 1183 ,
1839 1154 2005 1187 antequam
2028 1158 2124 1189 quan-

1244 1199 1306 1223 tum
1332 1193 1479 1224 voluerlnt
1500 1195 1652 1232 acciplunt
1676 1202 1782 1225 aurum
1808 1216 1816 1225 .
1852 1189 2008 1229 Sanctmus
2032 1201 2124 1238 igitur

1245 1242 1466 1275 Beatitudinem
1491 1248 1574 1274 tuam
1604 1239 1656 1274 hoc
1681 1242 1855 1282 valtdtffimc?
1877 1242 2017 1283 custodire
2041 1268 2053 1285 ‚
2088 1242 2125 1278 ut'

1239 1290 1380 1334 siquidem
1409 1290 1448 1332 fit
1471 1289 1645 1334 consuetudo
1676 1292 1753 1325 dare
1786 1303 1835 1331 eos
1870 1300 1921 1335 qui
1945 1294 2124 1328 ordinantur

1242 1348 1274 1375 in
1294 1340 1472 1384 sanc‘ltfflma
1496 1343 1605 1382 majora
1630 1338 1758 1383 Ecclessa
1783 1366 1796 1382 ‚
1818 1341 1871 1376 hoc
1895 1355 1942 1377 eos
1964 1343 2123 1386 prebere.

1243 1391 1334 1425 Nihil
1358 1397 1437 1426 enim
1461 1393 1500 1425 de
1522 1397 1562 1424 its
1589 1415 1600 1431 ,
1634 1403 1703 1433 quae
1739 1392 1854 1425 dantur
1889 1398 1922 1426 in
1943 1392 2124 1437 sanclffma'

1242 1444 1346 1484 majori
1371 1441 1518 1484 Ecclesia,
1541 1453 1707 1475 novamus.
1736 1445 1890 1477 Praeterea
1916 1446 1987 1482 vero
2005 1444 2125 1487 inalitq

1241 1492 1373 1529 omnibus
1394 1493 1468 1526 nulli
1482 1491 1660 1530 clericorum
1681 1494 1829 1525 licentiam
1853 1493 1904 1535 effe
1928 1493 2052 1534 penitus
2064 1501 2125 1536 μη

1241 1550 1299 1585 iis,
1323 1555 1393 1586 quae
1405 1551 1547 1580 vocantur
1557 1541 1765 1588 Infinuaettva,
1791 1543 1909 1585 aliquid
1908 1541 2010 1584 ferre.
2039 1543 2125 1590 Qi,

1241 1593 1315 1631 dam
1325 1593 1514 1630 existimant
1536 1592 1643 1638 legem
1670 1592 1759 1635 loqui
1776 1604 1834 1637 pro
1845 1592 1921 1632 solis
1933 1592 2125 1628 Constanti-

1242 1643 1508 1687 nopolitanorum
1542 1642 1771 1682 oratoriorum
1797 1666 1809 1683 ‚
1845 1644 1898 1677 seu
1922 1641 2124 1678 secundaria-

1241 1704 1312 1729 rum
1325 1693 1538 1727 Ecclesiarum
1549 1691 1704 1727 Clericis.
1731 1693 1774 1727 Et
1786 1692 1896 1731 favent
1909 1692 2032 1737 Juliani
2051 1694 2124 1727 An-
2141 1710 2175 1743 L
2191 1720 2261 1751 ¹9¹,

1240 1743 1398 1780 tecessoris
1408 1741 1529 1780 verba:
1551 1744 1666 1784 Siquis
1690 1747 1724 1775 in
1735 1742 2060 1785 Constantinopolitanae
2079 1748 2121 1777 ct-

1239 1799 1337 1827 vitate
1345 1793 1478 1826 Clericus
1485 1791 1694 1838 fueritfaqus
1706 1816 1717 1832 ,
1735 1791 1768 1833 fi
1785 1793 1904 1835 quidem
1922 1804 2042 1837 magne
2061 1796 2122 1827 Ec-

1238 1841 1324 1884 clefiae
1349 1844 1481 1876 Clericus
1499 1841 1539 1884 fit
1560 1867 1572 1883 ‚
1613 1841 1837 1883 Enphanostica
1853 1841 1911 1888 seu
1934 1842 2123 1889 ‚Infinuattvae

1233 1892 1354 1936 prestet
1365 1903 1432 1935 quae
1441 1903 1478 1925 cx
1488 1890 1696 1934 consuetudine
1701 1892 1843 1933 praestart
1852 1900 1965 1934 oportet
1976 1903 1992 1934 ,·
2012 1892 2059 1935 fin
2070 1903 2124 1930 aaz

1237 1945 1441 1977 temclericus
1450 1946 1582 1976 oratorii
1591 1942 1715 1977 alterius
1720 1940 1839 1982 fuerit,
1862 1941 1944 1974 nibil
1957 1942 1999 1976 ab
2011 1953 2045 1979 eo
2055 1945 2124 1977 En·

1232 1992 1465 2036 pbamsticorum
1474 1998 1590 2028 nomine
1601 1997 1746 2037 exigatur.
1770 1990 1938 2027 Existimo
1947 1999 2058 2027 tamen
2071 1990 2121 2030 1oe

1238 2043 1296 2085 qui
1321 2042 1492 2086 praesertim
1513 2053 1572 2086 pro
1583 2040 1721 2075 Clericis
1737 2040 1875 2077 aliarum
1886 2038 2122 2080 Parochiarum,

1238 2093 1291 2128 seu
1302 2092 1508 2126 Dioeceseon.
1523 2091 1655 2126 Etenim
1670 2088 1884 2127 Patriarchali
1900 2090 1961 2127 suae
1970 2088 2122 2134 potestati

1238 2153 1294 2187 per
1315 2142 1442 2184 rapinas
1463 2140 1677 2177 extendenda:
1702 2141 1826 2186 semper
1846 2141 1992 2177 intentus
2030 2139 2123 2175 Con-s

1238 2191 1549 2235 stantinopolitanus
1561 2190 1742 2233 Episcopus
1754 2213 1765 2231 ‚
1784 2189 1997 2234 specstantium
2004 2188 2045 2227 ad
2057 2199 2123 2224 tres

1238 2240 1467 2285 autocephalas
1487 2241 1655 2276 Dioeceses
1678 2239 1969 2283 Metropolitarum
1988 2238 2123 2284 primo,

1238 2291 1359 2327 deinde
1385 2292 1419 2325 &
1431 2289 1690 2327 Provincialium
1701 2289 1773 2324 istic
1785 2290 2025 2334 Episcoporum
2043 2299 2125 2326 con·

1241 2341 1438 2377 secrationes
1461 2341 1600 2379 invasit,
1626 2340 1823 2385 tandemque.
1843 2340 1947 2374 etiam
1968 2348 2122 2383 quorum·

1241 2393 1289 2426 vis
1309 2392 1515 2427 Clericorum
1535 2389 1784 2431 ordinationes,
1809 2389 1851 2423 de
1872 2400 1938 2432 qua
1947 2388 2014 2433 ejus
2031 2398 2121 2431 pote·

1236 2442 1315 2478 state
1327 2439 1528 2478 Theodorus
1541 2439 1714 2476 Balsamon
1728 2439 1814 2474 varia
1828 2438 1906 2476 hinc
1927 2438 2004 2474 inde
2021 2448 2121 2482 nuga·

1238 2502 1292 2527 tur
1317 2517 1326 2525 .
1361 2491 1407 2527 Et
1430 2490 1565 2534 quidem
1587 2490 1691 2525 etiam
1723 2489 1766 2523 ab
1792 2487 1881 2523 hisce
1903 2487 2120 2530 extorquebat

1237 2541 1456 2577 ordinationis
1467 2541 1556 2584 jura,
1582 2549 1653 2583 quae
1668 2538 1784 2573 nonin
1809 2537 1867 2571 suo
1885 2537 1979 2572 eursu
1988 2536 2121 2579 permit-

1240 2603 1307 2627 tere
1330 2591 1484 2626 debuerat
1497 2588 1720 2632 Justinianus,
1745 2585 1798 2620 sed
1818 2587 1964 2621 omnino
1989 2586 2122 2620 damna-

1238 2654 1272 2678 re
1285 2668 1292 2675 .
1319 2640 1450 2685 Rapina
1462 2640 1520 2675 ista
1530 2637 1659 2681 peffime
1680 2635 1795 2672 habuit
1816 2636 1952 2672 aliarum
1965 2636 2121 2671 Ecclesia-

1240 2704 1313 2728 rum
1324 2692 1505 2735 Episcopos
1518 2713 1530 2729 ‚
1555 2688 1696 2731 ideoque
1708 2686 1799 2732 quod
1817 2686 1924 2730 palam
1947 2698 2016 2721 non
2026 2685 2121 2719 aude-

1242 2752 1314 2776 rent
1335 2740 1500 2775 violentiae
1518 2738 1670 2784 refragari
1692 2762 1703 2778 ‚
1730 2738 1803 2771 suos
1828 2736 2023 2780 instigarunt
2044 2735 2122 2772 Cle-

1242 2794 1326 2826 ricos
1351 2789 1392 2824 ad
1424 2789 1595 2823 ordinatos
1630 2786 1927 2830 Constantinopoli
1964 2785 2121 2829 Collegae

1240 2854 1310 2876 non
1336 2838 1558 2875 admittendos
1584 2837 1618 2871 in
1648 2836 1870 2881 poffeffionem
1890 2860 1900 2876 ‚
1926 2835 1985 2868 nisi
2006 2834 2120 2870 solutis

1241 2890 1423 2937 grandibus
1444 2887 1671 2928 Insinuativis‚
1696 2887 1738 2921 de
1758 2886 1875 2929 quibus
1898 2884 2121 2926 refieDiony-

1239 2944 1302 2978 sius
1310 2938 1532 2977 Gotofredus:
1559 2936 1744 2979 Infinuativa
1752 2935 1838 2979 fiant,
1855 2934 2119 2980 quaeprovIClerict

1241 2993 1320 3025 dant
1332 2989 1484 3024 veteribus
1496 2996 1550 3031 pro
1555 2987 1611 3032 suo
1619 2993 1741 3021 introitu
1754 3012 1761 3019 .
1790 2987 1852 3021 Seu
1872 2995 1930 3027 pro
1947 2983 1998 3020 sui
2013 2983 2119 3019 nomi-

1243 3043 1293 3075 nis
1320 3041 1355 3074 in
1377 3039 1583 3074 Clericorum
1605 3038 1805 3081 Catalogum
1825 3033 2035 3077 inscriptione
2060 3043 2120 3067 aut

1225 3113 1226 3118 =
1243 3090 1459 3126 insinuatione
1470 3115 1477 3121 .
1506 3089 1554 3123 Ea
1567 3100 1645 3133 ergo
1656 3089 1697 3122 ad
1710 3088 1840 3123 Mennae
1850 3081 2042 3117 Patriarchae
2053 3095 2119 3126 pre·

1242 3153 1293 3176 ces
1305 3141 1432 3174 sustulit
1442 3149 1580 3184 magnus
1589 3134 1962 3177 Constantinopolitanae
1972 3133 2120 3170 Ecclefiffl

1241 3192 1401 3225 exaltator
1411 3190 1628 3234 Justinianus.
1652 3183 1787 3224 ,Sustulit
1794 3183 1906 3226 quoad
1921 3183 2006 3218 solos
2027 3183 2120 3220 Con-

1244 3240 1458 3285 stantinopoli
1480 3240 1648 3275 ordinatos
1658 3233 1806 3269 Clericos
1818 3258 1825 3265 .
1852 3234 1963 3280 Qare
1981 3232 2119 3268 aliarum

1245 3291 1457 3326 Ecclefiarum
1478 3287 1599 3324 Clerici
1614 3286 1636 3320 ,ἃ
1649 3283 1744 3320 novis
1755 3294 1810 3326 per
1822 3284 1973 3329 proprios
1986 3283 2118 3326 Episco-

1246 3353 1305 3385 pos
1326 3340 1484 3377 ordinatis
1502 3334 1649 3379 Collegis
1665 3334 1809 3368 omnino
1822 3342 1975 3377 poterant
1985 3333 2120 3366 consue-

1245 3403 1276 3426 ta
1290 3389 1534 3436 Euphanostica
1545 3384 1762 3428 postulare-Et
1772 3382 1850 3418 hinc
1860 3383 1946 3420 solos
1957 3381 2120 3418 Constan-

1245 3442 1472 3487 cinopolitanae
1495 3433 1644 3471 Ecclefiae
1656 3433 1850 3470 Defensores
1873 3431 1913 3468 ad
1932 3432 2014 3477 legis
2023 3429 2118 3473 huius

1999 3493 2069 3518 exe.
