2352 3736
143 487 210 519 Lib.
234 497 260 522 7.

143 538 169 559 c.
193 538 238 565 3²·

140 2025 212 2063 Cap,
233 2034 283 2055 20.

150 2596 259 2630 Ibidem
268 2618 278 2627 .

314 227 327 256 ’ἒ
345 238 354 241 ”
368 216 605 257 Verumfhisce
626 213 767 258 graviter
787 210 901 247 obviat
932 210 967 243 in
990 211 1135 255 generali
1165 210 1216 244 hi:

311 272 416 308 storia
452 265 545 302 Otho
574 265 783 310 Frisingensis
810 261 991 303 Episcopus
1011 285 1019 292 .
1058 260 1211 295 Affirmat

316 318 566 360 Armeniorum,
583 315 761 348 Ecclesiam
788 309 938 344 constare
964 310 1055 345 mille
1076 312 1210 355 Episco-

318 373 385 415 pis,
412 366 565 410 Gregorii
584 361 779 399 Patriarchae
799 359 841 395 ad
866 360 1056 404 Eugenium
1079 361 1212 396 tertium

315 418 517 456 Pontificem
544 415 728 458 legationes
747 411 783 445 δε
807 412 979 454 professam
989 410 1213 447 obedientiam

314 468 477 512 exponit,
505 478 542 499 ac
564 462 696 497 subdit:
724 466 809 496 Inter
826 459 904 504 ipsos
931 462 966 496 (a
992 462 1111 495 (ἔπεισι
1133 475 1212 505 quae-

317 520 389 553 dan·
400 519 436 551 de
448 523 506 550 ritu
516 517 536 547 5
537 513 657 556 acrificii
667 512 810 546 habitudo
837 511 876 551 est
900 517 933 544 in
956 510 1152 555 quibusdam,
1178 519 1211 547 in

316 572 386 604 aliis
400 570 470 601 vero
480 563 683 608 discrepantia
696 588 703 596 .
731 565 853 596 Ponant
872 567 953 595 enim
959 571 1072 604 panem
1078 562 1210 604 fermen-

317 626 416 655 tatum
427 641 437 656 ‚
473 624 532 649 tcut
542 616 586 648 illi
596 639 607 656 ,
635 625 748 657 aquam
758 622 857 647 autem
869 617 942 646 vino
954 623 1012 645 non
1023 611 1186 656 admiscent
1198 635 1210 654 ,

311 669 386 712 ficut
402 678 453 701 nor
464 667 497 699 Θ
510 666 554 699 illi
564 690 571 698 .
600 667 661 698 Pro
673 664 719 697 bis
730 666 765 699 6*
776 665 847 697 aliis
861 686 872 703 ,
897 663 970 699 dum
982 668 1060 697 inter
1065 662 1099 706 se
1111 664 1211 708 diffen-

315 725 432 758 tt'rent,
459 720 626 750 Romanam
635 713 791 756 Ecclesiam
806 715 942 755 judicem
963 715 1104 758 eligentes
1117 738 1128 755 ,
1149 725 1207 748 con-

311 767 424 814 ‚fultum
433 773 558 800 veniunt
567 789 578 807 ,
601 764 790 807 formamque
805 764 948 806 sacrificii
948 766 1048 805 Juxta
1063 764 1209 807 consuetu-

313 820 418 854 dinem
429 820 492 859 eju]
500 815 558 859 fibi
570 817 652 849 tradi
663 814 832 858 deposcunt.
853 817 887 858 ,ρ
895 827 945 847 uos
957 818 1111 848 Romanus
1124 819 1210 848 Anti-

302 911 305 913 ,
310 868 372 912 stes
378 876 537 913 gratanter
544 865 708 909 suscipiens
718 890 728 906 ,
751 866 903 907 Missurum
911 863 1064 907 solemniis
1076 877 1111 898 ac
1118 864 1209 908 secre-

312 925 359 955 tis
364 923 382 961 J
384 916 518 959 artificiis
531 915 671 949 adhibuit
683 939 694 955 ,
720 916 931 958 diligenterque
941 926 977 948 ea
988 936 1000 953 ‚
1016 927 1085 957 quae
1091 915 1209 958 fiebant

314 969 425 1002 ibidem
437 992 448 1009 ,
475 979 522 1001 eos
532 966 775 1000 animadvertere
788 971 900 998 monun
911 989 918 996 .
948 966 1043 1008 ‚Quod
1049 964 1209 1006 dum-face«-

313 1028 383 1053 rent
396 1043 406 1059 ,
433 1023 597 1059 intentique
603 1015 686 1059 sacro
701 1017 798 1049 Altart
809 1015 962 1061 adstarent
975 1040 985 1054 ‚
1012 1026 1088 1048 unus
1113 1026 1151 1048 ex
1164 1022 1209 1048 eis

311 1068 484 1110 Pontificali
494 1069 642 1111 dignitate
649 1067 801 1109 praeditus
818 1090 829 1106 ,
835 1064 907 1107 ficut
914 1064 1098 1109 postmodum
1107 1071 1140 1098 in
1148 1067 1210 1107 ple-

314 1130 356 1156 na
376 1125 460 1152 curia
479 1117 579 1152 retulit
599 1142 609 1158 ,
632 1115 756 1159 summo
781 1116 922 1157 Pontt'fice
947 1117 1057 1150 divina
1080 1116 1211 1157 mysteria

313 1179 420 1214 agente
436 1193 446 1209 ,
459 1167 622 1212 splendido
624 1167 745 1212 fulgore
753 1169 877 1201 radium
883 1165 975 1210 super
985 1176 1077 1208 caput
1088 1170 1155 1208 ejus.
1165 1178 1209 1200 co-

313 1218 430 1263 ruscare
444 1244 454 1259 ‚
481 1221 515 1253 (θ’
525 1225 558 1252 in
568 1217 717 1263 ipfhva'uas
728 1218 875 1252 columbas
889 1215 1106 1259 adscendentes
1120 1219 1154 1251 (5
1165 1218 1210 1250 de-

310 1268 485 1315 ffendentes
497 1270 582 1303 vidit
595 1294 606 1309 ,
631 1280 754 1311 cumque
764 1270 937 1313 diligentius
947 1266 1000 1300 hac
1025 1269 1060 1301 ἐν
1074 1267 1142 1301 illac
1151 1278 1213 1300 ocu-

312 1323 358 1356 los
371 1319 572 1361 circumferret
580 1339 590 1359 ,
602 1320 772 1361 nullumque
782 1321 902 1352 aditum
912 1342 922 1358 ,
929 1325 986 1360 per
996 1329 1082 1360 quem
1093 1319 1147 1351 lux
1158 1318 1211 1351 illa

311 1369 581 1412 transfunderetur
591 1394 602 1411 ‚
630 1375 779 1403 inveniret
805 1390 816 1409 ,
835 1368 978 1411 Deificum
987 1368 1038 1402 boc
1049 1369 1101 1412 effe
1112 1379 1210 1412 cogno-

307 1417 393 1466 scens
407 1445 418 1461 ,
441 1431 475 1453 ac
485 1422 529 1452 ad
538 1420 735 1453 obedientiam
746 1424 888 1453 Romana
901 1420 988 1453 Sedis
1003 1424 1099 1462 magis
1112 1430 1210 1452 accen-

309 1469 365 1515 sus
380 1495 389 1511 ,
398 1470 509 1503 cunc‘lts
522 1482 590 1512 quae
601 1471 722 1503 viderat
734 1475 851 1511 aperuit
863 1494 871 1501 .
884 1469 976 1502 Hinc
987 1470 1127 1503 affirmat
1140 1469 1210 1503 Ro-

313 1531 489 1554 manorum
514 1530 628 1564 azyma
657 1520 750 1552 fuisse
775 1519 817 1554 ab
854 1518 1025 1552 Armeniis
1051 1519 1189 1552 admissa
1201 1543 1209 1550 .

313 1569 490 1609 Consonat
502 1571 535 1603 in
552 1571 711 1612 opusculo
720 1569 760 1603 de
772 1571 1058 1603 Sacramentorum
1080 1567 1208 1601 diversi·

312 1628 381 1655 tate
394 1621 414 1654 S
448 1620 624 1654 Anselmus
646 1617 923 1661 Archiepiscopus
946 1618 1210 1652 cantuariensis:

312 1675 448 1705 Armenii
460 1672 496 1703 de
499 1671 684 1710 fermentato
693 1667 727 1710 se
747 1669 867 1700 laudem
889 1667 1055 1709 sacrificare
1073 1674 1188 1707 putant
1199 1689 1210 1705 ,

308 1719 369 1764 fid
377 1727 409 1752 in
421 1726 557 1752 novitate
568 1724 644 1751 vitae
655 1728 720 1750 cum
734 1715 848 1757 cbristo
859 1726 918 1749 non
940 1714 1096 1748 ambulant
1109 1739 1116 1747 .
1145 1714 1211 1748 Sub

315 1767 480 1803 Paschalis
516 1768 648 1803 secundi
673 1766 875 1801 Pontificatu
898 1765 1050 1808 scriptum
1075 1765 1119 1798 est
1147 1763 1212 1798 hoc

313 1820 509 1863 opusculum
522 1843 532 1859 ,
559 1818 709 1862 adeoque
731 1815 880 1851 Othonis
902 1815 1110 1863 Frifingenfis
1134 1815 1212 1849 rela-

315 1873 446 1905 tionem
461 1869 584 1903 strenue
594 1868 770 1903 confirmat
780 1893 788 1902 .

367 1919 605 1964 Respondetin
618 1930 715 1963 opere
727 1919 769 1953 de
793 1917 1030 1954 Armeniorum
1050 1930 1125 1955 eum
1145 1917 1212 1953 Ro-

315 1981 414 2007 mana
443 1969 582 2003 Ecclesia
607 1970 734 2002 unione
757 1969 915 2004 Clemens
937 1971 1084 2005 Galanus
1100 1982 1108 2002 :
1137 1968 1214 2003 otho

317 2029 352 2056 in
363 2019 491 2064 rosolum
503 2044 513 2060 ,
538 2020 616 2062 quod
622 2018 716 2062 refert
729 2022 882 2053 Armenios
906 2025 939 2053 in
956 2019 1053 2063 sacris
1077 2019 1212 2061 mysteriis

316 2081 398 2117 pane
405 2070 587 2113 sermentato
598 2075 641 2103 uti
647 2069 737 2112 fuiffe
753 2069 804 2103 hoc
825 2079 953 2113 tempore
971 2070 1074 2114 solitos
1085 2095 1096 2110 ‚
1121 2079 1214 2113 atque

317 2124 354 2157 ob
367 2124 400 2155 id
410 2121 570 2166 conveniffe
577 2131 642 2154 cum
656 2123 771 2154 Graecis
783 2145 794 2161 ‚
814 2127 922 2155 erroris
935 2120 1085 2162 manifesti
1094 2126 1213 2153 convin-

318 2182 413 2209 citur.
443 2172 500 2207 Est
534 2183 609 2206 vera
631 2171 795 2215 responsio
814 2196 822 2204 .
852 2172 987 2205 Etenim
1009 2171 1118 2214 paucis
1142 2169 1213 2214 post

320 2225 407 2262 hanc
420 2223 620 2268 legationem
633 2219 845 2257 annishabita
860 2222 922 2255 fuit
943 2221 1029 2256 inter
1052 2219 1214 2255 Theoria·

320 2287 403 2310 num
416 2273 621 2317 Imperatoris
634 2273 800 2307 Manuelis
811 2272 980 2306 Comneni
1003 2273 1167 2316 Legatum
1179 2271 1214 2305 &

321 2326 473 2360 Niersem
501 2323 738 2358 Armeniorum
771 2320 1214 2366 patriarcham'disputatio,

321 2378 355 2411 ὅ(
365 2375 525 2410 celebrata
536 2374 703 2409 Tarsensis
713 2374 869 2417 synodus
880 2399 889 2413 ,
913 2383 982 2417 quae
994 2371 1060 2406 alte
1071 2373 1214 2407 clamant

321 2428 433 2470 azymi
469 2427 564 2460 usum
590 2435 671 2459 tunc
697 2424 781 2468 apud
812 2423 987 2457 Armenios
1002 2423 1109 2457 fuisse
1135 2420 1215 2456 anti-

321 2488 424 2522 quum
447 2502 456 2509 .
493 2477 546 2511 De
567 2483 746 2509 memorata
757 2474 926 2518 legatione
946 2472 1056 2507 scribit
1081 2473 1215 2515 antiqua

325 2527 559 2561 Armeniorum
582 2523 715 2558 historia
738 2537 745 2556 ε
782 2525 831 2557 Ad
856 2527 1013 2556 Dominum
1044 2527 1216 2567 Gregorium

326 2575 544 2612 patriarcham
568 2574 710 2614 Pontifex
732 2577 883 2606 Romanus
903 2598 914 2613 ‚
942 2573 1074 2615 Utique
1102 2571 1217 2605 tertius

326 2626 516 2671 Eugenius,
537 2626 656 2657 litteras
678 2622 826 2666 quasdam
848 2622 943 2664 miste,
969 2623 1076 2664 quibus
1096 2622 1135 2653 ab
1155 2619 1218 2664 ipso

323 2677 492 2721 postulabat
506 2699 515 2715 ,
525 2684 558 2707 ut
569 2686 599 2707 eo
605 2675 699 2716 plane*
709 2679 769 2706 ritu
780 2678 974 2706 Nativitatis
985 2673 1020 2706 &
1031 2674 1061 2704 E
1059 2670 1217 2714 piphaniae

328 2731 451 2762 Domini
456 2725 535 2768 festa
542 2733 699 2768 perageret
713 2748 723 2764 ‚
750 2725 784 2757 (tt
796 2730 828 2755 in
835 2722 930 2766 sacris
942 2720 1085 2762 Mffleriis
1107 2733 1217 2764 aquam

329 2784 404 2812 vino
414 2774 543 2820 misceret
554 2800 563 2814 ‚
593 2786 646 2817 quo
658 2776 693 2808 (ν
712 2776 733 2806 5
734 2774 825 2806 anc‘la
849 2777 984 2806 Romana
1010 2770 1138 2814 Ecclesia
1147 2796 1158 2812 ,
1184 2772 1218 2805 Θ

327 2834 425 2863 ornms
436 2828 501 2860 alia
510 2824 746 2864 Christianorum
758 2830 841 2857 natio
850 2843 853 2845 v
863 2822 1046 2865 idpraeflare
1066 2821 1215 2865 consueve-

327 2886 403 2913 rant
417 2903 424 2910 .
451 2877 505 2913 De
515 2876 719 2910 fermento&
742 2883 861 2916 azymo
885 2871 1110 2906 nullamfacit
1132 2881 1218 2904 men-

329 2929 462 2962 tionem
475 2951 482 2959 .
510 2924 614 2973 Qod
627 2924 785 2969 nempein
800 2924 868 2966 ipso
881 2922 1032 2957 Armenii
1054 2931 1130 2954 cum
1152 2920 1217 2954 Ro·

331 2976 703 3013 manisconcordarent.
724 2974 891 3022 roirca
912 2983 968 3006 aut
983 2972 1141 3006 memoria
1161 2979 1219 3004 aut

333 3039 443 3062 errore
465 3028 572 3071 lapsus
580 3026 624 3059 est
633 3026 735 3059 etiam
749 3024 882 3058 sanetus
897 3022 1074 3056 Anselmus
1089 3045 1095 3053 .

384 3078 470 3111 Rem
488 3076 711 3111 admirandam
723 3076 818 3108 refert
830 3074 870 3107 ad
885 3074 970 3107 tertii
983 3071 1101 3106 decimi
1113 3069 1219 3105 saculi

338 3126 512 3160 secun-dum
525 3137 649 3160 annum
662 3137 699 3160 ac
722 3124 910 3158 Innocentii
935 3123 1021 3157 tertii
1045 3121 1220 3155 Pontifica-

335 3183 410 3208 tum
425 3177 519 3209 etiam
534 3188 690 3221 magnum
705 3175 812 3219 Belgii
829 3171 1041 3208 Chronicon:
1073 3176 1109 3204 ln
1127 3176 1222 3212 parti-

328 3223 396 3257 *bus
410 3223 478 3263 Afiae
489 3228 609 3265 majoris
621 3225 724 3268 versus
739 3223 982 3268 Mesopotamiam
996 3224 1042 3256 Θ·
1055 3226 1223 3254 Armeniam

336 3273 465 3316 «quidam
471 3276 499 3315 J
504 3284 574 3305 onas
586 3281 635 3308 ‘nir
651 3274 830 3309 wnerabilis
839 3283 909 3308 erat
924 3271 1102 3306 Patriarnba
1120 3277 1151 3303 in
1172 3274 1225 3302 Ci-

331 3328 442 3357 ‘vltaete
452 3320 526 3361 „salis
545 3345 550 3351 .
573 3326 608 3353 In
619 3326 700 3361 cujus
720 3328 752 3368 J
755 3336 817 3358 onae
829 3323 967 3357 manibus
983 3347 992 3362 ‚
1014 3324 1084 3355 dum
1110 3320 1224 3363 Mtffam

332 3371 503 3408 'efflaret
510 3369 764 3412 moresuaesgentis
776 3396 786 3410 ‚
808 3373 858 3406 hec
867 3374 905 3413 est
915 3399 926 3414 ‚
940 3372 1102 3416 secundum
1114 3368 1225 3414 eonsue-

346 3423 483 3460 tudinem
491 3423 681 3455 Susianorum
691 3443 702 3458 ,
717 3421 775 3452 tale
773 3421 884 3460 fertur
896 3424 1025 3466 accidisse
1036 3423 1208 3458 miraculum
1219 3442 1229 3459 ‚

917 127 1563 175 D1sst‘n‘rnr1o

1606 107 1615 144 ὲ

1277 218 1311 244 ut
1318 216 1414 251 panis
1425 211 1473 244 ille
1483 221 1611 255 magnus
1613 210 1816 256 fermentatur
1828 238 1841 258 ,
1861 217 1938 252 unde
1947 215 2043 261 fiebat
2053 217 2166 262 sacrifi-

1274 267 1370 301 cium,
1391 266 1424 292 in
1445 270 1583 303 parvam
1601 264 1637 295 (9
1648 263 1806 304 pulchram
1826 263 1947 306 bostiam
1956 292 1972 308 ‚>
1988 271 2034 302 ad
2054 281 2163 303 morem

1269 309 1408 353 sacrificii
1421 314 1599 345 Latinorum
1610 337 1621 353 ‚
1640 322 1863 347 converteretur
1875 338 1888 355 ,
1911 317 2035 352 &calix
2043 322 2163 363 ligneus

1274 360 1470 400 destrueretur
1479 374 1544 395 cum
1554 362 1752 397 cochlearibus
1764 388 1775 403 ‚
1796 371 1912 406 reperto
1934 376 2005 399 vero
2019 366 2163 414 sanguine

1272 416 1306 443 in
1316 421 1452 454 argenteo
1463 413 1551 446 calice
1562 438 1570 446 .
1599 416 1630 446 Ε
1631 422 1645 446 t
1654 411 1706 446 hoc
1718 415 1825 447 accidit
1836 420 1867 447 in
1882 414 1966 455 Festo
1975 414 2166 462 beati—Jun-

1272 467 1319 493 nis
1341 461 1489 503 Baptista
1510 463 1603 506 hujus
1625 468 1701 496 anni
1725 487 1732 496 .
1751 465 1836 498 Unde
1852 465 1958 506 plures
1975 468 2164 504 Suriammm

1274 511 1408 553 Ecclefiae
1423 536 1434 553 ‚
1457 518 1588 547 Armenii
1598 538 1609 555 ‚
1633 516 1792 559 Georgium
1805 539 1815 556 ,
1834 516 1868 549 ὁ·
1869 516 1901 558 J
1903 514 2026 550 acobitae
2035 517 2080 549 ad
2099 528 2164 553 cm

1267 562 1454 605 suetudinem
1466 564 1586 598 sancia
1597 564 1761 598 Catholicae
1774 567 1808 599 l&
1819 569 1965 599 Romana
1983 565 2114 608 Ecclqst'ae
2127 570 2164 603 ά

1273 612 1323 646 die
1335 619 1369 663 in
1382 614 1458 645 diem
1470 622 1524 655 per
1536 613 1587 648 hoc
1596 617 1771 650 mii-aculam
1781 622 1929 657 coeperunt
1938 622 2073 650 converti
2086 641 2094 649 .
2117 619 2167 652 Et

1271 661 1320 702 ista
1324 666 1356 707 J
1360 675 1432 696 onas
1445 663 1630 698 patriarcba
1654 677 1760 710 magno
1778 668 1893 700 concilio
1916 670 2051 700 Romano
2075 672 2166 701 inter-

1264 712 1333 754 fuit
1345 738 1355 754 ‚
1367 715 1401 747 (ν’
1410 714 1592 755 postmodum
1602 716 1860 750 in-Patriarcbam
1874 717 2114 751 Alexandrinum
2125 715 2164 758 est

1246 757 1249 772 ³
1269 771 1440 805 promotus.
1464 764 1629 809 Magnum
1649 764 1732 799 illud
1755 766 1945 802 Romanum
1966 759 2163 803 Concilium

1271 813 1332 849 fuit
1344 814 1563 850 Lateranense
1580 817 1770 851 innocentii
1784 817 1892 851 tertii.

1278 935 1310 947 ,-

1427 987 1775 1052 CAPUT
1846 1009 1972 1053 ΧΠ.

1273 1130 1524 1195 Exponuntur
1573 1130 1605 1171 S
1606 1121 1832 1189 chismatz'cae
1876 1128 2093 1172 Graecorum
2127 1129 2164 1175 in

1528 1198 1691 1245 Latinos
1725 1198 1889 1262 injuriae.

1355 1317 1472 1351 Rrores
1483 1317 1518 1351 &
1527 1317 1734 1356 calumnias,
1744 1325 1822 1359 quas
1833 1315 1929 1352 nobis
1937 1316 2069 1351 Latinis
2079 1315 2168 1351 Pho-

1310 1403 1313 1405 ,
1377 1369 1443 1402 tius
1473 1367 1609 1412 impegit
1634 1391 1646 1408 ‚
1671 1367 1807 1410 exposui
1830 1366 1871 1401 ad
1896 1362 2043 1401 octavam
2063 1367 2168 1410 syno-

1273 1418 1352 1452 dum
1366 1442 1377 1458 ‚
1405 1416 1544 1462 ideoque
1565 1418 1621 1451 hic
1641 1417 1750 1451 nolim
1773 1427 1915 1461 repetere
1938 1443 1946 1450 .
1987 1413 2169 1461 Michaelis

1273 1468 1433 1503 Cerularii
1456 1467 1590 1502 schisma
1611 1467 1645 1501 ὅ(
1667 1467 1813 1502 Romani
1839 1466 2172 1502 pamfli-,esocem-

1272 1518 1559 1562 stantinopolitani
1572 1519 1788 1562 Imperatores
1800 1518 1877 1551 sunt
1905 1519 2096 1562 frequenter.
2112 1528 2169 1561 co·

1274 1568 1342 1601 nati
1363 1568 1570 1611 exstinguere
1593 1591 1600 1599 .
1639 1568 1773 1601 Horum
1795 1568 1885 1601 enim
1908 1568 2014 1612 plures
2035 1568 2169 1603 fuerunt

1273 1615 1391 1652 ssmiles
1425 1616 1650 1651 Constantino
1680 1616 1912 1650 Monomacho
1934 1630 1973 1655 ac
1993 1616 2063 1659 eius
2095 1615 2170 1652 Au-

1274 1666 1375 1708 gustae
1394 1666 1527 1705 domui,
1555 1666 1597 1700 de
1616 1666 1735 1709 quibus
1758 1667 1792 1700 in
1816 1668 1870 1700 sua
1894 1664 2042 1701 adversus
2067 1665 2168 1701 istum

1273 1713 1475 1748 Michaelem
1499 1716 1658 1749 sententia
1679 1714 1765 1749 dixit
1784 1715 1970 1751 Cardinalis
2003 1715 2168 1751 HurnBet-

1274 1772 1363 1798 tus-.-
1391 1765 1550 1808 ,Quantum
1571 1766 1617 1798 ad
1635 1766 1785 1798 columnas
1806 1769 1948 1807 Imperii,
1973 1767 2097 1806 &wius
2109 1769 2171 1799 Ho-

1274 1822 1391 1848 notatos
1423 1841 1434 1856 ‚
1472 1824 1561 1858 atque
1607 1819 1687 1849 cives
1705 1812 1855 1857 sapientes
1873 1831 1884 1856 5
1926 1813 2170 1856 christiamffima

1273 1874 1362 1909 atque
1381 1864 1544 1899 orthodoxa
1565 1864 1604 1905 est
1625 1871 1737 1899 civitas
1758 1890 1765 1898 .
1796 1864 1924 1900 Verum
1949 1863 2170 1906 patriarcha,

1275 1916 1428 1962 Episcopi
1444 1941 1455 1957 ,
1481 1916 1626 1956 Clerici,
1654 1916 1687 1949 &
1714 1915 1876 1949 Monachi
1899 1937 1910 1954 ,
1936 1927 2019 1958 quos
2040 1924 2172 1959 oporte-

1275 1968 1330 2002 bat
1348 1968 1413 2002 effe
1435 1966 1549 2011 populi
1566 1965 1666 2001 salem
1683 1965 1720 1999 ὃς
1741 1965 1858 2000 lumen
1870 1987 1881 2004 ,
1897 1967 2037 2000 —fuerunt
2055 1964 2173 2008 pamm

1274 2019 1421 2053 caecus&
1433 2018 1531 2051 durus
1541 2028 1619 2062 grex
1630 2016 1664 2050 in
1676 2015 1766 2050 vario
1786 2025 1910 2050 errore.
1936 2015 2080 2049 Istorum
2105 2013 2171 2048 Im-

1275 2078 1460 2112 peratorum
1499 2078 1585 2102 unus
1610 2067 1676 2101 fuit‘
1696 2067 1837 2110 Joannes
1853 2065 1988 2106 Ducas,
2009 2064 2078 2108 qui<
2095 2060 2169 2107 post

1274 2128 1405 2162 captam
1427 2117 1446 2150 ὲ
1480 2115 1629 2151 Flandris
1658 2115 1985 2158 Constantinopolim
2003 2112 2170 2149 ⁴secundus

1275 2169 1426 2214 regnavit
1444 2167 1532 2211 apud
1562 2167 1709 2201 Nicaeam
1734 2190 1741 2198 .
1780 2166 1883 2200 Tunc
1905 2165 2090 2199 Germanus
2111 2161 2171 2199 Pa·

1276 2217 1415 2253 triarcha
1426 2218 1552 2258 varias,
1579 2217 1676 2252 nobis
1697 2219 1835 2250 servatas
1857 2215 1874 2248 a
1898 2213 2061 2250 Matthaeo
2081 2213 2173 2249 Pari-

1276 2270 1386 2311 fienfi,
1415 2279 1506 2303 anno
1531 2278 1631 2316 1237.
1647 2278 1706 2310 pro
1717 2267 1843 2300 unione
1856 2266 1975 2300 litteras
1996 2264 2117 2307 scripsit
2128 2262 2171 2298 ad.

1276 2320 1465 2355 Romanam
1498 2319 1679 2353 Ecclefiam
1697 2341 1708 2358 ,
1744 2317 1778 2356 δε
1805 2317 1840 2350 in
1854 2317 1958 2360 prima
1977 2316 2018 2350 ad
2043 2313 2174 2360 Grego-

1277 2371 1360 2405 rium
1384 2380 1513 2404 nonum
1535 2369 1736 2403 Pontificem
1755 2366 1889 2401 adducit
1924 2377 1986 2399 tres
2016 2364 2172 2408 capitales

1277 2419 1457 2455 schismatis
1477 2421 1606 2454 causas:
1632 2419 1812 2462 Dogmatum
1822 2422 2036 2457 contrarietas,
2062 2416 2172 2448 &Ca-

1277 2482 1385 2504 nonum
1398 2469 1548 2510 destrufflo
1560 2494 1570 2510 ,
1596 2471 1631 2503 6·
1644 2472 1767 2501 Rituum
1785 2492 1796 2508 ,
1819 2479 1891 2510 quos
1904 2467 2093 2500 tradiderunt
2108 2464 2174 2497 Pax

1276 2530 1360 2562 tres,
1387 2518 1573 2558 immutatio,
1595 2518 1669 2562 sunt
1683 2523 1809 2551 materia
1825 2515 1908 2560 sepis
1923 2541 1934 2556 ,
1959 2525 2027 2557 quae
2046 2511 2169 2554 separat

1273 2572 1358 2614 prius
1376 2577 1481 2605 unita.
1513 2570 1557 2604 Et
1570 2570 1605 2603 in
1618 2568 1756 2612 epistola
1767 2567 1807 2601 ad
1820 2565 1988 2600 Dominos
2011 2561 2172 2596 Cardina-

1278 2623 1342 2656 les:
1370 2625 1506 2654 Eramus
1517 2631 1641 2659 omnes,
1667 2626 1732 2650 tam
1741 2617 1839 2649 Italici
1849 2624 1949 2656 quam·
1964 2616 2084 2651 Graeci,
2112 2612 2171 2645 ali·

1277 2673 1440 2714 quandam
1452 2672 1553 2704 eadem
1561 2669 1623 2711 fide
1631 2690 1642 2706 ,
1651 2668 1686 2700 Θ
1697 2672 1729 2698 tn
1740 2664 1849 2708 eisdem
1861 2662 2032 2696 Canonibus
2043 2683 2055 2700 ‚
2063 2667 2171 2702 pacem

1277 2721 1420 2755 babentes
1431 2727 1508 2753 inter
1521 2730 1573 2752 nos
1586 2742 1597 2758 ,
1622 2718 1836 2758 &pugnantes
1847 2715 1922 2746 alter
1928 2721 1986 2754 pro
1997 2712 2089 2746 altero
2100 2735 2113 2751 ,
2133 2712 2171 2744 6

1279 2777 1411 2805 inimicos
1438 2767 1572 2808 Ecclesia
1593 2765 1820 2807 confundentes.
1855 2762 1907 2796 Ex
1927 2762 1995 2796 istis
2018 2760 2172 2796 fontibus

1277 2821 1415 2854 affirmat
1425 2817 1607 2861 processisse
1617 2814 1779 2848 miseriam
1798 2838 1809 2854 ‚
1820 2813 1861 2847 de
1869 2823 1932 2854 qua
1943 2812 2049 2857 pergit
2062 2823 2071 2844 :
2084 2814 2148 2844 Heu
2158 2831 2170 2848 ‚

1278 2877 1364 2909 Heu,
1384 2870 1477 2911 quam
1486 2879 1593 2900 amara
1605 2863 1746 2906 divisione
1764 2862 1999 2906 sequestramur,
2023 2870 2100 2894 unus
2120 2860 2172 2894 de-

1279 2918 1376 2952 trabit
1389 2920 1478 2951 alteri
1492 2941 1501 2957 ,
1523 2919 1558 2950 et
1574 2917 1652 2948 alter
1661 2916 1786 2948 alterius
1799 2939 1810 2954 ,
1835 2914 1919 2947 velut
1930 2917 2041 2946 animae
2059 2914 2174 2952 pericu-

1277 2971 1361 3010 lam,
1387 2974 1470 3001 vitat
1481 2965 1672 3009 consortium.

1330 3019 1477 3053 Primum
1488 3017 1588 3060 ergo,
1613 3015 1702 3059 quod
1727 3012 1822 3048 nobis
1843 3010 1947 3046 Graeci
1967 3010 2172 3053 imponunt,

1279 3070 1404 3104 crimen
1432 3068 1477 3101 est
1513 3066 1729 3101 Paternornm
1744 3065 1866 3097 rituum
1890 3060 2098 3095 immutatio.
2126 3059 2172 3095 Et

1281 3120 1398 3154 horum
1421 3118 1572 3153 omnium
1597 3126 1695 3158 caput
1725 3114 1771 3148 est
1797 3123 1934 3154 azymus
1957 3115 1990 3143 in
2013 3107 2171 3145 sacrificio

1283 3171 1374 3214 panis
1401 3194 1408 3201 .
1449 3168 1554 3215 Qod
1575 3167 1680 3209 ipsum
1701 3161 1884 3197 patriarcha
1907 3162 2093 3194 Germanus
2112 3159 2171 3193 im·

1284 3219 1483 3265 properarit,
1508 3217 1593 3251 lucet
1613 3227 1654 3249 ex
1677 3212 1814 3248 secunda
1842 3211 1924 3245 noni
1953 3207 2107 3254 Gregorii
2127 3206 2170 3242 ad

1283 3273 1390 3315 ipsum
1413 3268 1544 3311 epistola
1569 3291 1581 3308 ,
1619 3275 1690 3308 quae
1711 3260 1913 3296 demonstrat
1940 3268 2109 3300 utrumque
2131 3257 2171 3290 ri-

1285 3332 1356 3355 tum
1380 3321 1449 3352 esse
1469 3318 1653 3362 legitimum
1675 3314 1711 3348 &
1731 3313 1906 3347 fundatum
1919 3335 1930 3350 ,
1956 3307 2092 3349 ideoque
2113 3304 2170 3339 hu-

1287 3372 1336 3415 jus
1357 3367 1578 3410 discrepantiae
1596 3364 1690 3398 causa
1716 3362 1875 3397 Ecclesias
1901 3369 1966 3392 non
1981 3356 2078 3390 fuisse
2089 3356 2171 3391 laco-

1288 3421 1422 3457 randas.
1448 3419 1560 3467 Qm
1571 3414 1718 3451 detestati
1733 3413 1853 3449 fuerint
1862 3409 1960 3445 etiam
1983 3416 2062 3443 tunc
2082 3407 2171 3462 <irai-

2087 3467 2119 3490 cx
