2352 3736
386 151 444 181 DE
481 136 749 181 LAnNoRum
784 130 1092 176 Emscopoaum
1128 136 1179 165 Et
1202 122 1499 168 Ctmucoxum
1534 121 1861 168 commen-rm.
1935 140 1968 175 9

216 219 340 256 cunetis
350 218 530 263 majoribus
539 218 678 253 Clericis
691 215 879 260 posteriores
902 209 1030 246 vetabat
1040 219 1099 242 nu-

216 272 324 317 ptias,
350 269 498 315 regulam
509 269 603 304 fuiffe
630 267 803 302 aNicaenis
813 260 962 298 Patribus
986 258 1100 303 proba-

215 331 304 356 tam·
327 319 431 367 Qod
442 319 549 363 ipsum
560 319 595 353 in
607 316 746 352 laudatis
757 312 901 358 legibus,
927 308 1098 344 issNovel·

216 370 250 406 la
268 368 310 405 ad
341 368 565 405 Patriarcham
591 365 813 412 Epiphaniam
837 387 848 402 ‚
874 371 936 395 nec
962 371 1032 394 non
1057 357 1098 393 ad

215 421 379 465 Ioannem
388 418 568 455 Orientalis
581 415 724 452 Praetorii
739 413 930 448 Praefectum
943 411 1015 456 lege
1025 410 1081 452 sup
1088 428 1098 435 -

216 471 313 516 pouit
334 469 483 505 laudatus
507 466 722 512 Iustinianus:
744 464 830 498 Solis
850 461 1039 497 Lestoribus
1063 460 1097 494 &

215 519 420 556 cantoribus
437 518 574 554 affirmat
595 525 699 550 novas
721 513 852 557 nuptias
872 512 969 546 licere
987 512 1098 545 secun-

216 570 298 606 dum
311 571 486 607 Canones,
509 566 529 600 ὲ
550 565 667 609 quovis
685 563 794 599 altiori
804 563 940 598 Clerico
958 570 1096 596 attenta-

214 631 267 656 tas
286 645 298 661 ‚
324 618 478 659 natasque
503 626 545 649 ex
570 614 643 659 ipfis
664 614 768 659 proles
791 612 934 648 declarat
959 623 997 646 ac
1015 610 1095 645 facit

215 669 434 709 adulterinas;
459 676 557 710 atque
567 666 612 700 ita
625 664 781 710 supponit
791 662 977 706 Ancyranae
997 662 1097 695 licen-

214 721 270 756 tiae
280 717 408 753 nullum
419 715 574 760 superesse
587 715 699 750 locum
715 740 722 747 .
749 713 889 749 Pontica
897 713 992 747 enim
1004 712 1097 745 Dioe-

214 768 290 806 cesis
299 766 399 812 pleno
419 765 491 809 jure
501 774 581 800 tunc
603 765 731 799 suberat
742 762 979 799 Patriarcbatui
1006 761 1097 795 Con-

213 815 533 861 stantinopolitano,
558 815 698 859 ideoque
717 813 889 850 &direstis
898 812 940 846 ad
957 812 1026 855 ejus
1037 810 1098 845 Pa-

211 865 386 902 triarcham
407 865 553 911 legibus.
582 866 626 900 Er.
648 866 818 899 Trullanae
838 888 850 904 ,
877 873 947 907 quae
970 861 1096 897 cunctis

208 916 394 964 generatim
419 915 583 950 Diaconis
606 915 707 950 etiam
726 913 857 949 abstulit
878 913 975 947 istam
998 911 1098 949 licen-

207 968 315 1009 tiam,
339 964 479 1011 Synodo
500 964 634 1000 Pontici
659 964 815 1009 Episcopi
833 962 976 999 omnino
999 962 1096 997 inter-

208 1018 361 1053 fuerunt.

260 1066 461 1112 Respondeo
483 1075 594 1102 tamen
616 1066 784 1101 licentiam
807 1064 904 1100 istam
922 1062 1094 1098 aNicaena

209 1117 352 1162 Synodo
361 1129 431 1153 non
443 1117 537 1152 fuisse
557 1118 710 1152 cassatam
724 1141 732 1149 .
759 1115 865 1151 Lucet
886 1126 927 1150 ex
939 1113 1095 1158 Gregorii

207 1168 342 1204 Sisenfis
358 1192 371 1210 ‚
396 1166 634 1201 Armeniorum
659 1164 854 1201 Patriarchae
873 1191 884 1207 ‚
909 1165 997 1208 apud
1019 1162 1096 1205 Cle-

209 1227 356 1253 mentem
378 1217 546 1252 Galanum
566 1215 767 1251 exstantibus
794 1239 806 1254 ,
831 1214 873 1249 ad
896 1214 1094 1257 Haytonem

208 1267 379 1302 Armeniae
388 1267 516 1312 Regem
527 1265 644 1300 litteris
655 1279 665 1299 :
692 1265 826 1307 Etiamsi
831 1265 970 1298 Sacerdos
993 1268 1025 1297 in
1035 1265 1095 1296 Ec·

208 1316 289 1360 clefia
309 1317 407 1358 nostra
418 1341 430 1358 ,
452 1316 527 1358 ficut
548 1322 580 1349 in
590 1319 748 1356 Romana,
773 1314 899 1349 celibem
921 1319 1020 1348 vitam
1035 1324 1094 1346 non

209 1375 283 1413 agat
294 1392 306 1409 ‚
330 1369 482 1410 rejicimus
493 1364 559 1400 Illos
575 1390 587 1407 ,
611 1370 662 1409 qui
676 1368 823 1399 Diaconos
846 1368 1034 1397 matrimonio
1037 1365 1092 1404 ju·

206 1426 304 1462 gant.
331 1417 393 1451 Per
405 1415 504 1451 hosce
526 1414 635 1449 lucide
657 1412 815 1458 intelligit
832 1412 984 1446 Graecos:
1011 1411 1092 1446 Non

209 1467 325 1510 utique
347 1473 464 1500 omnes
483 1486 495 1503 ‚
522 1462 576 1497 sed
604 1462 692 1497 solos
715 1464 787 1497 suos
814 1460 1093 1497 Condioecesanos

206 1514 388 1555 Ponticos,
413 1513 474 1557 qui
484 1511 548 1548 isto
571 1512 741 1557 posteriori
765 1513 883 1547 saeculo
906 1510 1013 1547 adhuc
1025 1521 1093 1547 ute-

204 1564 328 1600 bantur
337 1562 517 1607 Ancyrana
526 1562 658 1598 licentia
670 1588 677 1595 .
702 1563 850 1599 Laudata
860 1563 951 1598 enim
965 1562 1093 1607 Episto-

203 1614 241 1650 la
258 1614 305 1649 est
326 1613 432 1648 saeculi
453 1611 574 1648 decimi
601 1614 712 1648 tertii.
740 1613 872 1658 Nempe
896 1613 1093 1648 universales

203 1665 408 1710 generalium
429 1662 641 1707 Synodorum
653 1663 808 1699 Canones
826 1664 965 1708 privatas
985 1664 1093 1709 singu-

203 1714 326 1750 larium
345 1714 521 1760 regionum
537 1713 791 1750 consuetudines
815 1725 884 1749 non
893 1714 1087 1750 exsufflant-

204 1763 257 1800 Ita
279 1764 474 1810 singularem
497 1766 611 1806 suum,
639 1776 707 1809 quo
728 1765 862 1800 inferior
884 1766 998 1800 Clerus
1022 1765 1093 1799 Ro-

207 1825 300 1850 mam
311 1814 473 1860 appellare
485 1827 554 1850 non
565 1814 726 1851 sinebatur
737 1840 748 1856 ‚
775 1827 902 1850 morem
925 1827 987 1850 nec
996 1814 1015 1848 ὲ
1029 1814 1063 1848 N
1067 1816 1094 1849 i-

206 1865 317 1904 caenis,
326 1876 388 1899 nec
401 1864 419 1898 ὲ
431 1865 669 1900 Sardicenfibus
680 1865 874 1901 Canonibus
883 1866 975 1901 fuisse
986 1866 1091 1900 exsuf-

206 1915 324 1949 flatum
332 1938 343 1955 ,
369 1912 517 1950 adversus
525 1915 713 1960 Zozymum
723 1916 922 1952 Pontificem
935 1916 1090 1951 sustinue-

204 1975 284 1999 runt
306 1964 561 2000 constantiffimc
585 1967 735 2002 Africani
757 1967 911 2010 Episcopi
927 1992 937 2006 ‚
958 1968 990 2000 δε
1005 1966 1090 2001 obti-

204 2023 371 2049 nuerunt.
398 2015 444 2050 Et
466 2015 616 2051 adversus
642 2017 872 2051 sanctissimum
886 2017 1063 2051 Decretum
1077 2040 1088 2056 ,

204 2075 275 2109 quo
297 2065 332 2099 &
353 2064 470 2106 laicis,
495 2067 530 2100 δε
551 2065 757 2101 inferioribus
782 2066 942 2107 Clericis‚
968 2065 1003 2100 ὅ(
1018 2076 1086 2101 non

203 2113 459 2150 conficientibus
482 2115 711 2151 Sacerdotibus
736 2117 971 2150 sacrosanctum
996 2116 1086 2151 Cali-

202 2175 277 2199 cem
302 2164 493 2200 interdicere
518 2166 650 2210 parabat
676 2166 874 2201 Tridentina
899 2165 1054 2208 Synodus
1074 2191 1085 2207 ,

204 2214 322 2250 Caroli
334 2215 392 2250 IX.
404 2216 603 2251 Francorum
615 2216 718 2261 Regis
729 2217 869 2262 Legatio
887 2216 1063 2251 interceffit
1076 2227 1083 2247 :

208 2264 392 2303 Postulamus
415 2265 522 2308 idfieri
544 2266 653 2310 absque
676 2279 707 2300 eo
717 2269 798 2309 quod
812 2269 1024 2309 praeJ'udicium
1040 2266 1084 2299 ul·

206 2313 269 2345 lum
286 2313 345 2354 fiat
356 2315 525 2348 auaoman
547 2318 581 2350 Θ
594 2319 810 2360 Praerogativae
829 2320 921 2360 Regis
942 2313 1085 2355 Cbrfflia·

205 2361 311 2401 nfflml
321 2382 337 2401 ,ν
358 2365 393 2397 (ιν
402 2366 597 2405 quorumdam
621 2371 654 2398 in
665 2368 772 2399 Gallia
786 2365 1022 2406 Monasterioruno
1032 2376 1083 2399 ve·

204 2409 358 2451 tustiffimae
375 2412 578 2455 consuetudini
594 2440 600 2446 .
667 2427 713 2449 ua:
723 2415 940 2461 Praerogativa
962 2415 996 2449 &
1007 2426 1085 2450 con-

203 2460 344 2495 suetudo
365 2461 548 2495 etiamnum
570 2463 672 2498 hodie
693 2467 835 2500 omnino
861 2466 1062 2510 perseverant
1077 2490 1084 2497 .

203 2510 251 2545 Et
270 2510 441 2546 adversum
468 2511 624 2558 Gregorii
646 2513 722 2548 Vll.
736 2515 942 2561 aliorumque
962 2516 1086 2551 Roma-

202 2571 327 2595 norum
337 2560 541 2597 Pontificum
565 2563 600 2596 in
614 2563 764 2609 sacrilega
776 2565 990 2600 sacerdotum
1009 2577 1087 2601 con-

202 2610 292 2656 jugia
303 2612 491 2647 sanctiones
504 2637 516 2654 ,
539 2612 581 2647 de
590 2613 743 2659 fingulari
754 2614 930 2660 privilegio
938 2615 1089 2650 reclama-

204 2668 282 2694 runt
302 2661 513 2708 Nortvvegiae
535 2663 751 2708 Presbyteri,
777 2664 862 2708 ipsos
874 2666 915 2701 ad
937 2666 1005 2708 ejus
1016 2678 1089 2710 pro·

208 2707 374 2746 barionem
384 2711 512 2747 admisit
524 2737 535 2753 ,
560 2712 737 2749 &istarum
747 2717 977 2750 executionem
991 2715 1087 2750 distu-

207 2756 248 2790 lit
260 2757 471 2797 Innocentius
481 2763 541 2797 111.
555 2763 604 2798 Ita
616 2776 695 2810 ergo
708 2767 805 2800 veteri
819 2791 829 2806 ,
856 2766 933 2800 licet
957 2778 1012 2810 per
1027 2767 1063 2801 N
1066 2767 1088 2800 i-

207 2811 426 2863 cafnflmprius
438 2813 610 2856 Synodum
620 2838 630 2854 ‚
641 2826 679 2849 ac
693 2815 800 2859 postea
814 2828 868 2859 per
878 2816 1023 2851 laudatas
1036 2817 1088 2860 Ju-

207 2856 344 2891 stmlam
367 2858 448 2902 leges
458 2862 594 2905 probato
619 2866 775 2900 castitatis
786 2867 917 2901 Canoni
941 2867 1004 2901 sese
1018 2879 1084 2901 non

206 2904 367 2952 adstringi
384 2909 585 2948 crediderunt
608 2915 657 2949 illi
671 2915 816 2950 Diaconi
829 2916 987 2957 Pontici,
1015 2918 1084 2960 qui-

206 2954 269 2991 bus
279 2957 474 3000 fingularem
489 2960 651 2999 licentiam
662 2964 794 3001 dederat
805 2965 960 3010 synodus
972 2967 1086 3010 Ancy-

206 3017 286 3063 rana
295 3033 303 3040 -
334 3007 380 3041 Et
390 3005 468 3040 hinc
480 3010 608 3047 fortasse
620 3015 660 3049 ad
671 3016 750 3051 alias
760 3017 858 3051 etiam
870 3017 1062 3052 Provincias
1074 3042 1084 3057 ,

205 3057 414 3101 ¹Ps²fflmque
433 3068 503 3092 non
522 3061 649 3096 tantum
659 3066 886 3102 Subdiaeouos
904 3079 942 3102 ac
962 3068 1085 3103 Diaco-

207 3117 271 3141 nos
282 3131 294 3148 ‚
318 3107 375 3142 sed
386 3107 487 3143 etiam
499 3107 704 3152 presbyteros
718 3117 861 3152 traducta
872 3117 936 3151 fuit
948 3117 1007 3151 ista
1018 3118 1082 3162 pes.

206 3155 285 3191 slmfl.
293 3156 426 3192 libertas
435 3182 447 3198 ,
466 3168 566 3202 quam
581 3170 634 3201 per
647 3162 745 3197 varlas
760 3166 845 3212 leges
864 3167 1021 3202 cohibere
1033 3168 1083 3202 de.

206 3204 282 3239 buit
302 3205 481 3251 Imperator
500 3208 698 3252 justinianus
717 3237 723 3243 .
751 3213 796 3247 Et
818 3217 911 3259 plene
933 3229 1002 3252 non
1028 3229 1079 3261 po·

205 3255 291 3310 tuit.
316 3254 408 3292 Nam
429 3258 701 3294 consuetudinem
715 3285 725 3300 ,
750 3273 818 3306 qum
839 3266 936 3302 etjam
948 3267 1084 3311 presby-

205 3313 286 3341 teris
310 3314 385 3341 toto
409 3306 481 3350 post
511 3310 792 3346 consecrationem
829 3312 963 3349 biennio
987 3315 1082 3351 dabat

207 3353 346 3390 ineundi
367 3355 516 3402 conjugii
531 3358 719 3400 licentiam,
744 3362 838 3397 fuisse
861 3365 918 3397 suo
941 3374 1084 3409 tempore

203 3404 379 3451 antiquam
399 3407 435 3440 &
456 3404 564 3443 adhuc
587 3413 758 3453 graflatam
779 3438 791 3454 ,
817 3413 853 3447 in
880 3413 1022 3449 Novella
1044 3416 1084 3451 ad

307 3454 414 3497 christ.
420 3460 499 3502 Lupi
509 3462 728 3501 openromjr.

1162 203 1363 248 Stephanum
1386 205 1608 242 Patriarcham
1628 206 2039 252 Constantinopolitanum
2052 212 2082 240 L.
2094 218 2120 244 3.

1162 254 1234 299 lege
1254 254 1384 289 testatur
1405 256 1477 296 Leo
1499 258 1624 301 sapiens
1643 282 1655 299 ,
1690 259 1856 303 ipsamque
1874 257 1985 292 abolet
2006 257 2040 291 δε

1161 305 1397 339 circumscribit
1406 331 1413 338 .
1447 307 1550 355 Qod
1562 307 1666 352 ipsum
1678 307 1784 343 feciss‘e
1794 309 1924 343 videtur
1936 308 2041 351 Syno-

1160 354 1221 388 dus
1243 354 1423 389 Trullana.
1451 355 1577 396 Verum
1600 369 1660 392 nos
1679 357 1734 392 hic
1752 358 1794 392 de
1819 359 1894 397 solis
1911 357 2040 394 Latinis

1163 403 1299 438 Clericis
1311 405 1438 449 agimus
1450 431 1460 446 ,
1490 420 1558 442 non
1570 408 1610 442 de
1623 409 1746 445 Graecis
1756 433 1763 440 .

1211 454 1323 488 Altera
1336 455 1468 497 quaestio
1479 457 1524 490 est
1536 482 1546 497 ‚
1574 458 1626 492 Ex
1642 470 1709 504 quo
1730 458 1948 493 fundamento
1961 459 2040 492 San·

1160 506 1229 538 &us
1240 504 1389 539 Silvester
1400 504 1557 540 Pontifex
1572 532 1582 547 ‚
1610 510 1743 543 Sanstus
1764 508 1952 542 Alexander
1965 508 2041 543 Ale-

1160 554 1337 589 xandrinus
1348 580 1359 595 ‚
1386 566 1423 588 ac
1435 556 1568 589 Sanctus
1583 557 1748 593 Eussatius
1771 556 1958 594 Patriarcha
1972 557 2041 592 An-

1160 601 1335 638 tiochenus
1346 629 1356 644 ,
1383 603 1401 637 ὲ
1414 605 1550 639 Nicaena
1561 606 1697 649 Synodo
1720 609 1886 652 probatam
1898 618 2040 643 veterem

1161 655 1311 689 Eccleliae
1334 655 1441 699 legem
1461 655 1662 690 exsufflarint
1672 682 1684 699 ‚
1713 669 1751 691 ac
1763 659 1866 700 plenae
1885 660 2041 693 castitatis

1160 704 1378 739 neceffitatem
1399 705 1464 739 suis
1487 706 1690 741 Dioecefibus
1711 706 1926 751 imposuerint
1951 710 1967 742 ?
1995 709 2042 743 Et

1158 754 1328 797 quomodo
1340 754 1425 789 istud
1437 756 1585 798 ipsumin
1598 757 1662 791 illis
1680 756 1850 791 laudemus
1863 783 1873 798 ,
1899 759 1989 801 quod
2003 760 2042 794 in

1159 804 1334 841 Sebastenfi
1347 804 1495 840 Eustatio
1514 805 1683 842 damnavit
1694 807 1849 851 Synodus
1871 809 2042 852 Gangren-

1157 856 1216 889 fis?
1246 856 1379 890 Etenim
1398 854 1554 891 Nicaenos
1582 857 1740 893 Canones
1761 858 1824 892 effe
1839 858 1906 892 Dei
1918 858 2042 901 Spiritu

1157 906 1311 940 conditos
1325 930 1335 945 ‚
1362 917 1400 940 ac
1413 906 1516 941 totius
1541 908 1658 942 mundi
1681 908 1859 943 reverentia
1874 909 2042 942 consecra-

1158 964 1231 997 tos,
1256 955 1396 1000 ideoque
1417 967 1479 992 nec
1502 956 1521 989 ὲ
1544 958 1659 1001 majori
1680 957 1821 1001 Synodo
1843 959 1933 1003 posse
1956 958 2042 992 solvi

1157 1015 1214 1041 aut
1235 1007 1315 1041 verti
1343 1030 1354 1048 ‚
1380 1006 1487 1041 edixit
1508 1008 1694 1052 frequenter
1718 1009 1853 1043 Sanctus
1876 1009 1946 1043 Leo
1968 1007 2044 1042 Ma-

1155 1067 1242 1101 gnus
1253 1081 1260 1089 .
1288 1056 1332 1090 Et
1343 1056 1422 1092 licet
1431 1068 1500 1091 non
1516 1056 1728 1101 Apostolicus
1743 1084 1754 1100 ,
1768 1069 1877 1094 tamen
1887 1058 2043 1102 antiquus

1157 1106 1277 1141 Canon
1300 1105 1420 1142 habet:
1453 1106 1619 1151 Episcopus
1637 1119 1690 1143 aut
1714 1109 1871 1149 Presbyter
1888 1114 2044 1152 propriam
2060 1119 2131 1149 C-6.

1156 1167 1275 1191 uxorem
1300 1168 1487 1202 nequaquam
1508 1156 1566 1201 sub
1586 1161 1740 1205 reilgionls
1763 1185 1775 1202 ,
1802 1161 1857 1194 seu
1882 1159 2044 1194 servandae

1156 1206 1311 1243 castitatis
1321 1215 1476 1249 praetextu
1488 1207 1613 1250 abjiciat
1621 1223 1636 1252 ;
1653 1210 1763 1252 fivero
1775 1212 1890 1251 effecerit
1902 1235 1912 1251 ‚
1933 1221 2044 1243 excom-

1157 1263 1343 1292 municetur.
1371 1260 1417 1295 Et
1432 1271 1496 1295 nos
1506 1260 1646 1307 Latinos
1666 1260 1713 1297 ob
1726 1262 1850 1296 solutos
1871 1260 1970 1295 hosce
1981 1260 2047 1294 Ca-

1158 1317 1263 1341 nones
1269 1308 1332 1344 effe
1341 1307 1517 1346 damnatos
1525 1313 1785 1355 pravaricatores
1804 1311 1891 1347 dixit
1902 1309 2045 1345 Photius

1157 1355 1344 1393 patriarcha
1366 1359 1759 1404 constantinopolitanus
1772 1388 1783 1403 ‚
1813 1360 1954 1405 ideoque
1974 1371 2043 1395 non

1158 1408 1245 1448 sese,
1271 1408 1326 1444 sed
1342 1419 1403 1443 nos
1417 1409 1681 1445 effeschifinatis
1690 1410 1867 1446 Austores.
1896 1412 2046 1454 Respon-

1157 1457 1221 1491 deo
1245 1454 1496 1491 veteremistam
1518 1457 1628 1503 legem
1639 1459 1733 1494 fuisse
1754 1458 1853 1493 solius
1865 1460 2046 1494 orientalis

1157 1505 1308 1542 Ecclesiae
1317 1531 1329 1548 ,
1356 1506 1501 1549 ideoque
1514 1508 1556 1542 ad
1570 1518 1633 1543 nos
1642 1508 1784 1544 Latinos
1796 1520 1864 1543 non
1876 1511 2040 1553 spectasse.

1157 1556 1209 1590 Ex
1230 1558 1379 1603 opposita
1406 1557 1515 1592 Sancti
1539 1556 1630 1594 Petri
1654 1559 1726 1607 lege
1738 1571 1801 1596 nos
1820 1560 1942 1604 semper
1963 1561 2044 1593 vixi-

1157 1617 1229 1642 mus
1241 1633 1248 1641 .
1276 1606 1371 1643 Absit
1396 1617 1434 1642 ut
1454 1608 1589 1644 Nicaena
1602 1610 1761 1653 Synodus
1780 1609 1838 1654 ipsi
1857 1610 2022 1657 derogarit
2034 1637 2041 1643 .

1157 1657 1275 1694 Alium
1300 1659 1478 1694 adductum
1511 1658 1687 1695 Canonem
1722 1663 1831 1697 fateor
1865 1661 2046 1704 antiquiffi-

1156 1719 1267 1744 mum:
1295 1707 1422 1744 Verum
1446 1709 1504 1745 ille
1526 1722 1595 1746 non
1622 1712 1733 1747 uxoris
1754 1712 1846 1746 usum
1860 1736 1872 1752 ,
1897 1712 1952 1746 sed
1975 1712 2047 1756 ejus

1156 1760 1327 1795 dumtaxat
1336 1756 1624 1798 cohabitationem
1637 1787 1647 1803 ,
1674 1774 1743 1806 quae
1754 1772 1830 1797 cum
1843 1761 1940 1805 plena
1952 1763 2046 1797 casti·

1155 1819 1222 1847 tate
1232 1809 1357 1846 dudum
1381 1811 1490 1857 viguit
1503 1812 1603 1848 etiam
1625 1813 1661 1847 in
1675 1813 1795 1849 Latina
1808 1813 1971 1853 Ecclesia,
1998 1813 2044 1855 ju-

1155 1861 1210 1896 bet
1221 1862 1255 1897 δε
1267 1873 1379 1897 curam
1392 1862 1573 1899 maritalem
1588 1889 1595 1896 .
1623 1863 1719 1899 Hinc
1729 1863 1821 1900 enim
1840 1863 1873 1896 ὅ(
1885 1864 1920 1897 N
1923 1864 2044 1899 icaenus

1155 1912 1276 1947 Canon
1298 1913 1382 1948 solas
1406 1912 1668 1950 subintroductas
1689 1915 1841 1950 mulieres
1858 1913 2044 1958 proscripsit

1152 1962 1171 1996 ὁ,
1191 1965 1355 1998 sacrorum
1379 1962 1584 1999 Clericorum
1606 1965 1760 2001 domibus
1791 1989 1802 2006 ,
1831 1975 2041 2010 nequaquam

1153 2022 1248 2048 antea
1260 2011 1372 2048 ductas
1382 2024 1501 2049 uxores
1511 2040 1518 2046 .
1545 2016 1659 2063 Qare
1670 2015 1865 2052 Sebastenus
1876 2015 1909 2049 in
1925 2015 2043 2050 Arme-

1156 2062 1209 2098 nia
1228 2063 1370 2108 populus
1394 2088 1405 2104 ‚
1442 2064 1522 2100 dum
1546 2064 1698 2111 Episcopi
1720 2067 1769 2102 sui
1791 2065 1880 2101 Petri
1901 2077 2041 2100 uxorem

1152 2113 1327 2158 postulavit
1350 2113 1451 2157 ejici,
1476 2116 1608 2151 exceffit
1634 2117 1756 2152 limites
1777 2141 1787 2157 ,
1813 2127 1869 2150 aut
1896 2117 2042 2149 rationes

1151 2163 1267 2198 habuit
1282 2175 1385 2207 pravae
1395 2166 1610 2209 suspicionis.
1641 2168 1739 2201 Unde
1758 2167 1791 2199 ὅ(
1803 2165 1889 2200 hanc
1912 2163 2042 2199 dumta-

1150 2222 1204 2249 xat
1218 2216 1369 2258 purgavit
1381 2215 1540 2254 Basilius,
1567 2226 1703 2249 uxorem
1727 2227 1798 2250 non
1812 2215 1925 2258 ejecit.
1956 2214 2038 2249 Haec

1149 2275 1228 2309 ergo
1238 2264 1353 2298 omnia
1369 2265 1512 2307 spectant
1524 2264 1564 2297 ad
1579 2274 1721 2300 veterem
1729 2265 1910 2301 Orientalis
1924 2265 2038 2299 Eccle-

1149 2314 1199 2347 fiae
1222 2313 1331 2357 legem
1347 2336 1359 2352 ‚
1385 2324 1449 2356 qua
1473 2313 1654 2357 permissam
1676 2315 1718 2350 ab
1740 2315 1910 2359 Apostolis
1933 2315 2035 2350 etiam

1150 2363 1229 2398 novi
1242 2362 1391 2408 conjugii
1404 2362 1571 2397 licentiam
1586 2374 1825 2401 contraxerunt
1845 2367 2038 2400 successores

1150 2413 1329 2458 Episcopi,
1355 2413 1496 2456 &quam
1521 2412 1662 2457 Pinytus
1676 2416 1890 2450 Gnoffiorum
1909 2415 2036 2450 Metro-

1151 2463 1254 2508 polita
1264 2463 1349 2497 dixit
1357 2463 1421 2497 effe
1432 2463 1623 2507 imperfestae
1635 2465 1816 2509 disciplinae
1827 2463 1949 2509 puerile
1961 2465 2011 2500 lac
2023 2490 2036 2505 ,

1149 2526 1188 2548 ac
1212 2523 1335 2548 meram
1356 2514 1625 2558 conniventiam3
1654 2525 1752 2556 atque
1777 2517 1822 2550 ita
1844 2527 1914 2550 non
1926 2514 2034 2549 solum

1152 2563 1512 2606 Rommuslkndfex,
1537 2565 1592 2599 sed
1616 2565 1724 2609 quivis
1737 2564 1924 2600 patriarcha
1944 2567 2036 2608 perfi-

1154 2626 1224 2650 cere
1243 2614 1354 2658 potuit
1380 2614 1414 2648 &
1434 2613 1591 2660 abrogare
1612 2641 1619 2648 .
1648 2616 1844 2651 Sebastenfis
1866 2615 2035 2650 Eustatius

1151 2676 1220 2700 non
1243 2664 1378 2709 perfecit
1415 2689 1426 2705 ,
1453 2665 1508 2699 sed
1527 2664 1841 2702 anathematizavit:
1870 2666 2035 2701 Omnium

1151 2715 1298 2751 fidelium
1309 2713 1638 2760 damnavitnuptias‚
1663 2716 1804 2763 ideoque
1833 2715 2034 2759 fuitjustiffi-

1150 2765 1400 2800 medamnatus.
1430 2764 1541 2800 Etiam
1566 2766 1708 2802 photius
1723 2782 1735 2802 .-
1762 2766 1900 2802 Avitam
1920 2766 2033 2806 enim,

1153 2829 1220 2851 non
1232 2816 1333 2851 solius
1344 2814 1468 2849 Latinae
1478 2840 1489 2855 ,
1515 2815 1569 2851 sed
1581 2817 1681 2851 etiam
1693 2817 1925 2853 Alexandrinae
1936 2825 2033 2858 atque

1150 2865 1368 2902 Antiochenae
1382 2865 1531 2900 Ecclefiae
1552 2867 1754 2902 sanititatem
1776 2867 1944 2903 damnavit
1962 2865 2039 2900 fine

1151 2918 1367 2952 fundamento
1392 2941 1399 2947 .
1428 2915 1556 2951 Verum
1577 2916 1645 2952 haec
1667 2918 1781 2953 omnia
1804 2920 1878 2952 sunt
1896 2914 2030 2951 alterius

1149 2968 1213 3004 loci
1226 2993 1234 3000 .
