2352 3736
340 106 438 166 428

864 104 1504 152 DISSERTATIO

271 186 384 231 bium,
403 187 455 223 sed
466 187 652 222 oraculum.
680 185 724 219 Et
738 185 846 220 nescio
858 196 952 227 quem
967 184 1160 227 Theanum,
1220 194 1369 232 patientia
1376 192 1470 233 pedes
1482 184 1501 225 ε’
1520 196 1594 230 Haec
1605 198 1704 231 omnia
1714 205 1887 237 „gamma
1902 196 1974 240 sum
1995 200 2102 233 malm,

273 239 358 282 quod
385 239 523 272 intortos
547 235 651 269 crines
673 245 819 279 gereret,
846 235 1030 281 graviffime
1053 238 1158 281 arguit

272 287 412 326 Isidorus
429 284 592 318 Pelufiota
614 308 626 324 ,
665 285 829 320 affirmans
860 285 1020 322 adversari
1044 288 1159 321 nostrae

273 335 482 384 profeffioni,
509 345 572 378 qua
586 333 774 378 baptizandi
787 337 1013 372 renuntiamus
1037 337 1159 371 Diabo-

272 392 308 426 lo
317 399 355 422 ac
369 383 496 418 mundo
507 408 517 423 ,
543 385 577 418 δε
591 385 747 430 omnibus
762 386 904 428 ipsorum
917 388 1044 431 pompis
1058 412 1065 421 .
1093 386 1160 422 Va-

273 448 332 485 gos
342 436 375 469 &
390 445 539 471 comatos
553 435 714 471 Eremitas
724 431 865 480 g'raviter
885 438 992 481 arguit
1004 461 1015 477 ,
1043 438 1076 471 ἃ
1089 447 1164 471 ton·

272 486 340 522 deri
354 485 486 519 mandat
498 486 597 519 etiam
611 485 775 521 Trullana
786 487 939 530 Synodus
952 512 959 522 .
992 488 1035 521 Et
1057 488 1098 523 de
1119 487 1161 525 la·

272 538 360 582 psam
374 536 580 579 disciplinam
594 545 760 579 reparante
778 536 976 580 Imperatore
987 536 1163 582 Theophi-

274 588 307 622 lo
328 585 437 621 scribit
461 586 627 630 Georgius
652 585 840 622 Cedrenus:
867 587 1069 630 Theophilus,
1094 594 1163 631 quia

272 640 293 671 ἃ
305 644 418 670 natura
424 645 535 680 paucos
546 640 656 679 capitis
669 638 789 677 capillos
811 637 941 674 habebat
959 661 969 679 ,
990 639 1024 672 Θ
1047 648 1112 673 erat
1132 650 1164 674 re

273 686 437 728 calvaster,
464 688 528 721 ideo
540 689 619 723 edito
630 687 824 729 Edic‘lojitffit
848 695 944 723 crines
969 689 1009 724 ab
1031 689 1162 724 omnibus

271 739 412 779 tonderi,
439 748 530 780 mque
546 738 585 771 ab
595 737 653 771 ullo
665 741 796 774 Romano
806 739 887 772 ultrc?
905 741 1009 775 collum
1032 740 1162 782 demiffos

267 787 379 833 gestari
392 812 400 820 .
426 790 472 823 Et
482 794 571 822 auxit
586 787 730 822 Edicqum
735 794 831 831 gravi
838 789 1000 833 flagrorum
1005 788 1162 835 supplicio,

267 836 429 882 prist-orum
450 841 648 873 Romanorum
673 843 820 873 virtutem
851 851 987 876 revocare
1021 840 1135 886 (ludens
1151 865 1159 873 .

270 889 398 924 Verum
420 889 691 934 reformatioraut
713 899 781 921 non
803 887 974 931 obtinuit,
1012 901 1070 926 aut
1093 902 1162 926 non

268 939 460 984 permansit.
497 939 631 975 Etenim
655 938 690 972 in
713 935 883 981 Responso
900 940 1049 977 adversus
1069 941 1164 984 quin-

266 995 339 1024 tam
353 988 466 1025 Photii
482 990 683 1025 calumniam
696 987 804 1025 scribit
828 989 955 1026 AEneas
979 991 1162 1028 Patisienfis

269 1038 470 1084 Episcopus:
511 1043 680 1073 Gra-corum
702 1042 808 1079 Latet,
841 1039 1042 1081 foeminarum
1065 1052 1161 1083 more,

266 1089 572 1125 contrainterdidum
582 1093 718 1126 tonantis
740 1088 860 1132 Apostoli·
885 1101 981 1127 comas
1004 1098 1159 1126 nutriunt.

268 1140 424 1177 Affirmat
444 1139 506 1175 effe
531 1141 723 1178 foemineum
743 1142 869 1177 cultum
892 1166 902 1183 ,
950 1141 1100 1177 damnari
1121 1142 1162 1176 ab

269 1190 461 1234 Apost010‚
488 1190 628 1234 ideoque
649 1191 666 1227 ὲ
691 1190 820 1224 Latinis
843 1202 911 1224 non
933 1191 1086 1229 admitti.
1116 1191 1159 1226 Et

269 1241 566 1284 Constantinopoli
578 1241 664 1284 apud
683 1239 794 1277 Patres
806 1239 1040 1279 Praedicatores
1063 1253 1160 1285 reper-

267 1301 320 1324 tus
332 1293 483 1327 tractatus
495 1303 506 1325 :
547 1293 644 1326 Graeci
668 1300 857 1336 nequaquam
876 1301 1063 1328 venerantur
1081 1300 1161 1334 prae-

268 1349 384 1382 ceptum
397 1340 585 1383 Apostdicum
597 1365 607 1381 ,
636 1340 699 1375 Vir
718 1341 739 1374 fi
752 1352 881 1377 comam
894 1343 1016 1378 nutriat
1028 1366 1039 1385 ‚
1067 1343 1160 1387 igno-

269 1391 372 1426 minia
384 1391 430 1426 est
446 1391 495 1424 illi
508 1415 515 1422 .
544 1396 654 1426 Omnes
667 1396 747 1427 enim
757 1397 889 1427 maximo
892 1392 989 1434 studi'o
1001 1398 1159 1428 incremen-

269 1448 311 1474 tIs
324 1450 443 1484 operam
449 1439 599 1484 praestant
613 1466 620 1474 .
650 1444 750 1483 Hujus
772 1440 876 1485 lapsus
899 1444 1008 1479 Clerici
1029 1449 1160 1478 maxime

266 1490 338 1534 sunt
349 1498 410 1526 rei.
439 1495 484 1527 Et
494 1496 606 1533 etlam,
632 1505 706 1537 quos
720 1493 799 1526 nullo
813 1494 896 1527 modo
917 1495 999 1529 decet
1011 1518 1022 1533 ,
1059 1497 1158 1529 Mona·

268 1541 332 1575 chi.
361 1546 487 1577 Etenim
497 1548 530 1575 in
549 1553 660 1577 coronae
679 1545 797 1577 modum
808 1567 820 1583 ,
840 1542 913 1583 ficut
932 1545 1035 1586 regula
1050 1550 1159 1583 praeci-

264 1599 338 1634 pit,
364 1592 516 1636 tonsuram
527 1594 700 1633 capillorum
710 1602 767 1624 non
784 1591 927 1632 faciunt,
948 1590 1007 1635 sed
1021 1593 1099 1635 pene
1128 1599 1159 1625 ut

268 1643 403 1677 mulieres
416 1649 448 1675 in
455 1642 560 1684 fronte
573 1642 740 1676 dividendo
761 1639 971 1682 discriminant
988 1662 999 1677 ,
1020 1639 1158 1680 servaris

267 1694 398 1734 undique
407 1693 524 1734 capillis
537 1713 547 1729 ‚
574 1696 607 1722 ut
618 1689 682 1723 colli
697 1689 780 1721 nuda
791 1688 825 1720 Ca·
838 1693 956 1722 aurium
968 1687 1158 1731 cartilagines

263 1750 446 1787 protegant.
475 1740 519 1775 Et
542 1738 712 1782 adjungit:
742 1738 879 1771 Mulieres
899 1735 1009 1780 deserto
1026 1738 1159 1770 naturali

267 1792 344 1825 cultu
356 1793 525 1834 capillorum
537 1815 547 1830 ,
575 1788 740 1831 denfiffimis
754 1796 929 1823 mortuorum
951 1792 1039 1823 comis
1058 1785 1159 1831 subor-

269 1852 397 1876 nantur.
424 1842 524 1875 Hanc
536 1838 717 1874 foeditatem
731 1837 871 1871 notatin
895 1836 969 1872 solis
992 1837 1159 1876 foeminis,

268 1892 420 1935 adeoque
458 1890 626 1934 profitetur
663 1887 680 1920 ὲ
721 1888 911 1922 Graecorum
947 1887 1023 1920 viris
1058 1887 1158 1922 etiam

269 1952 350 1976 tunc
376 1941 474 1974 fuisse
492 1937 600 1972 adhuc
629 1937 831 1980 ignoratam.
870 1936 913 1969 Et
940 1936 1036 1970 istum
1075 1939 1160 1972 viro-

269 2003 341 2027 rum
368 1991 532 2027 excelsum
559 1986 680 2024 merito
707 1996 800 2024 notat
827 1985 1014 2024 Cardinalis
1051 1987 1159 2023 Hum-

270 2042 392 2078 bertus.

320 2091 456 2127 Etenim
480 2089 713 2135 Apostolicum
736 2089 912 2125 canonem
935 2088 1056 2123 Latina
1075 2088 1158 2123 olim

270 2142 415 2180 Ecclefia
426 2139 658 2186 religiosissime
669 2140 866 2174 custodivit.
893 2139 1000 2173 Lucet
1014 2150 1055 2173 ex
1077 2138 1160 2173 Ter-

272 2193 402 2229 tulliani
429 2192 514 2227 libto
534 2190 575 2226 de
598 2191 746 2225 velandis
764 2189 948 2234 virginibus
971 2202 982 2222 :
1019 2190 1162 2223 Saeculum

274 2249 331 2278 Dei
343 2243 482 2278 amulum
494 2246 607 2286 virgini
617 2240 723 2284 caesum
734 2241 874 2281 capillum
887 2241 980 2273 decori
996 2245 1137 2273 mentitur
1149 2264 1159 2280 ‚

274 2294 567 2338 quemadmodum&
585 2300 676 2334 puero
690 2291 875 2334 permiffum.
904 2289 1097 2333 Utrumque
1120 2289 1162 2323 as-

275 2347 382 2380 firmat
397 2343 553 2379 adversari
569 2342 749 2385 Apost010‚
776 2341 831 2385 qui
843 2350 978 2375 omnem
990 2340 1163 2374 soeminam

275 2397 338 2430 suis
359 2396 463 2430 etiam
489 2392 616 2439 capillis
644 2392 743 2427 velari
764 2391 872 2435 justit,
899 2402 1036 2424 omnem
1057 2390 1163 2424 virum

275 2446 427 2480 tonderi.
454 2443 638 2478 Adversum
652 2443 790 2477 abusum
803 2441 942 2475 notatin
957 2441 1034 2475 solis
1059 2441 1166 2485 genti·

276 2496 360 2531 libus
381 2508 389 2529 :
417 2495 521 2542 Qod
532 2491 711 2529 Christiani
727 2491 892 2536 Apostolo
916 2491 1029 2535 passlm
1051 2490 1163 2526 obedi·

276 2556 369 2581 rent.
397 2545 441 2579 Et
460 2547 494 2579 in
516 2544 619 2588 prima
646 2544 738 2587 super
760 2542 959 2586 trigesimum
982 2539 1158 2576 secundum

277 2595 445 2630 psalmum
468 2594 632 2628 concione
651 2593 810 2628 declamat
839 2593 972 2626 sanctus
1005 2589 1157 2634 Augusti-

279 2656 360 2680 nus:
389 2648 464 2678 Non
475 2644 548 2677 bene
558 2640 658 2686 tonsus
678 2653 711 2675 es
724 2663 734 2679 ‚
761 2641 832 2674 dicit
852 2645 903 2672 vir
918 2644 1031 2684 gravis
1050 2638 1160 2683 lascivo

277 2693 473 2739 adolescenti,
500 2703 558 2727 non
569 2701 598 2725 te
610 2693 689 2726 decet
699 2703 764 2724 cum
787 2690 899 2723 talibus
920 2695 1063 2726 cincinnis
1084 2695 1160 2723 ince-

279 2749 366 2780 dere.
395 2748 494 2778 Novit
510 2751 610 2777 autem
635 2742 685 2776 ille
708 2740 830 2783 capillos
850 2737 916 2785 ficos
931 2740 1051 2782 placere
1071 2739 1162 2782 nescio

280 2802 342 2830 cui.
371 2796 444 2829 odit
454 2803 484 2828 te
494 2791 755 2837 reprehendentem
769 2802 841 2825 vero
844 2792 980 2831 judicio,
1004 2791 1039 2825 6·
1054 2788 1162 2834 servat

282 2853 313 2879 in
322 2845 354 2889 se
369 2847 450 2889 quod
454 2846 552 2887 placet
559 2851 661 2885 pravo
673 2840 796 2884 consilio.
824 2845 979 2875 Inimicum
1001 2849 1030 2874 te
1049 2849 1140 2882 putat
1152 2865 1163 2881 ,

285 2903 354 2938 quia
366 2896 579 2938 turpitudinem
588 2894 682 2926 demis
698 2917 705 2924 .
733 2897 827 2936 Fugit
839 2891 933 2924 oculos
944 2898 1023 2930 tuos,
1053 2892 1087 2924 6·
1106 2903 1164 2923 om·

288 2949 355 2979 nino
378 2958 435 2980 non
457 2954 562 2984 curat,
588 2955 648 2986 qua
652 2941 779 2984 justitiae
789 2942 889 2985 regula
910 2939 1162 2982 reprehendatur.

289 2995 555 3030 Lucideaffirmat
569 2994 663 3028 istam
674 2993 857 3027 foeditatem
879 2990 1010 3035 graffari
1033 2991 1065 3023 in
1088 2991 1164 3024 solis

286 3043 693 3081 lascivisadolescentibus.
722 3042 810 3076 Etin
824 3040 1018 3075 sermonede
1041 3051 1165 3084 tempo·

288 3104 321 3127 re
342 3098 558 3130 concionatur
582 3109 593 3129 .·
639 3093 770 3127 Habitus
794 3092 959 3132 impudicus
982 3096 1105 3133 corporis
1128 3089 1166 3131 est

289 3149 409 3177 nuncius
421 3148 583 3180 adulterini
598 3146 695 3178 cordis
708 3168 715 3175 .
743 3143 915 3184 Impudicus
926 3150 1024 3174 autem
1046 3140 1164 3174 habitus

291 3198 324 3227 in
349 3199 423 3225 viris
448 3195 483 3234 est
503 3196 676 3228 inordinata
696 3194 895 3235 capillatura.
926 3191 967 3225 Et
990 3191 1030 3225 ad
1054 3189 1168 3224 Eusto-

293 3241 404 3277 chium
418 3242 572 3285 virginem
596 3244 704 3279 scribit
725 3243 767 3276 de
792 3242 974 3286 hypocritis
998 3225 1167 3274 monachis

294 3293 425 3327 sanstus
447 3290 694 3334 Hieronymus:
732 3297 818 3327 Viros
836 3291 934 3335 fuge,
960 3303 1031 3333 quos
1053 3292 1167 3323 videris

293 3349 444 3376 catenatos
455 3365 475 3382 ,Kc
490 3340 595 3383 quibus
602 3341 735 3380 foeminei
746 3352 847 3377 contra
870 3340 1028 3384 Apostolum
1050 3348 1145 3374 crines
1157 3364 1169 3380 ‚

296 3392 440 3427 hircorum
448 3389 543 3426 barba
557 3411 569 3430 ,
592 3393 706 3434 nigrum
723 3393 849 3432 pallium
864 3416 875 3435 ‚
903 3392 976 3427 nudi
998 3397 1030 3426 in
1042 3391 1170 3435 frigoris

97 301 159 334 Lib.
191 312 213 332 1.

99 345 150 380 Ep.
166 346 231 378 461.

95 460 171 498 Cap.
183 469 231 494 4²-

92 2186 164 2222 (αἱ).
180 2194 194 2218 7
210 2204 216 2212 .

113 3133 167 3163 S.r.
184 3140 248 3166 247.

124 3321 208 3361 ‘'qii-
224 3333 266 3352 zz-

1219 241 1251 273 li.
1289 240 1332 274 Et
1348 240 1383 274 in
1396 241 1510 275 litteris
1532 240 1572 275 ad
1596 241 1726 278 Maiam
1747 242 1932 279 Celedensrs
1952 249 2102 288 Egelesta
2121 239 2206 280 Epist·
2224 251 2270 277 77·

1221 289 1449 334 Presbyterum
1471 303 1479 323 τ
1518 294 1643 329 Catenae
1666 317 1677 333 ‚
1707 291 1837 338 sordes,
1873 295 1908 328 (v
1933 306 2100 334 comaenon

1216 339 1289 383 sunt
1317 342 1499 377 diadematis
1516 340 1624 386 signa,
1649 341 1703 388 sed
1716 343 1823 387 fletus.
1863 344 1915 379 Ex
1934 357 2002 389 quo
2017 346 2102 385 lueet

1222 402 1280 424 nec
1295 391 1404 434 ipsum
1419 391 1607 436 Augustum
1629 393 1819 437 Principem
1839 404 1919 429 tunc
1935 395 2029 443 fuisse
2049 408 2104 431 co-

1221 449 1358 475 matum.
1372 441 1465 475 Rarae
1478 442 1675 479 Latinorum
1687 442 1819 480 Patrum
1834 445 1867 480 in
1881 444 1978 480 istum
1990 446 2106 490 luxum

1224 491 1390 526 invectiva
1415 493 1571 528 evincunt
1581 493 1664 528 olim
1676 505 1742 528 non
1756 495 1849 530 fuiffie
1862 493 2035 541 grassatum
2046 522 2053 530 .

1272 542 1499 586 Hieronymus
1521 544 1612 587 supra
1625 544 1709 580 dixit
1721 543 1820 580 istum
1832 545 1946 580 luxum
1958 547 2023 581 esse
2035 557 2105 590 prou·

1223 592 1330 636 prium
1354 592 1507 633 lascivis,
1543 594 1704 630 militibus
1728 595 1762 630 ἀ
1788 594 1937 630 Barbaris
1953 619 1961 627 .
2000 577 2104 644 Qud

1223 643 1337 686 nempe
1348 653 1456 686 praetet
1468 643 1586 679 milites
1595 644 1915 688 &lascivosjuvenes
1927 657 2027 684 nemo
2036 646 2106 691 Ro-

1223 703 1339 731 manus
1354 693 1590 736 Apostolicum
1602 695 1776 740 Canonem
1788 706 1867 731 tunc
1890 696 2106 741 praevaricare-

1222 751 1293 776 tut.
1331 742 1437 778 Porro
1459 745 1542 778 inter
1563 744 1649 781 varia
1669 745 1884 782 Barbarorum
1906 756 2102 783 ornamenta
2122 756 2193 794 c2p.
2208 767 2250 788 10,

1222 792 1319 826 etiam
1332 792 1564 829 Tertullianus
1575 797 1607 829 in
1624 794 1706 831 libro
1727 795 1769 830 de
1785 796 1931 834 velandis
1959 796 2106 842 Virgini·

1224 841 1282 879 bus
1304 854 1452 880 numerat
1475 850 1577 879 cirros
1598 849 1830 881 Germanorum.
1860 847 1903 881 Et
1925 845 1967 882 de
1989 846 2103 882 iisdem

1224 892 1334 935 paffitn
1348 894 1562 938 intelligimus
1575 894 1664 931 hunc
1679 896 1885 931 Eliberinum
1907 897 2103 932 Canonetn:

1223 947 1258 978 N
1260 954 1280 976 e.
1290 954 1350 985 qua
1357 941 1457 984 fidelis
1471 945 1525 978 vel
1536 945 1753 980 catechumena
1762 954 1887 980 comatos
1897 955 1948 979 aut
1958 951 2041 982 viros
2064 953 2105 979 ci·
2119 931 2192 975 (3³¹3
2208 935 2253 964 ⁶⁷·

1222 998 1356 1027 nerarios
1368 992 1478 1027 habeat
1491 1017 1497 1025 .
1525 992 1582 1028 Est
1593 993 1780 1036 desumptus
1791 1006 1833 1028 ex
1841 996 1959 1034 eodem
1972 997 2105 1032 Tertul-

1223 1043 1333 1083 liano,
1360 1043 1464 1088 quiin
1489 1042 1574 1078 libro
1597 1041 1639 1077 de
1662 1042 1872 1079 foeminarum
1893 1043 1984 1080 cultu
2000 1045 2105 1081 decla-

1222 1091 1342 1129 matad
1365 1103 1481 1129 omnes
1503 1090 1723 1127 Christianas:
1751 1093 1876 1134 Frustra
1896 1093 2039 1129 laborans
2060 1107 2103 1129 or-

1222 1151 1302 1177 natae
1322 1144 1420 1179 videri
1431 1167 1443 1184 ‚
1472 1141 1588 1185 frustra
1602 1143 1785 1186 peritiffimos
1808 1142 1931 1187 quosque
1947 1143 2103 1184 strudores
2117 1159 2189 1197 029,
2208 1168 2235 1195 ⁷·

1220 1194 1405 1235 capillatura
1426 1192 1598 1229 adhibetis.
1630 1193 1674 1230 Et
1689 1193 1793 1229 hosce
1818 1195 1986 1230 structores
2004 1195 2038 1228 in
2061 1195 2107 1229 sev

1221 1243 1381 1279 cundoad
1393 1254 1531 1278 uxorem
1558 1243 1642 1279 libro
1665 1254 1761 1278 vocat
1778 1249 1964 1288 peregrina,
1990 1245 2104 1290 utique

1223 1293 1393 1328 Germanae
1406 1318 1418 1335 ,
1439 1299 1623 1336 proceritatis
1632 1298 1809 1329 cinerarios.
1837 1294 1996 1330 Germani
2019 1303 2101 1331 tunc

1224 1355 1291 1379 non
1304 1354 1434 1381 tantum
1445 1345 1567 1381 comati
1579 1355 1670 1380 erant
1681 1367 1692 1384 ,
1716 1344 1771 1381 sed
1783 1345 1817 1379 &
1831 1345 2008 1388 peritiffitni
2020 1343 2101 1379 cini-

1222 1393 1347 1436 flones,
1386 1394 1444 1438 qui
1470 1395 1632 1431 calefactis
1652 1396 1736 1431 intra
1756 1396 1879 1432 cineres
1911 1393 2101 1430 calamistris

1221 1446 1347 1482 nossent
1361 1444 1462 1488 polire
1473 1446 1578 1480 crines
1591 1469 1602 1485 ,
1627 1447 1661 1480 &
1674 1446 1709 1480 in
1719 1446 1820 1480 cirros
1832 1457 1869 1480 ac
1877 1444 2018 1480 annulos
2027 1444 2100 1482 cris·

1221 1507 1314 1539 pare.
1342 1495 1653 1532 Hinc&Martialis
1671 1495 1796 1531 scribit:
1826 1495 1972 1532 Crinibus.
1994 1501 2027 1532 in
2051 1505 2102 1530 no·

1219 1547 1291 1579 dum
1313 1551 1399 1578 tortis
1423 1557 1531 1581 venere
1548 1546 1692 1582 sicambri
1713 1571 1721 1581 .
1769 1547 1870 1587 Hanc
1891 1557 1994 1582 artem
2018 1544 2101 1581 lucri

1220 1594 1312 1628 causa
1324 1594 1594 1629 circumferebant
1606 1607 1663 1637 per
1672 1606 1773 1630 omne
1786 1593 1977 1633 Romanum
1998 1596 2102 1640 impe·

1219 1643 1331 1679 rium,
1354 1642 1439 1685 apud
1461 1642 1619 1677 delicatos
1641 1654 1679 1678 ac
1701 1641 1855 1679 delicatas
1876 1656 1970 1679 erant
1989 1645 2101 1689 grati,

1219 1689 1564 1725 admittebanturinter
1582 1691 1813 1733 opulentarum
1830 1694 2029 1731 familiarum
2053 1692 2102 1729 of·

1221 1739 1293 1774 ficia
1308 1763 1319 1779 ,
1346 1737 1485 1781 ideoque
1497 1739 1583 1784 ipsos
1594 1740 1784 1775 utimorum
1805 1752 2007 1785 corruptores
2024 1743 2046 1776 ,a
2066 1742 2103 1776 fi-

1219 1789 1342 1825 delium
1356 1812 1366 1829 ,
1392 1790 1426 1826 &
1436 1789 1740 1826 catechumenarum
1752 1791 1925 1826 mulierum
1935 1790 2100 1827 famulitio

1221 1838 1349 1874 laudata
1370 1840 1524 1883 synodus
1549 1841 1746 1884 proscripsit.
1773 1841 1964 1887 Proscripsit
1985 1842 2002 1877 a
2022 1841 2100 1877 solis

1221 1889 1385 1926 foeminis.
1415 1889 1516 1937 Qod
1542 1890 1653 1925 fideles
1675 1891 1763 1927 viros
1786 1890 1845 1927 ista
1877 1893 2001 1926 vanitas
2035 1892 2103 1936 pas·

1220 1941 1279 1976 [ιω
1300 1950 1369 1975 non
1390 1941 1576 1985 occuparit.
1615 1939 1659 1974 Et
1679 1940 1720 1975 ad
1741 1942 2044 1985 quinquagesimum
2056 1942 2102 1978 se·

1221 1992 1269 2035 xti
1292 1990 1399 2025 saeculi
1424 2001 1549 2026 annum
1574 1989 1681 2024 scribit
1703 1990 1833 2033 Martyr
1853 1990 2100 2033 Theophanes:

1219 2043 1239 2076 5
1241 2041 1277 2075 ub
1291 2042 1369 2074 idem
1381 2049 1496 2082 tempus
1501 2052 1574 2085 gens
1583 2039 1704 2083 prorsus
1716 2038 1843 2085 insolens
1856 2050 1945 2083 atque
1954 2046 2100 2084 incognita

1223 2091 1331 2124 abares
1345 2097 1373 2124 ei
1387 2102 1491 2124 nomen
1505 2115 1515 2131 ‚
1541 2090 1819 2134 Constantinopolim
1829 2092 1976 2129 advenit,
2002 2092 2037 2125 ὁ·
2058 2091 2103 2124 ad¹

1220 2144 1284 2181 ejus
1294 2140 1515 2185 spellaculum‚
1543 2142 1622 2184 quod
1631 2139 1775 2183 nusquam
1800 2139 1855 2181 vtfi
1866 2140 1991 2184 futffent
2011 2139 2099 2183 hujus

1217 2191 1326 2234 formae
1338 2189 1484 2230 homines,
1512 2191 1615 2225 cundia
1625 2190 1695 2224 urbs
1706 2190 1744 2231 est
1755 2189 1846 2236 effusa
1863 2216 1869 2223 .
1898 2197 2004 2226 comas
2014 2189 2105 2238 fiqutq

1221 2243 1320 2275 dema
1343 2250 1423 2285 tergo
1444 2243 1545 2285 longas
1566 2241 1748 2282 admodum,
1771 2246 1872 2274 taem'is
1894 2241 2046 2275 revinaas
2066 2243 2106 2276 &-

1222 2293 1371 2334 implexas
1378 2291 1551 2337 gestabant.
1590 2292 1701 2341 Qem
1722 2291 1919 2334 capillatura
1944 2292 2102 2327 nutritum

1219 2343 1253 2377 &
1274 2352 1425 2377 ornatum
1449 2342 1548 2377 etiam
1578 2342 1612 2375 in
1647 2342 1791 2385 antiquis
1826 2339 1973 2384 Cynedis
2007 2351 2104 2378 notat

1221 2390 1424 2426 Christianus
1438 2392 1620 2426 Clementis
1643 2391 1862 2427 Alexandrini
1883 2391 2105 2437 paedagogus,

1220 2443 1253 2476 δε
1267 2443 1468 2486 prosequitur
1482 2454 1488 2475 ς
1517 2446 1571 2476 Ex
1579 2442 1721 2485 gentibus
1734 2442 1853 2484 quidem
1866 2443 1952 2477 Galli
1970 2443 2004 2475 Θ
2023 2441 2105 2481 ἕσιν,
2118 2429 2185 2464 L’3·
2206 2436 2269 2464 03-

1219 2501 1259 2526 tae
1273 2504 1384 2527 comam
1398 2498 1556 2533 nutriunt,
1582 2491 1640 2536 sed
1661 2505 1719 2526 non
1742 2493 1894 2526 immodice*
1918 2493 2027 2525 colunt.
2054 2495 2100 2525 Ee

1220 2543 1348 2577 terribile
1360 2544 1481 2586 quidem
1492 2543 1568 2585 quid
1574 2541 1682 2585 praese
1688 2541 1756 2584 fert
1767 2540 1890 2586 densum
1901 2541 2034 2576 Barbari
2054 2551 2102 2574 ca—

1217 2594 1362 2635 pillitium
1373 2618 1383 2635 ‚
1411 2596 1444 2627 (ar
1457 2592 1554 2631 flavus
1564 2593 1613 2627 ille
1622 2592 1694 2626 color
1705 2593 1812 2628 bellum
1824 2598 1956 2624 minatur
1968 2613 1979 2629 ,
2002 2598 2036 2623 ut
2049 2595 2099 2632 qul

1223 2645 1362 2677 videatur
1374 2649 1568 2688 cognationem
1580 2642 1688 2678 babere
1702 2654 1766 2676 cum
1769 2640 1914 2684 sanguine
1929 2664 1935 2671 .
1964 2639 2007 2674 Et
2019 2638 2099 2672 hinc

1222 2694 1403 2727 deviciorum
1415 2694 1565 2727 Gallorum
1575 2704 1685 2726 comam
1698 2697 1730 2723 in
1739 2723 1741 2725 ,
1741 2689 1899 2733 servitutis
1903 2688 2016 2732 fignum
2020 2686 2101 2732 funs-

1216 2742 1251 2787 se
1264 2742 1442 2787 detonsama
1463 2747 1591 2777 Francis
1612 2738 1783 2775 victoribus
1805 2737 1916 2772 scribit
1940 2737 2102 2773 Humbal·

1204 2782 1299 2827 ‘dus.
1327 2793 1484 2828 Attamen
1497 2790 1626 2834 Schytae
1639 2801 1705 2823 non
1728 2788 1836 2823 aluere
1856 2799 2002 2823 comam.
2042 2787 2100 2823 Et-

1221 2844 1311 2877 enim
1330 2843 1371 2877 dc
1383 2842 1489 2876 nescio
1510 2851 1578 2883 quo
1600 2839 1751 2879 Hunno,
1785 2838 1842 2881 qui
1864 2838 1938 2872 sunt
1955 2838 2100 2874 omnin&

1223 2892 1375 2936 Schytica
1387 2902 1465 2936 gens
1482 2914 1493 2930 ‚
1518 2888 1628 2923 scribit
1654 2887 1784 2924 Rhetor
1802 2887 1837 2922 &
1859 2886 2007 2931 sophista
2028 2887 2102 2921 Pri-

1225 2944 1310 2976 scus:
1339 2945 1419 2974 Erat
1430 2941 1500 2974 hene
1511 2941 1545 2975 ὦ·
1558 2941 1702 2983 eleganter
1715 2937 1835 2978 vestitus
1846 2963 1857 2979 ,
1892 2943 1985 2979 capite
2004 2943 2037 2970 in
2055 2948 2097 2971 ro-

1225 2993 1351 3026 tundum
1373 2990 1452 3034 raso.
1475 2990 1518 3024 Et
1530 2990 1619 3024 addit
1629 2989 1670 3024 de
1684 2989 1793 3024 nescio
1814 3000 1880 3030 quo
1896 2987 2097 3023 Francorum

1229 3043 1338 3086 Rege:
1366 3042 1499 3076 Vidimus
1511 3051 1575 3074 eum
1587 3043 1688 3074 Romae
1698 3064 1709 3080 ,
1732 3039 1820 3081 flava
1829 3049 1929 3078 coma,
1956 3039 1990 3072 Θ
2008 3037 2099 3079 capil-

1225 3093 1263 3125 lis
1268 3100 1392 3134 propter
1403 3090 1571 3133 denfitatem
1592 3093 1626 3124 er
1647 3090 1881 3133 magnitudinem
1891 3085 1981 3131 super
2001 3086 2100 3121 hume·

1226 3154 1273 3176 ros
1284 3141 1376 3183 effufis
1389 3167 1397 3176 .
1427 3142 1469 3175 Er
1482 3142 1522 3175 de
1534 3141 1644 3175 occiso
1653 3151 1707 3183 pet
1730 3137 1980 3184 Burgundiones
2001 3137 2100 3171 Fran-

1228 3204 1341 3226 corum
1363 3193 1455 3236 Rege
1480 3192 1677 3226 Clodomiro
1698 3188 1805 3223 scribit
1818 3188 1954 3231 Agatias
1967 3186 2101 3222 Schola·

1230 3244 1324 3276 sticus
1345 3256 1355 3275 .·
1399 3242 1563 3274 Clodomiro
1582 3240 1663 3274 humi
1676 3242 1796 3281 jacente
1817 3262 1828 3278 ,
1867 3238 2099 3282 Burgundiones
2116 3252 2175 3284 Lib·
2202 3262 2228 3283 ι.

1225 3293 1392 3336 promissam
1410 3290 1499 3334 ipfius
1519 3293 1666 3325 &laxam
1681 3299 1791 3321 comam
1802 3310 1813 3326 ‚
1838 3289 1872 3321 (9⁶
1891 3289 1936 3319 ad
1958 3285 2095 3330 scapulas

1230 3342 1317 3385 usque
1337 3349 1550 3385 pertingentem
1569 3338 1746 3383 conspicati,
1780 3337 1928 3379 confestim
1950 3335 2099 3370 intellexe-

1232 3401 1301 3427 runt
1316 3391 1349 3438 se
1368 3393 1467 3429 ducem
1489 3390 1607 3433 baeifilium
1627 3387 1760 3430 interfeci
1782 3400 1816 3423 e.
1843 3385 1953 3423 Edicit
1973 3382 2099 3468 igtelle-

2014 3443 2049 3468 us
