<?xml version="1.0" encoding="UTF-8"?>
<!DOCTYPE html PUBLIC "-//W3C//DTD XHTML 1.0 Transitional//EN"
    "http://www.w3.org/TR/xhtml1/DTD/xhtml1-transitional.dtd">
<html xmlns="http://www.w3.org/1999/xhtml" xml:lang="en" lang="en">
 <head>
  <title>
</title>
<meta http-equiv="Content-Type" content="text/html;charset=utf-8" />
  <meta name='ocr-system' content='tesseract 3.04.00' />
  <meta name='ocr-capabilities' content='ocr_page ocr_carea ocr_par ocr_line ocrx_word'/>
</head>
<body>
  <div class='ocr_page' id='page_1' title='image "./operaomniastudio04lupuuoft_0107.png"; bbox 0 0 2352 3736; ppageno 0'>
   <div class='ocr_carea' id='block_1_1' title="bbox 33 463 190 501">
    <p class='ocr_par' dir='ltr' id='par_1_1' title="bbox 33 463 190 501">
     <span class='ocr_line' id='line_1_1' title="bbox 33 463 190 501; baseline 0 -7"><span class='ocrx_word' id='word_1_1' title='bbox 33 463 107 494; x_wconf 80' lang='lat' dir='ltr'>Can.</span> <span class='ocrx_word' id='word_1_2' title='bbox 146 470 190 501; x_wconf 82' lang='lat'>14.</span> 
     </span>
    </p>
   </div>
   <div class='ocr_carea' id='block_1_2' title="bbox 31 1290 171 1448">
    <p class='ocr_par' dir='ltr' id='par_1_2' title="bbox 31 1290 171 1448">
     <span class='ocr_line' id='line_1_2' title="bbox 34 1290 146 1322; baseline -0.018 0"><span class='ocrx_word' id='word_1_3' title='bbox 34 1290 92 1322; x_wconf 79' lang='lat' dir='ltr'>Lib.</span> <span class='ocrx_word' id='word_1_4' title='bbox 122 1302 146 1321; x_wconf 84' lang='lat'>1.</span> 
     </span>
     <span class='ocr_line' id='line_1_3' title="bbox 32 1332 162 1366; baseline -0.008 -5"><span class='ocrx_word' id='word_1_5' title='bbox 32 1332 85 1366; x_wconf 74' lang='grc' dir='ltr'>ΕΡ·</span> <span class='ocrx_word' id='word_1_6' title='bbox 114 1341 162 1366; x_wconf 66' lang='lat'>42-</span> 
     </span>
     <span class='ocr_line' id='line_1_4' title="bbox 33 1369 151 1400; baseline -0.017 0"><span class='ocrx_word' id='word_1_7' title='bbox 33 1369 92 1400; x_wconf 71' lang='lat' dir='ltr'>lib.</span> <span class='ocrx_word' id='word_1_8' title='bbox 124 1381 151 1399; x_wconf 86' lang='lat'>2.</span> 
     </span>
     <span class='ocr_line' id='line_1_5' title="bbox 31 1410 171 1448; baseline -0.021 0"><span class='ocrx_word' id='word_1_9' title='bbox 31 1410 81 1448; x_wconf 75' lang='lat' dir='ltr'>Ep·</span> <span class='ocrx_word' id='word_1_10' title='bbox 105 1418 171 1446; x_wconf 69' lang='lat'>1²5·</span> 
     </span>
    </p>
   </div>
   <div class='ocr_carea' id='block_1_3' title="bbox 56 3360 187 3439">
    <p class='ocr_par' dir='ltr' id='par_1_3' title="bbox 56 3360 187 3439">
     <span class='ocr_line' id='line_1_6' title="bbox 56 3360 184 3392; baseline -0.031 0"><span class='ocrx_word' id='word_1_11' title='bbox 56 3360 116 3392; x_wconf 82' lang='lat' dir='ltr'>Lib.</span> <span class='ocrx_word' id='word_1_12' title='bbox 141 3371 184 3391; x_wconf 82' lang='lat' dir='ltr'>lx.</span> 
     </span>
     <span class='ocr_line' id='line_1_7' title="bbox 56 3404 187 3439; baseline -0.015 -9"><span class='ocrx_word' id='word_1_13' title='bbox 56 3404 112 3439; x_wconf 69' lang='lat' dir='ltr'>Ep.</span> <span class='ocrx_word' id='word_1_14' title='bbox 142 3411 187 3429; x_wconf 83' lang='lat'>22.</span> 
     </span>
    </p>
   </div>
   <div class='ocr_carea' id='block_1_4' title="bbox 411 148 1811 210">
    <p class='ocr_par' dir='ltr' id='par_1_4' title="bbox 411 148 1811 210">
     <span class='ocr_line' id='line_1_8' title="bbox 411 148 1811 210; baseline -0.004 -12"><span class='ocrx_word' id='word_1_15' title='bbox 411 167 466 198; x_wconf 76' lang='lat' dir='ltr'>nn</span> <span class='ocrx_word' id='word_1_16' title='bbox 501 153 692 200; x_wconf 62' lang='lat' dir='ltr'>Simomn</span> <span class='ocrx_word' id='word_1_17' title='bbox 727 148 938 210; x_wconf 57' lang='lat' dir='ltr'>camme}</span> <span class='ocrx_word' id='word_1_18' title='bbox 972 167 1022 197; x_wconf 73' lang='grc' dir='ltr'>ετ</span> <span class='ocrx_word' id='word_1_19' title='bbox 1057 164 1194 196; x_wconf 60' lang='lat' dir='ltr'>vanus</span> <span class='ocrx_word' id='word_1_20' title='bbox 1233 164 1294 196; x_wconf 73' lang='lat' dir='ltr'>An</span> <span class='ocrx_word' id='word_1_21' title='bbox 1330 164 1452 196; x_wconf 69' lang='lat' dir='ltr'>11³smu</span> <span class='ocrx_word' id='word_1_22' title='bbox 1486 161 1811 194; x_wconf 70' lang='lat' dir='ltr'>srecrANrmus.</span> 
     </span>
    </p>
   </div>
   <div class='ocr_carea' id='block_1_5' title="bbox 1882 160 1951 206">
    <p class='ocr_par' dir='ltr' id='par_1_5' title="bbox 1882 160 1951 206">
     <span class='ocr_line' id='line_1_9' title="bbox 1882 160 1951 206; baseline 0 0"><span class='ocrx_word' id='word_1_23' title='bbox 1882 160 1951 206; x_wconf 89' lang='lat'>97</span> 
     </span>
    </p>
   </div>
   <div class='ocr_carea' id='block_1_6' title="bbox 210 229 2023 281">
    <p class='ocr_par' dir='ltr' id='par_1_6' title="bbox 210 229 2023 281">
     <span class='ocr_line' id='line_1_10' title="bbox 210 229 2023 281; baseline -0.004 -11"><span class='ocrx_word' id='word_1_24' title='bbox 210 231 672 280; x_wconf 74' lang='lat' dir='ltr'>ejusdegradatisuccefforem</span> <span class='ocrx_word' id='word_1_25' title='bbox 693 234 952 281; x_wconf 89' lang='lat' dir='ltr'>Hedenulphum</span> <span class='ocrx_word' id='word_1_26' title='bbox 973 234 1083 279; x_wconf 84' lang='lat' dir='ltr'>coegit</span> <span class='ocrx_word' id='word_1_27' title='bbox 1132 234 1179 272; x_wconf 71' lang='lat' dir='ltr'>iin</span> <span class='ocrx_word' id='word_1_28' title='bbox 1217 233 1363 277; x_wconf 84' lang='lat' dir='ltr'>Epistola</span> <span class='ocrx_word' id='word_1_29' title='bbox 1387 230 1428 268; x_wconf 85' lang='lat' dir='ltr'>ad</span> <span class='ocrx_word' id='word_1_30' title='bbox 1452 231 1591 277; x_wconf 77' lang='lat' dir='ltr'>ejusdem</span> <span class='ocrx_word' id='word_1_31' title='bbox 1618 231 1799 267; x_wconf 81' lang='lat' dir='ltr'>Provinciae</span> <span class='ocrx_word' id='word_1_32' title='bbox 1824 229 2023 275; x_wconf 82' lang='lat' dir='ltr'>Episcopos.</span> 
     </span>
    </p>
   </div>
   <div class='ocr_carea' id='block_1_7' title="bbox 213 283 1085 380">
    <p class='ocr_par' dir='ltr' id='par_1_7' title="bbox 213 283 1085 380">
     <span class='ocr_line' id='line_1_11' title="bbox 213 283 1081 327; baseline -0.006 -6"><span class='ocrx_word' id='word_1_33' title='bbox 213 283 379 325; x_wconf 75' lang='lat' dir='ltr'>inlitteris</span> <span class='ocrx_word' id='word_1_34' title='bbox 390 285 569 319; x_wconf 71' lang='lat' dir='ltr'>Canonicis</span> <span class='ocrx_word' id='word_1_35' title='bbox 589 285 630 320; x_wconf 87' lang='lat' dir='ltr'>ad</span> <span class='ocrx_word' id='word_1_36' title='bbox 650 286 826 321; x_wconf 88' lang='lat' dir='ltr'>solemnem</span> <span class='ocrx_word' id='word_1_37' title='bbox 847 286 921 320; x_wconf 90' lang='lat' dir='ltr'>vitii</span> <span class='ocrx_word' id='word_1_38' title='bbox 938 284 1081 327; x_wconf 86' lang='lat' dir='ltr'>ejeratio-</span> 
     </span>
     <span class='ocr_line' id='line_1_12' title="bbox 213 334 1085 380; baseline -0.005 -10"><span class='ocrx_word' id='word_1_39' title='bbox 213 345 291 370; x_wconf 83' lang='lat' dir='ltr'>nem</span> <span class='ocrx_word' id='word_1_40' title='bbox 313 359 320 367; x_wconf 87' lang='lat'>.</span> <span class='ocrx_word' id='word_1_41' title='bbox 349 334 478 369; x_wconf 86' lang='lat' dir='ltr'>Eodem</span> <span class='ocrx_word' id='word_1_42' title='bbox 498 344 644 379; x_wconf 89' lang='lat' dir='ltr'>tempore</span> <span class='ocrx_word' id='word_1_43' title='bbox 665 337 750 372; x_wconf 81' lang='lat' dir='ltr'>inter</span> <span class='ocrx_word' id='word_1_44' title='bbox 768 335 922 380; x_wconf 73' lang='lat' dir='ltr'>quosdam</span> <span class='ocrx_word' id='word_1_45' title='bbox 947 334 1085 367; x_wconf 84' lang='lat' dir='ltr'>Franco·</span> 
     </span>
    </p>
   </div>
   <div class='ocr_carea' id='block_1_8' title="bbox 1149 280 2024 376">
    <p class='ocr_par' dir='ltr' id='par_1_8' title="bbox 1149 280 2024 376">
     <span class='ocr_line' id='line_1_13' title="bbox 1149 280 2023 324; baseline -0.003 -7"><span class='ocrx_word' id='word_1_46' title='bbox 1149 283 1259 318; x_wconf 78' lang='lat' dir='ltr'>Etiam</span> <span class='ocrx_word' id='word_1_47' title='bbox 1281 283 1453 317; x_wconf 79' lang='lat' dir='ltr'>Tolosana</span> <span class='ocrx_word' id='word_1_48' title='bbox 1466 283 1579 318; x_wconf 83' lang='lat' dir='ltr'>Caroli</span> <span class='ocrx_word' id='word_1_49' title='bbox 1590 282 1684 317; x_wconf 87' lang='lat' dir='ltr'>Calvi</span> <span class='ocrx_word' id='word_1_50' title='bbox 1697 283 1897 316; x_wconf 83' lang='lat' dir='ltr'>Francorum</span> <span class='ocrx_word' id='word_1_51' title='bbox 1918 280 2023 324; x_wconf 84' lang='lat' dir='ltr'>Regis</span> 
     </span>
     <span class='ocr_line' id='line_1_14' title="bbox 1149 330 2024 376; baseline -0.003 -10"><span class='ocrx_word' id='word_1_52' title='bbox 1149 333 1316 367; x_wconf 83' lang='lat' dir='ltr'>adversum</span> <span class='ocrx_word' id='word_1_53' title='bbox 1329 333 1446 367; x_wconf 83' lang='lat' dir='ltr'>nimias</span> <span class='ocrx_word' id='word_1_54' title='bbox 1466 332 1699 376; x_wconf 85' lang='lat' dir='ltr'>Episcoporum</span> <span class='ocrx_word' id='word_1_55' title='bbox 1721 332 1904 365; x_wconf 72' lang='lat' dir='ltr'>exactiones</span> <span class='ocrx_word' id='word_1_56' title='bbox 1927 330 2024 373; x_wconf 87' lang='lat' dir='ltr'>Capi-</span> 
     </span>
    </p>
   </div>
   <div class='ocr_carea' id='block_1_9' title="bbox 213 379 2027 429">
    <p class='ocr_par' dir='ltr' id='par_1_9' title="bbox 213 379 2027 429">
     <span class='ocr_line' id='line_1_15' title="bbox 213 379 2027 429; baseline -0.003 -10"><span class='ocrx_word' id='word_1_57' title='bbox 213 393 289 424; x_wconf 80' lang='lat' dir='ltr'>rum</span> <span class='ocrx_word' id='word_1_58' title='bbox 312 384 491 429; x_wconf 73' lang='lat' dir='ltr'>Episcopos</span> <span class='ocrx_word' id='word_1_59' title='bbox 511 387 545 420; x_wconf 74' lang='grc' dir='ltr'>δε</span> <span class='ocrx_word' id='word_1_60' title='bbox 567 385 713 421; x_wconf 86' lang='lat' dir='ltr'>Clerieos</span> <span class='ocrx_word' id='word_1_61' title='bbox 737 395 817 419; x_wconf 74' lang='lat' dir='ltr'>nara:</span> <span class='ocrx_word' id='word_1_62' title='bbox 833 384 904 417; x_wconf 87' lang='lat' dir='ltr'>sunt</span> <span class='ocrx_word' id='word_1_63' title='bbox 925 393 1020 417; x_wconf 76' lang='lat' dir='ltr'>tantae</span> <span class='ocrx_word' id='word_1_64' title='bbox 1044 382 1086 416; x_wconf 89' lang='lat' dir='ltr'>de</span> <span class='ocrx_word' id='word_1_65' title='bbox 1152 382 1220 416; x_wconf 83' lang='lat' dir='ltr'>tula</span> <span class='ocrx_word' id='word_1_66' title='bbox 1242 382 1452 426; x_wconf 85' lang='lat' dir='ltr'>permittunt,</span> <span class='ocrx_word' id='word_1_67' title='bbox 1478 392 1514 417; x_wconf 90' lang='lat' dir='ltr'>ut</span> <span class='ocrx_word' id='word_1_68' title='bbox 1535 382 1587 416; x_wconf 86' lang='lat' dir='ltr'>illi</span> <span class='ocrx_word' id='word_1_69' title='bbox 1605 391 1726 416; x_wconf 83' lang='lat' dir='ltr'>certam</span> <span class='ocrx_word' id='word_1_70' title='bbox 1746 382 1928 420; x_wconf 85' lang='lat' dir='ltr'>frumenti,</span> <span class='ocrx_word' id='word_1_71' title='bbox 1954 379 2027 413; x_wconf 86' lang='lat' dir='ltr'>hor·</span> 
     </span>
    </p>
   </div>
   <div class='ocr_carea' id='block_1_10' title="bbox 208 432 1104 2368">
    <p class='ocr_par' dir='ltr' id='par_1_10' title="bbox 208 432 1104 1811">
     <span class='ocr_line' id='line_1_16' title="bbox 212 432 1084 478; baseline -0.002 -10"><span class='ocrx_word' id='word_1_72' title='bbox 212 432 276 468; x_wconf 80' lang='lat' dir='ltr'>hac</span> <span class='ocrx_word' id='word_1_73' title='bbox 292 445 326 468; x_wconf 89' lang='lat' dir='ltr'>re</span> <span class='ocrx_word' id='word_1_74' title='bbox 336 434 590 476; x_wconf 77' lang='lat' dir='ltr'>contentiones,</span> <span class='ocrx_word' id='word_1_75' title='bbox 616 445 653 469; x_wconf 91' lang='lat' dir='ltr'>ut</span> <span class='ocrx_word' id='word_1_76' title='bbox 672 433 707 468; x_wconf 89' lang='lat' dir='ltr'>hi</span> <span class='ocrx_word' id='word_1_77' title='bbox 723 433 766 467; x_wconf 86' lang='lat' dir='ltr'>ad</span> <span class='ocrx_word' id='word_1_78' title='bbox 785 433 914 478; x_wconf 88' lang='lat' dir='ltr'>Regem</span> <span class='ocrx_word' id='word_1_79' title='bbox 926 432 1084 467; x_wconf 87' lang='lat' dir='ltr'>Carolum</span> 
     </span>
     <span class='ocr_line' id='line_1_17' title="bbox 212 482 1088 530; baseline -0.002 -12"><span class='ocrx_word' id='word_1_80' title='bbox 212 482 355 518; x_wconf 78' lang='lat' dir='ltr'>Calvum</span> <span class='ocrx_word' id='word_1_81' title='bbox 367 486 572 530; x_wconf 83' lang='lat' dir='ltr'>provocarint</span> <span class='ocrx_word' id='word_1_82' title='bbox 581 508 593 525; x_wconf 92' lang='lat'>,</span> <span class='ocrx_word' id='word_1_83' title='bbox 604 485 638 518; x_wconf 90' lang='lat'>&amp;</span> <span class='ocrx_word' id='word_1_84' title='bbox 649 483 724 516; x_wconf 89' lang='lat' dir='ltr'>Rex</span> <span class='ocrx_word' id='word_1_85' title='bbox 734 482 871 517; x_wconf 86' lang='lat' dir='ltr'>ediderit</span> <span class='ocrx_word' id='word_1_86' title='bbox 882 484 1006 517; x_wconf 84' lang='lat' dir='ltr'>famosa</span> <span class='ocrx_word' id='word_1_87' title='bbox 1016 482 1088 516; x_wconf 93' lang='lat' dir='ltr'>To-</span> 
     </span>
     <span class='ocr_line' id='line_1_18' title="bbox 211 531 1088 580; baseline -0.001 -13"><span class='ocrx_word' id='word_1_88' title='bbox 211 532 326 569; x_wconf 74' lang='lat' dir='ltr'>{osana</span> <span class='ocrx_word' id='word_1_89' title='bbox 347 535 499 580; x_wconf 80' lang='lat' dir='ltr'>Capitula</span> <span class='ocrx_word' id='word_1_90' title='bbox 517 558 530 575; x_wconf 93' lang='lat'>‚</span> <span class='ocrx_word' id='word_1_91' title='bbox 566 544 637 577; x_wconf 74' lang='lat' dir='ltr'>quae</span> <span class='ocrx_word' id='word_1_92' title='bbox 657 540 760 575; x_wconf 78' lang='lat' dir='ltr'>partes</span> <span class='ocrx_word' id='word_1_93' title='bbox 780 543 1019 576; x_wconf 84' lang='lat' dir='ltr'>componerent</span> <span class='ocrx_word' id='word_1_94' title='bbox 1047 531 1088 566; x_wconf 86' lang='lat' dir='ltr'>ad</span> 
     </span>
     <span class='ocr_line' id='line_1_19' title="bbox 211 581 1087 629; baseline -0.003 -11"><span class='ocrx_word' id='word_1_95' title='bbox 211 593 366 629; x_wconf 56' lang='lat' dir='ltr'>tertuum,</span> <span class='ocrx_word' id='word_1_96' title='bbox 390 581 722 626; x_wconf 72' lang='lat' dir='ltr'>&amp;maloperinterim</span> <span class='ocrx_word' id='word_1_97' title='bbox 743 581 964 625; x_wconf 85' lang='lat' dir='ltr'>providerent.</span> <span class='ocrx_word' id='word_1_98' title='bbox 991 582 1087 617; x_wconf 86' lang='lat' dir='ltr'>Simi-</span> 
     </span>
     <span class='ocr_line' id='line_1_20' title="bbox 213 630 1090 675; baseline -0.003 -7"><span class='ocrx_word' id='word_1_99' title='bbox 213 634 280 668; x_wconf 76' lang='lat' dir='ltr'>lem</span> <span class='ocrx_word' id='word_1_100' title='bbox 293 644 373 669; x_wconf 90' lang='lat' dir='ltr'>tunc</span> <span class='ocrx_word' id='word_1_101' title='bbox 395 633 542 669; x_wconf 73' lang='lat' dir='ltr'>adversus</span> <span class='ocrx_word' id='word_1_102' title='bbox 554 630 730 675; x_wconf 87' lang='lat' dir='ltr'>Episcopos</span> <span class='ocrx_word' id='word_1_103' title='bbox 742 631 917 668; x_wconf 84' lang='lat' dir='ltr'>Canonem</span> <span class='ocrx_word' id='word_1_104' title='bbox 941 632 1045 667; x_wconf 84' lang='lat' dir='ltr'>edidit</span> <span class='ocrx_word' id='word_1_105' title='bbox 1057 632 1090 665; x_wconf 91' lang='lat'>&amp;</span> 
     </span>
     <span class='ocr_line' id='line_1_21' title="bbox 214 680 1089 723; baseline -0.005 -5"><span class='ocrx_word' id='word_1_106' title='bbox 214 685 310 719; x_wconf 72' lang='lat' dir='ltr'>tertia</span> <span class='ocrx_word' id='word_1_107' title='bbox 322 682 495 720; x_wconf 73' lang='lat' dir='ltr'>valentina</span> <span class='ocrx_word' id='word_1_108' title='bbox 506 680 678 723; x_wconf 77' lang='lat' dir='ltr'>synodus,</span> <span class='ocrx_word' id='word_1_109' title='bbox 705 684 841 717; x_wconf 81' lang='lat' dir='ltr'>afferens</span> <span class='ocrx_word' id='word_1_110' title='bbox 865 694 906 716; x_wconf 87' lang='lat' dir='ltr'>ex</span> <span class='ocrx_word' id='word_1_111' title='bbox 927 683 996 716; x_wconf 87' lang='lat' dir='ltr'>istis</span> <span class='ocrx_word' id='word_1_112' title='bbox 1017 693 1089 715; x_wconf 76' lang='lat' dir='ltr'>exa·</span> 
     </span>
     <span class='ocr_line' id='line_1_22' title="bbox 208 730 1090 776; baseline -0.003 -8"><span class='ocrx_word' id='word_1_113' title='bbox 208 733 376 769; x_wconf 57' lang='lat' dir='ltr'>itionibus</span> <span class='ocrx_word' id='word_1_114' title='bbox 385 731 473 766; x_wconf 89' lang='lat' dir='ltr'>nasci</span> <span class='ocrx_word' id='word_1_115' title='bbox 495 732 766 765; x_wconf 86' lang='lat' dir='ltr'>murmurationes</span> <span class='ocrx_word' id='word_1_116' title='bbox 788 731 968 776; x_wconf 78' lang='lat' dir='ltr'>pestiferas,</span> <span class='ocrx_word' id='word_1_117' title='bbox 994 732 1029 765; x_wconf 74' lang='grc' dir='ltr'>δε</span> <span class='ocrx_word' id='word_1_118' title='bbox 1050 730 1090 765; x_wconf 90' lang='lat' dir='ltr'>de</span> 
     </span>
     <span class='ocr_line' id='line_1_23' title="bbox 215 781 1091 829; baseline -0.001 -14"><span class='ocrx_word' id='word_1_119' title='bbox 215 782 386 827; x_wconf 71' lang='lat' dir='ltr'>Episcopis</span> <span class='ocrx_word' id='word_1_120' title='bbox 403 781 619 818; x_wconf 58' lang='lat' dir='ltr'>detractiones</span> <span class='ocrx_word' id='word_1_121' title='bbox 635 806 642 814; x_wconf 96' lang='lat'>.</span> <span class='ocrx_word' id='word_1_122' title='bbox 670 782 798 829; x_wconf 85' lang='lat' dir='ltr'>Qinta</span> <span class='ocrx_word' id='word_1_123' title='bbox 823 782 977 827; x_wconf 86' lang='lat' dir='ltr'>Gregorii</span> <span class='ocrx_word' id='word_1_124' title='bbox 998 782 1091 824; x_wconf 89' lang='lat' dir='ltr'>septi-</span> 
     </span>
     <span class='ocr_line' id='line_1_24' title="bbox 213 830 1090 874; baseline -0.006 -7"><span class='ocrx_word' id='word_1_125' title='bbox 213 833 263 868; x_wconf 85' lang='lat' dir='ltr'>mi</span> <span class='ocrx_word' id='word_1_126' title='bbox 286 831 442 866; x_wconf 83' lang='lat' dir='ltr'>Romana</span> <span class='ocrx_word' id='word_1_127' title='bbox 467 830 620 874; x_wconf 87' lang='lat' dir='ltr'>synodus</span> <span class='ocrx_word' id='word_1_128' title='bbox 647 832 749 866; x_wconf 84' lang='lat' dir='ltr'>emisit</span> <span class='ocrx_word' id='word_1_129' title='bbox 773 830 863 866; x_wconf 84' lang='lat' dir='ltr'>hunc</span> <span class='ocrx_word' id='word_1_130' title='bbox 889 833 1061 866; x_wconf 88' lang='lat' dir='ltr'>Canonem</span> <span class='ocrx_word' id='word_1_131' title='bbox 1083 843 1090 862; x_wconf 91' lang='lat'>:</span> 
     </span>
     <span class='ocr_line' id='line_1_25' title="bbox 212 880 1089 925; baseline -0.003 -10"><span class='ocrx_word' id='word_1_132' title='bbox 212 882 328 915; x_wconf 80' lang='lat' dir='ltr'>Nullus</span> <span class='ocrx_word' id='word_1_133' title='bbox 339 880 506 924; x_wconf 50' lang='lat' dir='ltr'>Epi-[iopas</span> <span class='ocrx_word' id='word_1_134' title='bbox 510 891 679 924; x_wconf 83' lang='lat' dir='ltr'>gravamen</span> <span class='ocrx_word' id='word_1_135' title='bbox 688 906 699 922; x_wconf 92' lang='lat'>‚</span> <span class='ocrx_word' id='word_1_136' title='bbox 707 880 760 924; x_wconf 85' lang='lat' dir='ltr'>seu</span> <span class='ocrx_word' id='word_1_137' title='bbox 765 881 876 925; x_wconf 77' lang='lat' dir='ltr'>servile</span> <span class='ocrx_word' id='word_1_138' title='bbox 883 880 1044 925; x_wconf 76' lang='lat' dir='ltr'>servitium</span> <span class='ocrx_word' id='word_1_139' title='bbox 1053 892 1089 913; x_wconf 89' lang='lat' dir='ltr'>ex</span> 
     </span>
     <span class='ocr_line' id='line_1_26' title="bbox 209 928 1094 974; baseline -0.001 -9"><span class='ocrx_word' id='word_1_140' title='bbox 209 928 264 973; x_wconf 70' lang='lat' dir='ltr'>ufic</span> <span class='ocrx_word' id='word_1_141' title='bbox 274 938 375 964; x_wconf 84' lang='lat' dir='ltr'>contra</span> <span class='ocrx_word' id='word_1_142' title='bbox 384 928 605 971; x_wconf 68' lang='lat' dir='ltr'>Ecclqlt&#39;asticam</span> <span class='ocrx_word' id='word_1_143' title='bbox 617 942 749 964; x_wconf 84' lang='lat' dir='ltr'>normam</span> <span class='ocrx_word' id='word_1_144' title='bbox 774 931 940 965; x_wconf 76' lang='lat' dir='ltr'>Abbatibus</span> <span class='ocrx_word' id='word_1_145' title='bbox 951 929 1005 974; x_wconf 84' lang='lat' dir='ltr'>seu</span> <span class='ocrx_word' id='word_1_146' title='bbox 1027 932 1094 964; x_wconf 83' lang='lat' dir='ltr'>cle·</span> 
     </span>
     <span class='ocr_line' id='line_1_27' title="bbox 211 979 1092 1025; baseline -0.001 -10"><span class='ocrx_word' id='word_1_147' title='bbox 211 979 358 1023; x_wconf 66' lang='lat' dir='ltr'>vicis-suis</span> <span class='ocrx_word' id='word_1_148' title='bbox 368 986 503 1023; x_wconf 84' lang='lat' dir='ltr'>imponat</span> <span class='ocrx_word' id='word_1_149' title='bbox 515 1005 523 1013; x_wconf 91' lang='lat'><strong>.</strong></span> <span class='ocrx_word' id='word_1_150' title='bbox 549 980 752 1016; x_wconf 80' lang='lat' dir='ltr'>Lariffenum</span> <span class='ocrx_word' id='word_1_151' title='bbox 764 981 798 1014; x_wconf 89' lang='lat' dir='ltr'>in</span> <span class='ocrx_word' id='word_1_152' title='bbox 811 981 945 1025; x_wconf 87' lang='lat' dir='ltr'>Illyrico</span> <span class='ocrx_word' id='word_1_153' title='bbox 958 979 1092 1016; x_wconf 90' lang='lat' dir='ltr'>Archie-</span> 
     </span>
     <span class='ocr_line' id='line_1_28' title="bbox 211 1030 1092 1074; baseline 0 -11"><span class='ocrx_word' id='word_1_154' title='bbox 211 1030 385 1074; x_wconf 84' lang='lat' dir='ltr'>piscopum</span> <span class='ocrx_word' id='word_1_155' title='bbox 395 1055 406 1072; x_wconf 91' lang='lat'>,</span> <span class='ocrx_word' id='word_1_156' title='bbox 433 1030 570 1064; x_wconf 90' lang='lat' dir='ltr'>subditis</span> <span class='ocrx_word' id='word_1_157' title='bbox 582 1030 754 1074; x_wconf 86' lang='lat' dir='ltr'>Episcopis</span> <span class='ocrx_word' id='word_1_158' title='bbox 767 1031 800 1065; x_wconf 85' lang='lat'>&amp;</span> <span class='ocrx_word' id='word_1_159' title='bbox 810 1031 1024 1066; x_wconf 87' lang='lat' dir='ltr'>Monasteriis</span> <span class='ocrx_word' id='word_1_160' title='bbox 1037 1042 1092 1074; x_wconf 89' lang='lat' dir='ltr'>per</span> 
     </span>
     <span class='ocr_line' id='line_1_29' title="bbox 212 1079 1093 1125; baseline -0.002 -9"><span class='ocrx_word' id='word_1_161' title='bbox 212 1079 376 1116; x_wconf 80' lang='lat' dir='ltr'>indebitas</span> <span class='ocrx_word' id='word_1_162' title='bbox 389 1081 577 1117; x_wconf 67' lang='lat' dir='ltr'>exafflones</span> <span class='ocrx_word' id='word_1_163' title='bbox 588 1081 760 1115; x_wconf 85' lang='lat' dir='ltr'>molestum</span> <span class='ocrx_word' id='word_1_164' title='bbox 774 1091 869 1125; x_wconf 81' lang='lat' dir='ltr'>atque</span> <span class='ocrx_word' id='word_1_165' title='bbox 880 1082 1093 1124; x_wconf 71' lang='lat' dir='ltr'>injuriosum,</span> 
     </span>
     <span class='ocr_line' id='line_1_30' title="bbox 211 1128 1104 1177; baseline -0.001 -12"><span class='ocrx_word' id='word_1_166' title='bbox 211 1140 271 1177; x_wconf 68' lang='lat' dir='ltr'>per</span> <span class='ocrx_word' id='word_1_167' title='bbox 282 1128 617 1174; x_wconf 85' lang='lat' dir='ltr'>Thermopolitanum</span> <span class='ocrx_word' id='word_1_168' title='bbox 628 1131 661 1164; x_wconf 88' lang='lat'>&amp;</span> <span class='ocrx_word' id='word_1_169' title='bbox 673 1131 892 1165; x_wconf 78' lang='lat' dir='ltr'>sardicensem</span> <span class='ocrx_word' id='word_1_170' title='bbox 914 1131 1104 1175; x_wconf 82' lang='lat' dir='ltr'>Episcopos·</span> 
     </span>
     <span class='ocr_line' id='line_1_31' title="bbox 213 1180 1093 1223; baseline 0.001 -10"><span class='ocrx_word' id='word_1_171' title='bbox 213 1181 379 1223; x_wconf 79' lang='lat' dir='ltr'>compesci</span> <span class='ocrx_word' id='word_1_172' title='bbox 390 1180 474 1221; x_wconf 77' lang='lat' dir='ltr'>jussit</span> <span class='ocrx_word' id='word_1_173' title='bbox 487 1180 701 1214; x_wconf 87' lang='lat' dir='ltr'>Innocentius</span> <span class='ocrx_word' id='word_1_174' title='bbox 724 1181 853 1215; x_wconf 88' lang='lat' dir='ltr'>tertius.</span> <span class='ocrx_word' id='word_1_175' title='bbox 882 1180 1093 1223; x_wconf 85' lang='lat' dir='ltr'>Compescuit</span> 
     </span>
     <span class='ocr_line' id='line_1_32' title="bbox 214 1226 1092 1273; baseline 0 -11"><span class='ocrx_word' id='word_1_176' title='bbox 214 1226 447 1264; x_wconf 79' lang='lat' dir='ltr'>&amp;Amadeum</span> <span class='ocrx_word' id='word_1_177' title='bbox 475 1229 765 1273; x_wconf 86' lang='lat' dir='ltr'>Archiepiscopum</span> <span class='ocrx_word' id='word_1_178' title='bbox 793 1231 1092 1273; x_wconf 89' lang='lat' dir='ltr'>Byzuntinensem,</span> 
     </span>
     <span class='ocr_line' id='line_1_33' title="bbox 215 1279 1094 1323; baseline -0.001 -12"><span class='ocrx_word' id='word_1_179' title='bbox 215 1289 273 1321; x_wconf 80' lang='lat' dir='ltr'>per</span> <span class='ocrx_word' id='word_1_180' title='bbox 283 1279 374 1322; x_wconf 81' lang='lat' dir='ltr'>cujus</span> <span class='ocrx_word' id='word_1_181' title='bbox 386 1282 476 1323; x_wconf 57' lang='lat' dir='ltr'>‚iuges</span> <span class='ocrx_word' id='word_1_182' title='bbox 488 1279 654 1312; x_wconf 71' lang='lat' dir='ltr'>exalliones</span> <span class='ocrx_word' id='word_1_183' title='bbox 667 1282 739 1312; x_wconf 64' lang='lat' dir='ltr'>adeo</span> <span class='ocrx_word' id='word_1_184' title='bbox 760 1280 922 1319; x_wconf 78' lang='lat' dir='ltr'>Presbyteri</span> <span class='ocrx_word' id='word_1_185' title='bbox 937 1282 971 1314; x_wconf 68' lang='lat'>&lt;5</span> <span class='ocrx_word' id='word_1_186' title='bbox 990 1281 1094 1313; x_wconf 83' lang='lat' dir='ltr'>Clerici</span> 
     </span>
     <span class='ocr_line' id='line_1_34' title="bbox 214 1327 1096 1373; baseline -0.002 -10"><span class='ocrx_word' id='word_1_187' title='bbox 214 1327 488 1373; x_wconf 60' lang='lat' dir='ltr'>defatigabamur,</span> <span class='ocrx_word' id='word_1_188' title='bbox 513 1339 547 1363; x_wconf 86' lang='lat' dir='ltr'>ut</span> <span class='ocrx_word' id='word_1_189' title='bbox 563 1340 646 1363; x_wconf 82' lang='lat' dir='ltr'>onere</span> <span class='ocrx_word' id='word_1_190' title='bbox 661 1336 853 1371; x_wconf 78' lang='lat' dir='ltr'>paupertatis</span> <span class='ocrx_word' id='word_1_191' title='bbox 866 1331 981 1372; x_wconf 85' lang='lat' dir='ltr'>depreffi</span> <span class='ocrx_word' id='word_1_192' title='bbox 990 1355 1000 1371; x_wconf 93' lang='lat'>,</span> <span class='ocrx_word' id='word_1_193' title='bbox 1029 1338 1096 1362; x_wconf 81' lang='lat' dir='ltr'>tan-</span> 
     </span>
     <span class='ocr_line' id='line_1_35' title="bbox 213 1378 1093 1422; baseline 0 -11"><span class='ocrx_word' id='word_1_194' title='bbox 213 1389 308 1421; x_wconf 82' lang='lat' dir='ltr'>quam</span> <span class='ocrx_word' id='word_1_195' title='bbox 326 1378 442 1419; x_wconf 69' lang='lat' dir='ltr'>rusticI,</span> <span class='ocrx_word' id='word_1_196' title='bbox 472 1380 574 1412; x_wconf 81' lang='lat' dir='ltr'>viliter</span> <span class='ocrx_word' id='word_1_197' title='bbox 596 1385 630 1411; x_wconf 82' lang='lat' dir='ltr'>in</span> <span class='ocrx_word' id='word_1_198' title='bbox 655 1385 845 1422; x_wconf 78' lang='lat' dir='ltr'>ignominiam</span> <span class='ocrx_word' id='word_1_199' title='bbox 867 1379 1022 1420; x_wconf 70' lang='lat' dir='ltr'>honestatis</span> <span class='ocrx_word' id='word_1_200' title='bbox 1034 1382 1093 1411; x_wconf 88' lang='lat' dir='ltr'>Ec-</span> 
     </span>
     <span class='ocr_line' id='line_1_36' title="bbox 214 1427 1093 1470; baseline 0.001 -9"><span class='ocrx_word' id='word_1_201' title='bbox 214 1427 372 1469; x_wconf 73' lang='lat' dir='ltr'>cless‘asticae</span> <span class='ocrx_word' id='word_1_202' title='bbox 383 1430 513 1463; x_wconf 76' lang='lat' dir='ltr'>incedere</span> <span class='ocrx_word' id='word_1_203' title='bbox 524 1430 757 1470; x_wconf 81' lang='lat' dir='ltr'>compellerentur</span> <span class='ocrx_word' id='word_1_204' title='bbox 768 1453 775 1461; x_wconf 96' lang='lat'><strong><em>.</em></strong></span> <span class='ocrx_word' id='word_1_205' title='bbox 802 1429 998 1462; x_wconf 89' lang='lat' dir='ltr'>Mauritium</span> <span class='ocrx_word' id='word_1_206' title='bbox 1013 1429 1093 1463; x_wconf 87' lang='lat' dir='ltr'>item</span> 
     </span>
     <span class='ocr_line' id='line_1_37' title="bbox 215 1475 1091 1521; baseline 0.001 -11"><span class='ocrx_word' id='word_1_207' title='bbox 215 1475 451 1512; x_wconf 70' lang='lat' dir='ltr'>Pistavieusem</span> <span class='ocrx_word' id='word_1_208' title='bbox 463 1478 682 1520; x_wconf 89' lang='lat' dir='ltr'>Episcopum,</span> <span class='ocrx_word' id='word_1_209' title='bbox 711 1479 766 1521; x_wconf 91' lang='lat' dir='ltr'>qui</span> <span class='ocrx_word' id='word_1_210' title='bbox 789 1478 824 1511; x_wconf 90' lang='lat' dir='ltr'>in</span> <span class='ocrx_word' id='word_1_211' title='bbox 846 1479 919 1511; x_wconf 88' lang='lat' dir='ltr'>suos</span> <span class='ocrx_word' id='word_1_212' title='bbox 944 1478 1091 1512; x_wconf 84' lang='lat' dir='ltr'>Clericos</span> 
     </span>
     <span class='ocr_line' id='line_1_38' title="bbox 212 1526 1092 1569; baseline 0 -9"><span class='ocrx_word' id='word_1_213' title='bbox 212 1526 376 1561; x_wconf 74' lang='lat' dir='ltr'>existebat</span> <span class='ocrx_word' id='word_1_214' title='bbox 395 1528 506 1564; x_wconf 70' lang='lat' dir='ltr'>auster</span> <span class='ocrx_word' id='word_1_215' title='bbox 525 1538 685 1561; x_wconf 88' lang='lat' dir='ltr'>novarum</span> <span class='ocrx_word' id='word_1_216' title='bbox 704 1527 855 1569; x_wconf 89' lang='lat' dir='ltr'>quotidie</span> <span class='ocrx_word' id='word_1_217' title='bbox 863 1529 1073 1562; x_wconf 71' lang='lat' dir='ltr'>exastionum</span> <span class='ocrx_word' id='word_1_218' title='bbox 1085 1552 1092 1560; x_wconf 96' lang='lat'>.</span> 
     </span>
     <span class='ocr_line' id='line_1_39' title="bbox 214 1575 1094 1621; baseline 0 -11"><span class='ocrx_word' id='word_1_219' title='bbox 214 1575 385 1611; x_wconf 82' lang='lat' dir='ltr'>Executus</span> <span class='ocrx_word' id='word_1_220' title='bbox 402 1576 449 1611; x_wconf 88' lang='lat' dir='ltr'>est</span> <span class='ocrx_word' id='word_1_221' title='bbox 470 1577 719 1612; x_wconf 82' lang='lat' dir='ltr'>Lateranensem</span> <span class='ocrx_word' id='word_1_222' title='bbox 742 1577 916 1612; x_wconf 86' lang='lat' dir='ltr'>Canonem</span> <span class='ocrx_word' id='word_1_223' title='bbox 927 1601 939 1618; x_wconf 95' lang='lat'>‚</span> <span class='ocrx_word' id='word_1_224' title='bbox 967 1588 1034 1621; x_wconf 89' lang='lat' dir='ltr'>quo</span> <span class='ocrx_word' id='word_1_225' title='bbox 1046 1578 1094 1610; x_wconf 90' lang='lat' dir='ltr'>in-</span> 
     </span>
     <span class='ocr_line' id='line_1_40' title="bbox 213 1624 1094 1662; baseline 0 -1"><span class='ocrx_word' id='word_1_226' title='bbox 213 1624 343 1661; x_wconf 80' lang='lat' dir='ltr'>debitas</span> <span class='ocrx_word' id='word_1_227' title='bbox 361 1625 541 1660; x_wconf 69' lang='lat' dir='ltr'>exactiones</span> <span class='ocrx_word' id='word_1_228' title='bbox 563 1636 618 1660; x_wconf 91' lang='lat' dir='ltr'>aut</span> <span class='ocrx_word' id='word_1_229' title='bbox 641 1626 745 1661; x_wconf 80' lang='lat' dir='ltr'>tallias</span> <span class='ocrx_word' id='word_1_230' title='bbox 767 1626 903 1661; x_wconf 88' lang='lat' dir='ltr'>Clericis</span> <span class='ocrx_word' id='word_1_231' title='bbox 930 1638 967 1662; x_wconf 88' lang='lat' dir='ltr'>ac</span> <span class='ocrx_word' id='word_1_232' title='bbox 994 1627 1094 1661; x_wconf 84' lang='lat' dir='ltr'>Paro-</span> 
     </span>
     <span class='ocr_line' id='line_1_41' title="bbox 214 1673 1094 1720; baseline 0.003 -12"><span class='ocrx_word' id='word_1_233' title='bbox 214 1673 377 1712; x_wconf 79' lang='lat' dir='ltr'>chialibus</span> <span class='ocrx_word' id='word_1_234' title='bbox 399 1675 547 1710; x_wconf 86' lang='lat' dir='ltr'>Ecclesiis</span> <span class='ocrx_word' id='word_1_235' title='bbox 567 1676 608 1710; x_wconf 87' lang='lat' dir='ltr'>de</span> <span class='ocrx_word' id='word_1_236' title='bbox 630 1687 719 1710; x_wconf 91' lang='lat' dir='ltr'>novo</span> <span class='ocrx_word' id='word_1_237' title='bbox 739 1677 864 1720; x_wconf 89' lang='lat' dir='ltr'>imponi</span> <span class='ocrx_word' id='word_1_238' title='bbox 888 1702 899 1717; x_wconf 93' lang='lat'>,</span> <span class='ocrx_word' id='word_1_239' title='bbox 926 1686 981 1710; x_wconf 86' lang='lat' dir='ltr'>aut</span> <span class='ocrx_word' id='word_1_240' title='bbox 1007 1686 1094 1711; x_wconf 89' lang='lat' dir='ltr'>vete-</span> 
     </span>
     <span class='ocr_line' id='line_1_42' title="bbox 213 1726 1093 1771; baseline 0 -11"><span class='ocrx_word' id='word_1_241' title='bbox 213 1735 265 1760; x_wconf 80' lang='lat' dir='ltr'>res</span> <span class='ocrx_word' id='word_1_242' title='bbox 283 1726 397 1760; x_wconf 89' lang='lat' dir='ltr'>census</span> <span class='ocrx_word' id='word_1_243' title='bbox 418 1726 530 1771; x_wconf 82' lang='lat' dir='ltr'>augeri</span> <span class='ocrx_word' id='word_1_244' title='bbox 550 1736 606 1770; x_wconf 87' lang='lat' dir='ltr'>per</span> <span class='ocrx_word' id='word_1_245' title='bbox 626 1726 805 1771; x_wconf 89' lang='lat' dir='ltr'>Episcopos</span> <span class='ocrx_word' id='word_1_246' title='bbox 824 1727 993 1763; x_wconf 86' lang='lat' dir='ltr'>interdixit</span> <span class='ocrx_word' id='word_1_247' title='bbox 1016 1727 1093 1761; x_wconf 85' lang='lat' dir='ltr'>Ale-</span> 
     </span>
     <span class='ocr_line' id='line_1_43' title="bbox 213 1772 488 1811; baseline -0.004 -1"><span class='ocrx_word' id='word_1_248' title='bbox 213 1772 339 1811; x_wconf 71' lang='lat' dir='ltr'>xander</span> <span class='ocrx_word' id='word_1_249' title='bbox 358 1777 488 1811; x_wconf 88' lang='lat' dir='ltr'>tertius.</span> 
     </span>
    </p>

    <p class='ocr_par' dir='ltr' id='par_1_11' title="bbox 212 1826 1097 2368">
     <span class='ocr_line' id='line_1_44' title="bbox 267 1826 1094 1870; baseline 0.001 -11"><span class='ocrx_word' id='word_1_250' title='bbox 267 1826 392 1860; x_wconf 89' lang='lat' dir='ltr'>Omnia</span> <span class='ocrx_word' id='word_1_251' title='bbox 404 1826 603 1870; x_wconf 88' lang='lat' dir='ltr'>Episcopalis</span> <span class='ocrx_word' id='word_1_252' title='bbox 614 1827 770 1862; x_wconf 85' lang='lat' dir='ltr'>Dioecesis</span> <span class='ocrx_word' id='word_1_253' title='bbox 791 1826 876 1862; x_wconf 90' lang='lat' dir='ltr'>bona</span> <span class='ocrx_word' id='word_1_254' title='bbox 899 1828 980 1862; x_wconf 89' lang='lat' dir='ltr'>olim</span> <span class='ocrx_word' id='word_1_255' title='bbox 1002 1836 1094 1862; x_wconf 84' lang='lat' dir='ltr'>erant</span> 
     </span>
     <span class='ocr_line' id='line_1_45' title="bbox 214 1875 1095 1922; baseline 0.001 -13"><span class='ocrx_word' id='word_1_256' title='bbox 214 1884 283 1909; x_wconf 82' lang='lat' dir='ltr'>una</span> <span class='ocrx_word' id='word_1_257' title='bbox 307 1878 423 1916; x_wconf 76' lang='lat' dir='ltr'>massa,</span> <span class='ocrx_word' id='word_1_258' title='bbox 448 1875 624 1911; x_wconf 87' lang='lat' dir='ltr'>dividenda</span> <span class='ocrx_word' id='word_1_259' title='bbox 635 1879 719 1921; x_wconf 87' lang='lat' dir='ltr'>apud</span> <span class='ocrx_word' id='word_1_260' title='bbox 729 1879 941 1922; x_wconf 90' lang='lat' dir='ltr'>plerosquein</span> <span class='ocrx_word' id='word_1_261' title='bbox 954 1885 1095 1920; x_wconf 86' lang='lat' dir='ltr'>quatuor</span> 
     </span>
     <span class='ocr_line' id='line_1_46' title="bbox 214 1926 1093 1972; baseline 0 -12"><span class='ocrx_word' id='word_1_262' title='bbox 214 1926 385 1969; x_wconf 72' lang='lat' dir='ltr'>portiones</span> <span class='ocrx_word' id='word_1_263' title='bbox 406 1928 563 1969; x_wconf 68' lang='lat' dir='ltr'>aequales,</span> <span class='ocrx_word' id='word_1_264' title='bbox 589 1938 724 1971; x_wconf 88' lang='lat' dir='ltr'>quarum</span> <span class='ocrx_word' id='word_1_265' title='bbox 747 1937 857 1972; x_wconf 86' lang='lat' dir='ltr'>quarta</span> <span class='ocrx_word' id='word_1_266' title='bbox 869 1940 932 1962; x_wconf 84' lang='lat' dir='ltr'>una</span> <span class='ocrx_word' id='word_1_267' title='bbox 958 1926 1093 1962; x_wconf 85' lang='lat' dir='ltr'>cedebat</span> 
     </span>
     <span class='ocr_line' id='line_1_47' title="bbox 212 1975 1095 2019; baseline 0.002 -11"><span class='ocrx_word' id='word_1_268' title='bbox 212 1975 404 2019; x_wconf 80' lang='lat' dir='ltr'>Episcopo,</span> <span class='ocrx_word' id='word_1_269' title='bbox 430 1976 472 2010; x_wconf 91' lang='lat' dir='ltr'>de</span> <span class='ocrx_word' id='word_1_270' title='bbox 497 1987 560 2018; x_wconf 90' lang='lat' dir='ltr'>qua</span> <span class='ocrx_word' id='word_1_271' title='bbox 587 1978 622 2011; x_wconf 89' lang='lat' dir='ltr'>in</span> <span class='ocrx_word' id='word_1_272' title='bbox 650 1978 832 2012; x_wconf 84' lang='lat' dir='ltr'>Canonicis</span> <span class='ocrx_word' id='word_1_273' title='bbox 857 1979 897 2012; x_wconf 87' lang='lat' dir='ltr'>ad</span> <span class='ocrx_word' id='word_1_274' title='bbox 925 1976 1095 2011; x_wconf 90' lang='lat' dir='ltr'>Hedenul-</span> 
     </span>
     <span class='ocr_line' id='line_1_48' title="bbox 213 2023 1095 2070; baseline 0.002 -11"><span class='ocrx_word' id='word_1_275' title='bbox 213 2023 320 2069; x_wconf 74' lang='lat' dir='ltr'>phum</span> <span class='ocrx_word' id='word_1_276' title='bbox 357 2025 608 2061; x_wconf 86' lang='lat' dir='ltr'>Laudunensem</span> <span class='ocrx_word' id='word_1_277' title='bbox 650 2028 848 2070; x_wconf 88' lang='lat' dir='ltr'>Episcopum</span> <span class='ocrx_word' id='word_1_278' title='bbox 876 2028 990 2061; x_wconf 90' lang='lat' dir='ltr'>litteris</span> <span class='ocrx_word' id='word_1_279' title='bbox 1013 2027 1095 2061; x_wconf 72' lang='lat' dir='ltr'>reste</span> 
     </span>
     <span class='ocr_line' id='line_1_49' title="bbox 215 2075 1093 2120; baseline 0 -12"><span class='ocrx_word' id='word_1_280' title='bbox 215 2075 418 2109; x_wconf 87' lang='lat' dir='ltr'>Hincmarus</span> <span class='ocrx_word' id='word_1_281' title='bbox 455 2075 670 2119; x_wconf 85' lang='lat' dir='ltr'>Metropolita</span> <span class='ocrx_word' id='word_1_282' title='bbox 708 2077 875 2112; x_wconf 88' lang='lat' dir='ltr'>Remensis</span> <span class='ocrx_word' id='word_1_283' title='bbox 897 2090 904 2108; x_wconf 93' lang='lat'>:</span> <span class='ocrx_word' id='word_1_284' title='bbox 931 2078 1093 2120; x_wconf 84' lang='lat' dir='ltr'>Regulam,</span> 
     </span>
     <span class='ocr_line' id='line_1_50' title="bbox 215 2126 1094 2169; baseline 0 -10"><span class='ocrx_word' id='word_1_285' title='bbox 215 2136 284 2167; x_wconf 81' lang='lat' dir='ltr'>quae</span> <span class='ocrx_word' id='word_1_286' title='bbox 310 2127 347 2158; x_wconf 82' lang='lat' dir='ltr'>de</span> <span class='ocrx_word' id='word_1_287' title='bbox 359 2134 469 2168; x_wconf 87' lang='lat' dir='ltr'>quarta</span> <span class='ocrx_word' id='word_1_288' title='bbox 473 2134 562 2168; x_wconf 85' lang='lat' dir='ltr'>parte</span> <span class='ocrx_word' id='word_1_289' title='bbox 573 2128 721 2160; x_wconf 77' lang='lat' dir='ltr'>redituum</span> <span class='ocrx_word' id='word_1_290' title='bbox 735 2126 889 2169; x_wconf 82' lang='lat' dir='ltr'>Ecclefiae,</span> <span class='ocrx_word' id='word_1_291' title='bbox 911 2129 1011 2169; x_wconf 81' lang='lat' dir='ltr'>juxta</span> <span class='ocrx_word' id='word_1_292' title='bbox 1033 2137 1094 2160; x_wconf 87' lang='lat' dir='ltr'>con-</span> 
     </span>
     <span class='ocr_line' id='line_1_51' title="bbox 215 2173 1097 2220; baseline 0 -12"><span class='ocrx_word' id='word_1_293' title='bbox 215 2173 396 2218; x_wconf 73' lang='lat' dir='ltr'>suetudinem</span> <span class='ocrx_word' id='word_1_294' title='bbox 417 2176 546 2209; x_wconf 79' lang='lat' dir='ltr'>altarum</span> <span class='ocrx_word' id='word_1_295' title='bbox 557 2180 716 2220; x_wconf 72' lang='lat' dir='ltr'>Regionum</span> <span class='ocrx_word' id='word_1_296' title='bbox 726 2182 773 2210; x_wconf 81' lang='lat' dir='ltr'>ita</span> <span class='ocrx_word' id='word_1_297' title='bbox 783 2186 816 2210; x_wconf 84' lang='lat' dir='ltr'>ut</span> <span class='ocrx_word' id='word_1_298' title='bbox 829 2177 867 2217; x_wconf 86' lang='lat' dir='ltr'>est</span> <span class='ocrx_word' id='word_1_299' title='bbox 872 2174 986 2220; x_wconf 82' lang='lat' dir='ltr'>scripta</span> <span class='ocrx_word' id='word_1_300' title='bbox 1012 2177 1097 2209; x_wconf 84' lang='lat' dir='ltr'>intel-</span> 
     </span>
     <span class='ocr_line' id='line_1_52' title="bbox 216 2224 1097 2269; baseline -0.002 -10"><span class='ocrx_word' id='word_1_301' title='bbox 216 2225 292 2267; x_wconf 78' lang='lat' dir='ltr'>ligat</span> <span class='ocrx_word' id='word_1_302' title='bbox 302 2224 489 2268; x_wconf 72' lang='lat' dir='ltr'>Episcopus,</span> <span class='ocrx_word' id='word_1_303' title='bbox 515 2228 549 2260; x_wconf 64' lang='grc' dir='ltr'>Θ·</span> <span class='ocrx_word' id='word_1_304' title='bbox 565 2239 622 2259; x_wconf 90' lang='lat' dir='ltr'>non</span> <span class='ocrx_word' id='word_1_305' title='bbox 640 2229 740 2269; x_wconf 59' lang='lat' dir='ltr'>pravo²</span> <span class='ocrx_word' id='word_1_306' title='bbox 764 2228 849 2261; x_wconf 85' lang='lat' dir='ltr'>illam</span> <span class='ocrx_word' id='word_1_307' title='bbox 871 2234 1097 2268; x_wconf 79' lang='lat' dir='ltr'>interpretans,</span> 
     </span>
     <span class='ocr_line' id='line_1_53' title="bbox 213 2275 1096 2320; baseline 0.002 -14"><span class='ocrx_word' id='word_1_308' title='bbox 213 2275 341 2315; x_wconf 75' lang='lat' dir='ltr'>perinde</span> <span class='ocrx_word' id='word_1_309' title='bbox 364 2281 395 2307; x_wconf 85' lang='lat' dir='ltr'>in</span> <span class='ocrx_word' id='word_1_310' title='bbox 417 2275 464 2308; x_wconf 85' lang='lat' dir='ltr'>his</span> <span class='ocrx_word' id='word_1_311' title='bbox 484 2277 660 2319; x_wconf 79' lang='lat' dir='ltr'>Regionibus</span> <span class='ocrx_word' id='word_1_312' title='bbox 684 2288 748 2318; x_wconf 85' lang='lat' dir='ltr'>quae</span> <span class='ocrx_word' id='word_1_313' title='bbox 764 2276 838 2320; x_wconf 84' lang='lat' dir='ltr'>sunt</span> <span class='ocrx_word' id='word_1_314' title='bbox 862 2277 1096 2314; x_wconf 83' lang='lat' dir='ltr'>Presbyterorum</span> 
     </span>
     <span class='ocr_line' id='line_1_54' title="bbox 216 2321 1095 2368; baseline 0.003 -12"><span class='ocrx_word' id='word_1_315' title='bbox 216 2331 317 2357; x_wconf 84' lang='lat' dir='ltr'>contra</span> <span class='ocrx_word' id='word_1_316' title='bbox 332 2321 436 2365; x_wconf 86' lang='lat' dir='ltr'>sacras</span> <span class='ocrx_word' id='word_1_317' title='bbox 460 2327 590 2368; x_wconf 75' lang='lat' dir='ltr'>Regulus</span> <span class='ocrx_word' id='word_1_318' title='bbox 608 2328 753 2367; x_wconf 77' lang='lat' dir='ltr'>diripiat.</span> <span class='ocrx_word' id='word_1_319' title='bbox 783 2326 883 2360; x_wconf 67' lang='lat' dir='ltr'>Reste</span> <span class='ocrx_word' id='word_1_320' title='bbox 911 2326 1095 2366; x_wconf 83' lang='lat' dir='ltr'>inlitteris‚</span> 
     </span>
    </p>
   </div>
   <div class='ocr_carea' id='block_1_11' title="bbox 146 2373 1095 2418">
    <p class='ocr_par' dir='ltr' id='par_1_12' title="bbox 146 2373 1095 2418">
     <span class='ocr_line' id='line_1_55' title="bbox 146 2373 1095 2418; baseline 0.004 -13"><span class='ocrx_word' id='word_1_321' title='bbox 146 2381 151 2387; x_wconf 90' lang='lat'><em>·</em></span> <span class='ocrx_word' id='word_1_322' title='bbox 215 2373 302 2416; x_wconf 78' lang='lat' dir='ltr'>apud</span> <span class='ocrx_word' id='word_1_323' title='bbox 323 2374 507 2418; x_wconf 84' lang='lat' dir='ltr'>Gregorum</span> <span class='ocrx_word' id='word_1_324' title='bbox 519 2386 646 2408; x_wconf 88' lang='lat' dir='ltr'>nonum</span> <span class='ocrx_word' id='word_1_325' title='bbox 666 2375 864 2409; x_wconf 81' lang='lat' dir='ltr'>exstantibus</span> <span class='ocrx_word' id='word_1_326' title='bbox 876 2399 886 2415; x_wconf 93' lang='lat'>,</span> <span class='ocrx_word' id='word_1_327' title='bbox 913 2376 954 2409; x_wconf 90' lang='lat' dir='ltr'>ad</span> <span class='ocrx_word' id='word_1_328' title='bbox 981 2375 1095 2410; x_wconf 80' lang='lat' dir='ltr'>Caesar-</span> 
     </span>
    </p>
   </div>
   <div class='ocr_carea' id='block_1_12' title="bbox 214 2421 1096 2566">
    <p class='ocr_par' dir='ltr' id='par_1_13' title="bbox 214 2421 1096 2566">
     <span class='ocr_line' id='line_1_56' title="bbox 216 2421 1095 2469; baseline 0.005 -14"><span class='ocrx_word' id='word_1_329' title='bbox 216 2421 452 2467; x_wconf 81' lang='lat' dir='ltr'>Augustanum</span> <span class='ocrx_word' id='word_1_330' title='bbox 464 2425 660 2469; x_wconf 87' lang='lat' dir='ltr'>Episcopum</span> <span class='ocrx_word' id='word_1_331' title='bbox 673 2424 780 2459; x_wconf 83' lang='lat' dir='ltr'>scribit</span> <span class='ocrx_word' id='word_1_332' title='bbox 802 2426 1013 2461; x_wconf 81' lang='lat' dir='ltr'>Innocentius</span> <span class='ocrx_word' id='word_1_333' title='bbox 1035 2435 1095 2460; x_wconf 86' lang='lat' dir='ltr'>ter-</span> 
     </span>
     <span class='ocr_line' id='line_1_57' title="bbox 214 2473 1096 2519; baseline 0.003 -13"><span class='ocrx_word' id='word_1_334' title='bbox 214 2473 279 2506; x_wconf 80' lang='lat' dir='ltr'>tius</span> <span class='ocrx_word' id='word_1_335' title='bbox 290 2482 399 2516; x_wconf 83' lang='lat' dir='ltr'>praeter</span> <span class='ocrx_word' id='word_1_336' title='bbox 409 2473 605 2508; x_wconf 76' lang='lat' dir='ltr'>decimarum</span> <span class='ocrx_word' id='word_1_337' title='bbox 617 2486 763 2518; x_wconf 86' lang='lat' dir='ltr'>quartam</span> <span class='ocrx_word' id='word_1_338' title='bbox 785 2476 948 2519; x_wconf 89' lang='lat' dir='ltr'>Episcopo</span> <span class='ocrx_word' id='word_1_339' title='bbox 968 2475 1030 2510; x_wconf 82' lang='lat' dir='ltr'>alia</span> <span class='ocrx_word' id='word_1_340' title='bbox 1048 2475 1096 2509; x_wconf 92' lang='lat' dir='ltr'>in-</span> 
     </span>
     <span class='ocr_line' id='line_1_58' title="bbox 215 2522 1095 2566; baseline 0.002 -9"><span class='ocrx_word' id='word_1_341' title='bbox 215 2522 386 2566; x_wconf 80' lang='lat' dir='ltr'>superjura</span> <span class='ocrx_word' id='word_1_342' title='bbox 411 2522 688 2558; x_wconf 54' lang='lat' dir='ltr'>&amp;Parochialibus</span> <span class='ocrx_word' id='word_1_343' title='bbox 712 2525 863 2559; x_wconf 86' lang='lat' dir='ltr'>Ecclesiis</span> <span class='ocrx_word' id='word_1_344' title='bbox 875 2525 1002 2560; x_wconf 82' lang='lat' dir='ltr'>deberi.</span> <span class='ocrx_word' id='word_1_345' title='bbox 1030 2526 1095 2559; x_wconf 88' lang='lat' dir='ltr'>De-</span> 
     </span>
    </p>
   </div>
   <div class='ocr_carea' id='block_1_13' title="bbox 112 2562 1096 2614">
    <p class='ocr_par' dir='ltr' id='par_1_14' title="bbox 112 2562 1096 2614">
     <span class='ocr_line' id='line_1_59' title="bbox 112 2562 1096 2614; baseline 0.001 -7"><span class='ocrx_word' id='word_1_346' title='bbox 112 2570 120 2581; x_wconf 89' lang='lat'>&#39;</span> <span class='ocrx_word' id='word_1_347' title='bbox 144 2562 170 2581; x_wconf 83' lang='lat'>²&#39;</span> <span class='ocrx_word' id='word_1_348' title='bbox 216 2572 312 2607; x_wconf 88' lang='lat' dir='ltr'>betur</span> <span class='ocrx_word' id='word_1_349' title='bbox 334 2573 424 2607; x_wconf 89' lang='lat' dir='ltr'>enim</span> <span class='ocrx_word' id='word_1_350' title='bbox 447 2573 494 2607; x_wconf 89' lang='lat' dir='ltr'>eis</span> <span class='ocrx_word' id='word_1_351' title='bbox 522 2572 790 2608; x_wconf 88' lang='lat' dir='ltr'>Cathedatricum</span> <span class='ocrx_word' id='word_1_352' title='bbox 813 2597 823 2614; x_wconf 88' lang='lat'>‚</span> <span class='ocrx_word' id='word_1_353' title='bbox 848 2577 903 2609; x_wconf 91' lang='lat' dir='ltr'>seu</span> <span class='ocrx_word' id='word_1_354' title='bbox 927 2573 1096 2610; x_wconf 83' lang='lat' dir='ltr'>Cathedrae</span> 
     </span>
    </p>
   </div>
   <div class='ocr_carea' id='block_1_14' title="bbox 199 2620 1106 3409">
    <p class='ocr_par' dir='ltr' id='par_1_15' title="bbox 199 2620 1106 3409">
     <span class='ocr_line' id='line_1_60' title="bbox 218 2620 1094 2667; baseline 0.005 -13"><span class='ocrx_word' id='word_1_355' title='bbox 218 2620 346 2663; x_wconf 85' lang='lat' dir='ltr'>honor,</span> <span class='ocrx_word' id='word_1_356' title='bbox 371 2623 412 2656; x_wconf 89' lang='lat' dir='ltr'>de</span> <span class='ocrx_word' id='word_1_357' title='bbox 423 2634 489 2667; x_wconf 92' lang='lat' dir='ltr'>quo</span> <span class='ocrx_word' id='word_1_358' title='bbox 513 2622 651 2659; x_wconf 85' lang='lat' dir='ltr'>secunda</span> <span class='ocrx_word' id='word_1_359' title='bbox 678 2624 831 2667; x_wconf 84' lang='lat' dir='ltr'>Synodus</span> <span class='ocrx_word' id='word_1_360' title='bbox 852 2624 1094 2659; x_wconf 83' lang='lat' dir='ltr'>Bracharensis:</span> 
     </span>
     <span class='ocr_line' id='line_1_61' title="bbox 224 2671 1096 2718; baseline 0.008 -17"><span class='ocrx_word' id='word_1_361' title='bbox 224 2673 331 2703; x_wconf 85' lang='lat' dir='ltr'>Nullus</span> <span class='ocrx_word' id='word_1_362' title='bbox 347 2671 552 2715; x_wconf 72' lang='lat' dir='ltr'>Epise‘oporum</span> <span class='ocrx_word' id='word_1_363' title='bbox 564 2700 574 2715; x_wconf 92' lang='lat'>,</span> <span class='ocrx_word' id='word_1_364' title='bbox 599 2686 664 2707; x_wconf 90' lang='lat' dir='ltr'>cum</span> <span class='ocrx_word' id='word_1_365' title='bbox 672 2683 726 2716; x_wconf 86' lang='lat' dir='ltr'>per</span> <span class='ocrx_word' id='word_1_366' title='bbox 739 2673 880 2718; x_wconf 71' lang='lat' dir='ltr'>Dioeceses</span> <span class='ocrx_word' id='word_1_367' title='bbox 897 2674 970 2718; x_wconf 77' lang='lat' dir='ltr'>suas</span> <span class='ocrx_word' id='word_1_368' title='bbox 996 2675 1096 2708; x_wconf 84' lang='lat' dir='ltr'>ambu-</span> 
     </span>
     <span class='ocr_line' id='line_1_62' title="bbox 226 2718 1094 2766; baseline 0.005 -12"><span class='ocrx_word' id='word_1_369' title='bbox 226 2718 311 2758; x_wconf 82' lang='lat' dir='ltr'>lant,</span> <span class='ocrx_word' id='word_1_370' title='bbox 332 2729 441 2761; x_wconf 66' lang='lat' dir='ltr'>prater</span> <span class='ocrx_word' id='word_1_371' title='bbox 451 2722 585 2757; x_wconf 80' lang='lat' dir='ltr'>honorem</span> <span class='ocrx_word' id='word_1_372' title='bbox 606 2723 859 2766; x_wconf 80' lang='lat' dir='ltr'>Cathedraesuae‚</span> <span class='ocrx_word' id='word_1_373' title='bbox 885 2727 920 2758; x_wconf 85' lang='lat' dir='ltr'>id</span> <span class='ocrx_word' id='word_1_374' title='bbox 939 2725 998 2766; x_wconf 84' lang='lat' dir='ltr'>est,</span> <span class='ocrx_word' id='word_1_375' title='bbox 1022 2727 1094 2758; x_wconf 83' lang='lat' dir='ltr'>duos</span> 
     </span>
     <span class='ocr_line' id='line_1_63' title="bbox 222 2765 1094 2822; baseline 0.011 -23"><span class='ocrx_word' id='word_1_376' title='bbox 222 2765 328 2822; x_wconf 53' lang='lat' dir='ltr'>solidor</span> <span class='ocrx_word' id='word_1_377' title='bbox 343 2791 353 2807; x_wconf 94' lang='lat'>,</span> <span class='ocrx_word' id='word_1_378' title='bbox 377 2772 487 2812; x_wconf 75' lang='lat' dir='ltr'>aliquid</span> <span class='ocrx_word' id='word_1_379' title='bbox 495 2775 580 2807; x_wconf 86' lang='lat' dir='ltr'>aliud</span> <span class='ocrx_word' id='word_1_380' title='bbox 593 2783 647 2817; x_wconf 87' lang='lat' dir='ltr'>per</span> <span class='ocrx_word' id='word_1_381' title='bbox 672 2774 812 2817; x_wconf 70' lang='lat' dir='ltr'>Ecclefias</span> <span class='ocrx_word' id='word_1_382' title='bbox 838 2776 960 2808; x_wconf 86' lang='lat' dir='ltr'>tollant.</span> <span class='ocrx_word' id='word_1_383' title='bbox 987 2776 1094 2809; x_wconf 85' lang='lat' dir='ltr'>Addit</span> 
     </span>
     <span class='ocr_line' id='line_1_64' title="bbox 225 2815 1096 2872; baseline 0.011 -23"><span class='ocrx_word' id='word_1_384' title='bbox 225 2815 267 2849; x_wconf 87' lang='lat' dir='ltr'>ab</span> <span class='ocrx_word' id='word_1_385' title='bbox 278 2827 324 2872; x_wconf 59' lang='lat' dir='ltr'>ers</span> <span class='ocrx_word' id='word_1_386' title='bbox 336 2816 408 2851; x_wconf 89' lang='lat' dir='ltr'>tolli</span> <span class='ocrx_word' id='word_1_387' title='bbox 421 2831 484 2854; x_wconf 89' lang='lat' dir='ltr'>non</span> <span class='ocrx_word' id='word_1_388' title='bbox 497 2825 582 2866; x_wconf 67' lang='lat' dir='ltr'>posse</span> <span class='ocrx_word' id='word_1_389' title='bbox 592 2825 720 2859; x_wconf 83' lang='lat' dir='ltr'>tertiam</span> <span class='ocrx_word' id='word_1_390' title='bbox 732 2850 744 2866; x_wconf 91' lang='lat'>,</span> <span class='ocrx_word' id='word_1_391' title='bbox 767 2837 866 2869; x_wconf 88' lang='lat' dir='ltr'>quam</span> <span class='ocrx_word' id='word_1_392' title='bbox 879 2825 1024 2861; x_wconf 67' lang='lat' dir='ltr'>Ecclesiae</span> <span class='ocrx_word' id='word_1_393' title='bbox 1036 2826 1096 2861; x_wconf 84' lang='lat' dir='ltr'>Pa-</span> 
     </span>
     <span class='ocr_line' id='line_1_65' title="bbox 225 2864 1094 2924; baseline 0.013 -26"><span class='ocrx_word' id='word_1_394' title='bbox 225 2864 381 2901; x_wconf 80' lang='lat' dir='ltr'>rochialis</span> <span class='ocrx_word' id='word_1_395' title='bbox 406 2865 613 2924; x_wconf 71' lang='lat' dir='ltr'>luminaribus</span> <span class='ocrx_word' id='word_1_396' title='bbox 633 2876 790 2919; x_wconf 76' lang='lat' dir='ltr'>assignat,</span> <span class='ocrx_word' id='word_1_397' title='bbox 818 2886 937 2919; x_wconf 86' lang='lat' dir='ltr'>partem</span> <span class='ocrx_word' id='word_1_398' title='bbox 959 2876 1094 2910; x_wconf 79' lang='lat' dir='ltr'>oblatio·</span> 
     </span>
     <span class='ocr_line' id='line_1_66' title="bbox 225 2916 1095 2968; baseline 0.01 -18"><span class='ocrx_word' id='word_1_399' title='bbox 225 2926 327 2950; x_wconf 85' lang='lat' dir='ltr'>num.</span> <span class='ocrx_word' id='word_1_400' title='bbox 356 2916 458 2963; x_wconf 85' lang='lat' dir='ltr'>Qod</span> <span class='ocrx_word' id='word_1_401' title='bbox 473 2920 573 2960; x_wconf 81' lang='lat' dir='ltr'>ipsum</span> <span class='ocrx_word' id='word_1_402' title='bbox 590 2926 762 2960; x_wconf 84' lang='lat' dir='ltr'>confirmat</span> <span class='ocrx_word' id='word_1_403' title='bbox 783 2926 919 2968; x_wconf 84' lang='lat' dir='ltr'>septima</span> <span class='ocrx_word' id='word_1_404' title='bbox 941 2926 1095 2968; x_wconf 88' lang='lat' dir='ltr'>Synodus</span> 
     </span>
     <span class='ocr_line' id='line_1_67' title="bbox 226 2965 1095 3018; baseline 0.009 -18"><span class='ocrx_word' id='word_1_405' title='bbox 226 2965 394 3000; x_wconf 88' lang='lat' dir='ltr'>Toletana</span> <span class='ocrx_word' id='word_1_406' title='bbox 407 2990 414 2997; x_wconf 91' lang='lat'><strong>.</strong></span> <span class='ocrx_word' id='word_1_407' title='bbox 437 2966 546 3002; x_wconf 87' lang='lat' dir='ltr'>Verba</span> <span class='ocrx_word' id='word_1_408' title='bbox 557 2967 621 3004; x_wconf 80' lang='lat' dir='ltr'>haec</span> <span class='ocrx_word' id='word_1_409' title='bbox 633 2997 643 3012; x_wconf 91' lang='lat'>,</span> <span class='ocrx_word' id='word_1_410' title='bbox 653 2978 729 3008; x_wconf 84' lang='lat' dir='ltr'>Cum</span> <span class='ocrx_word' id='word_1_411' title='bbox 734 2984 789 3018; x_wconf 84' lang='lat' dir='ltr'>per</span> <span class='ocrx_word' id='word_1_412' title='bbox 802 2974 1024 3018; x_wconf 61' lang='lat' dir='ltr'>Dioecefiissuas</span> <span class='ocrx_word' id='word_1_413' title='bbox 1035 2987 1095 3008; x_wconf 87' lang='lat' dir='ltr'>am-</span> 
     </span>
     <span class='ocr_line' id='line_1_68' title="bbox 199 3014 1095 3061; baseline 0.013 -15"><span class='ocrx_word' id='word_1_414' title='bbox 199 3033 211 3050; x_wconf 72' lang='lat'><em>.</em></span> <span class='ocrx_word' id='word_1_415' title='bbox 229 3014 339 3048; x_wconf 78' lang='lat' dir='ltr'>butant</span> <span class='ocrx_word' id='word_1_416' title='bbox 351 3039 362 3056; x_wconf 89' lang='lat'>‚</span> <span class='ocrx_word' id='word_1_417' title='bbox 388 3027 593 3061; x_wconf 87' lang='lat' dir='ltr'>nequaquam</span> <span class='ocrx_word' id='word_1_418' title='bbox 607 3021 718 3057; x_wconf 86' lang='lat' dir='ltr'>volunt</span> <span class='ocrx_word' id='word_1_419' title='bbox 729 3025 810 3059; x_wconf 89' lang='lat' dir='ltr'>duos</span> <span class='ocrx_word' id='word_1_420' title='bbox 822 3025 898 3059; x_wconf 86' lang='lat' dir='ltr'>istos</span> <span class='ocrx_word' id='word_1_421' title='bbox 910 3026 1033 3060; x_wconf 87' lang='lat' dir='ltr'>solidos</span> <span class='ocrx_word' id='word_1_422' title='bbox 1054 3026 1095 3058; x_wconf 91' lang='lat' dir='ltr'>es-</span> 
     </span>
     <span class='ocr_line' id='line_1_69' title="bbox 229 3065 1095 3110; baseline 0.013 -12"><span class='ocrx_word' id='word_1_423' title='bbox 229 3065 264 3099; x_wconf 86' lang='lat' dir='ltr'>se</span> <span class='ocrx_word' id='word_1_424' title='bbox 276 3065 564 3110; x_wconf 83' lang='lat' dir='ltr'>vifitationisjura.</span> <span class='ocrx_word' id='word_1_425' title='bbox 591 3068 724 3104; x_wconf 87' lang='lat' dir='ltr'>Etenim</span> <span class='ocrx_word' id='word_1_426' title='bbox 747 3074 914 3109; x_wconf 79' lang='lat' dir='ltr'>Cathedrae</span> <span class='ocrx_word' id='word_1_427' title='bbox 934 3075 1095 3110; x_wconf 77' lang='lat' dir='ltr'>honorem</span> 
     </span>
     <span class='ocr_line' id='line_1_70' title="bbox 230 3113 1106 3170; baseline 0.014 -23"><span class='ocrx_word' id='word_1_428' title='bbox 230 3113 357 3148; x_wconf 83' lang='lat' dir='ltr'>laudata</span> <span class='ocrx_word' id='word_1_429' title='bbox 379 3115 547 3151; x_wconf 88' lang='lat' dir='ltr'>Toletana</span> <span class='ocrx_word' id='word_1_430' title='bbox 565 3118 717 3161; x_wconf 85' lang='lat' dir='ltr'>Synodus</span> <span class='ocrx_word' id='word_1_431' title='bbox 740 3120 759 3153; x_wconf 69' lang='grc' dir='ltr'>ὲ</span> <span class='ocrx_word' id='word_1_432' title='bbox 773 3123 965 3160; x_wconf 74' lang='lat' dir='ltr'>visitationis</span> <span class='ocrx_word' id='word_1_433' title='bbox 984 3137 1106 3170; x_wconf 81' lang='lat' dir='ltr'>procu-.</span> 
     </span>
     <span class='ocr_line' id='line_1_71' title="bbox 230 3164 1099 3211; baseline 0.012 -12"><span class='ocrx_word' id='word_1_434' title='bbox 230 3164 360 3199; x_wconf 80' lang='lat' dir='ltr'>ratione</span> <span class='ocrx_word' id='word_1_435' title='bbox 367 3164 469 3207; x_wconf 83' lang='lat' dir='ltr'>palam</span> <span class='ocrx_word' id='word_1_436' title='bbox 480 3166 652 3211; x_wconf 88' lang='lat' dir='ltr'>distinguit</span> <span class='ocrx_word' id='word_1_437' title='bbox 667 3194 673 3201; x_wconf 94' lang='lat'><strong>.</strong></span> <span class='ocrx_word' id='word_1_438' title='bbox 702 3169 883 3207; x_wconf 84' lang='lat' dir='ltr'>Dumtaxat</span> <span class='ocrx_word' id='word_1_439' title='bbox 894 3175 1009 3209; x_wconf 92' lang='lat' dir='ltr'>volunt</span> <span class='ocrx_word' id='word_1_440' title='bbox 1022 3176 1099 3209; x_wconf 84' lang='lat' dir='ltr'>issos</span> 
     </span>
     <span class='ocr_line' id='line_1_72' title="bbox 229 3213 1100 3267; baseline 0.013 -20"><span class='ocrx_word' id='word_1_441' title='bbox 229 3213 353 3248; x_wconf 76' lang='lat' dir='ltr'>solidos</span> <span class='ocrx_word' id='word_1_442' title='bbox 375 3214 409 3247; x_wconf 91' lang='lat' dir='ltr'>in</span> <span class='ocrx_word' id='word_1_443' title='bbox 433 3216 613 3252; x_wconf 79' lang='lat' dir='ltr'>visitatione</span> <span class='ocrx_word' id='word_1_444' title='bbox 635 3219 831 3253; x_wconf 74' lang='lat' dir='ltr'>consuevisse</span> <span class='ocrx_word' id='word_1_445' title='bbox 851 3223 940 3267; x_wconf 84' lang='lat' dir='ltr'>exigi</span> <span class='ocrx_word' id='word_1_446' title='bbox 959 3248 966 3255; x_wconf 90' lang='lat'><strong>.</strong></span> <span class='ocrx_word' id='word_1_447' title='bbox 992 3225 1100 3258; x_wconf 89' lang='lat' dir='ltr'>Solius</span> 
     </span>
     <span class='ocr_line' id='line_1_73' title="bbox 229 3262 1100 3308; baseline 0.013 -12"><span class='ocrx_word' id='word_1_448' title='bbox 229 3262 402 3307; x_wconf 69' lang='lat' dir='ltr'>Hispaniae</span> <span class='ocrx_word' id='word_1_449' title='bbox 413 3275 480 3298; x_wconf 87' lang='lat' dir='ltr'>non</span> <span class='ocrx_word' id='word_1_450' title='bbox 491 3267 553 3304; x_wconf 77' lang='lat' dir='ltr'>fuit</span> <span class='ocrx_word' id='word_1_451' title='bbox 570 3267 628 3301; x_wconf 85' lang='lat' dir='ltr'>ista</span> <span class='ocrx_word' id='word_1_452' title='bbox 642 3269 710 3301; x_wconf 73' lang='lat' dir='ltr'>leX.</span> <span class='ocrx_word' id='word_1_453' title='bbox 738 3269 833 3303; x_wconf 86' lang='lat' dir='ltr'>Duos</span> <span class='ocrx_word' id='word_1_454' title='bbox 845 3272 934 3306; x_wconf 86' lang='lat' dir='ltr'>enim</span> <span class='ocrx_word' id='word_1_455' title='bbox 955 3272 1031 3308; x_wconf 81' lang='lat' dir='ltr'>istos</span> <span class='ocrx_word' id='word_1_456' title='bbox 1053 3274 1100 3307; x_wconf 90' lang='lat' dir='ltr'>so·</span> 
     </span>
     <span class='ocr_line' id='line_1_74' title="bbox 228 3313 1102 3362; baseline 0.011 -16"><span class='ocrx_word' id='word_1_457' title='bbox 228 3313 337 3354; x_wconf 88' lang='lat' dir='ltr'>lidos,</span> <span class='ocrx_word' id='word_1_458' title='bbox 364 3313 629 3351; x_wconf 87' lang='lat' dir='ltr'>uticommunetn</span> <span class='ocrx_word' id='word_1_459' title='bbox 654 3317 804 3353; x_wconf 84' lang='lat' dir='ltr'>Ecclefiae</span> <span class='ocrx_word' id='word_1_460' title='bbox 827 3320 1020 3362; x_wconf 89' lang='lat' dir='ltr'>Canonem,</span> <span class='ocrx_word' id='word_1_461' title='bbox 1045 3321 1102 3357; x_wconf 89' lang='lat' dir='ltr'>Pe-</span> 
     </span>
     <span class='ocr_line' id='line_1_75' title="bbox 228 3362 1103 3409; baseline 0.009 -11"><span class='ocrx_word' id='word_1_462' title='bbox 228 3363 334 3409; x_wconf 83' lang='lat' dir='ltr'>lagius</span> <span class='ocrx_word' id='word_1_463' title='bbox 345 3362 501 3398; x_wconf 88' lang='lat' dir='ltr'>secundus</span> <span class='ocrx_word' id='word_1_464' title='bbox 515 3365 548 3398; x_wconf 92' lang='lat' dir='ltr'>in</span> <span class='ocrx_word' id='word_1_465' title='bbox 561 3366 675 3400; x_wconf 88' lang='lat' dir='ltr'>litteris</span> <span class='ocrx_word' id='word_1_466' title='bbox 687 3368 726 3401; x_wconf 87' lang='lat' dir='ltr'>ad</span> <span class='ocrx_word' id='word_1_467' title='bbox 752 3368 964 3404; x_wconf 87' lang='lat' dir='ltr'>Cresconium</span> <span class='ocrx_word' id='word_1_468' title='bbox 987 3371 1103 3406; x_wconf 81' lang='lat' dir='ltr'>Sicilia:</span> 
     </span>
    </p>
   </div>
   <div class='ocr_carea' id='block_1_15' title="bbox 230 3412 1116 3468">
    <p class='ocr_par' dir='ltr' id='par_1_16' title="bbox 230 3412 1116 3468">
     <span class='ocr_line' id='line_1_76' title="bbox 230 3412 1116 3468; baseline 0.011 -22"><span class='ocrx_word' id='word_1_469' title='bbox 230 3412 403 3450; x_wconf 62' lang='lat' dir='ltr'>Restorem</span> <span class='ocrx_word' id='word_1_470' title='bbox 427 3414 542 3458; x_wconf 90' lang='lat' dir='ltr'>probat</span> <span class='ocrx_word' id='word_1_471' title='bbox 563 3441 574 3457; x_wconf 94' lang='lat'>,</span> <span class='ocrx_word' id='word_1_472' title='bbox 600 3415 742 3462; x_wconf 84' lang='lat' dir='ltr'>itemque</span> <span class='ocrx_word' id='word_1_473' title='bbox 759 3418 905 3464; x_wconf 83' lang='lat' dir='ltr'>Magnus</span> <span class='ocrx_word' id='word_1_474' title='bbox 928 3420 1116 3468; x_wconf 43' lang='lat' dir='ltr'>Gregorius</span> 
     </span>
    </p>
   </div>
   <div class='ocr_carea' id='block_1_16' title="bbox 334 3463 772 3508">
    <p class='ocr_par' dir='ltr' id='par_1_17' title="bbox 334 3463 772 3508">
     <span class='ocr_line' id='line_1_77' title="bbox 334 3463 772 3508; baseline 0.011 -11"><span class='ocrx_word' id='word_1_475' title='bbox 334 3463 438 3504; x_wconf 75' lang='lat' dir='ltr'>Christ.</span> <span class='ocrx_word' id='word_1_476' title='bbox 452 3468 532 3508; x_wconf 82' lang='lat' dir='ltr'>Lupi</span> <span class='ocrx_word' id='word_1_477' title='bbox 543 3470 630 3508; x_wconf 79' lang='lat' dir='ltr'>Oper.</span> <span class='ocrx_word' id='word_1_478' title='bbox 642 3470 772 3502; x_wconf 84' lang='lat' dir='ltr'>Tom.1V.</span> 
     </span>
    </p>
   </div>
   <div class='ocr_carea' id='block_1_17' title="bbox 1140 551 1147 653">
    <p class='ocr_par' dir='ltr' id='par_1_18' title="bbox 1140 551 1147 653">
     <span class='ocr_line' id='line_1_78' title="bbox 1140 551 1147 653; baseline 0 3083"><span class='ocrx_word' id='word_1_479' title='bbox 1140 551 1147 653; x_wconf 95' lang='lat' dir='ltr'> </span> 
     </span>
    </p>
   </div>
   <div class='ocr_carea' id='block_1_18' title="bbox 1153 428 2028 527">
    <p class='ocr_par' dir='ltr' id='par_1_19' title="bbox 1153 428 2028 527">
     <span class='ocr_line' id='line_1_79' title="bbox 1153 428 2028 478; baseline -0.002 -13"><span class='ocrx_word' id='word_1_480' title='bbox 1153 431 1216 471; x_wconf 83' lang='lat' dir='ltr'>dei,</span> <span class='ocrx_word' id='word_1_481' title='bbox 1225 433 1259 466; x_wconf 88' lang='lat'>&amp;</span> <span class='ocrx_word' id='word_1_482' title='bbox 1271 431 1341 466; x_wconf 86' lang='lat' dir='ltr'>vini</span> <span class='ocrx_word' id='word_1_483' title='bbox 1351 434 1544 473; x_wconf 85' lang='lat' dir='ltr'>mensuram,</span> <span class='ocrx_word' id='word_1_484' title='bbox 1555 433 1651 467; x_wconf 82' lang='lat' dir='ltr'>&amp;sex</span> <span class='ocrx_word' id='word_1_485' title='bbox 1663 430 1868 478; x_wconf 72' lang='lat' dir='ltr'>denariorum</span> <span class='ocrx_word' id='word_1_486' title='bbox 1878 428 2028 464; x_wconf 81' lang='lat' dir='ltr'>Friskin-</span> 
     </span>
     <span class='ocr_line' id='line_1_80' title="bbox 1153 478 2027 527; baseline -0.006 -11"><span class='ocrx_word' id='word_1_487' title='bbox 1153 494 1229 527; x_wconf 83' lang='lat' dir='ltr'>gam</span> <span class='ocrx_word' id='word_1_488' title='bbox 1239 482 1401 525; x_wconf 83' lang='lat' dir='ltr'>accipiant</span> <span class='ocrx_word' id='word_1_489' title='bbox 1420 482 1439 515; x_wconf 73' lang='grc' dir='ltr'>ὲ</span> <span class='ocrx_word' id='word_1_490' title='bbox 1453 483 1565 525; x_wconf 78' lang='lat' dir='ltr'>quavis</span> <span class='ocrx_word' id='word_1_491' title='bbox 1577 480 1758 520; x_wconf 71' lang='lat' dir='ltr'>parochia,</span> <span class='ocrx_word' id='word_1_492' title='bbox 1780 478 2006 522; x_wconf 82' lang='lat' dir='ltr'>&amp;adjungunt</span> <span class='ocrx_word' id='word_1_493' title='bbox 2017 491 2027 511; x_wconf 71' lang='grc' dir='ltr'>ι</span> 
     </span>
    </p>
   </div>
   <div class='ocr_carea' id='block_1_19' title="bbox 1154 527 2169 574">
    <p class='ocr_par' dir='ltr' id='par_1_20' title="bbox 1154 527 2169 574">
     <span class='ocr_line' id='line_1_81' title="bbox 1154 527 2169 574; baseline -0.007 -9"><span class='ocrx_word' id='word_1_494' title='bbox 1154 534 1184 566; x_wconf 83' lang='lat' dir='ltr'>Si</span> <span class='ocrx_word' id='word_1_495' title='bbox 1196 531 1258 566; x_wconf 78' lang='lat' dir='ltr'>haec</span> <span class='ocrx_word' id='word_1_496' title='bbox 1269 544 1325 566; x_wconf 90' lang='lat' dir='ltr'>non</span> <span class='ocrx_word' id='word_1_497' title='bbox 1336 538 1501 574; x_wconf 80' lang='lat' dir='ltr'>accipiunt,</span> <span class='ocrx_word' id='word_1_498' title='bbox 1525 537 1671 573; x_wconf 73' lang='lat' dir='ltr'>accipiant</span> <span class='ocrx_word' id='word_1_499' title='bbox 1682 555 1693 571; x_wconf 89' lang='lat'>,</span> <span class='ocrx_word' id='word_1_500' title='bbox 1713 529 1744 572; x_wconf 81' lang='lat' dir='ltr'><em>fi</em></span> <span class='ocrx_word' id='word_1_501' title='bbox 1752 530 1854 563; x_wconf 81' lang='lat' dir='ltr'>volunt</span> <span class='ocrx_word' id='word_1_502' title='bbox 1865 554 1875 568; x_wconf 90' lang='lat'>,</span> <span class='ocrx_word' id='word_1_503' title='bbox 1899 537 1955 571; x_wconf 83' lang='lat' dir='ltr'>pro</span> <span class='ocrx_word' id='word_1_504' title='bbox 1977 527 2027 560; x_wconf 79' lang='lat' dir='ltr'>his</span> <span class='ocrx_word' id='word_1_505' title='bbox 2048 532 2120 569; x_wconf 84' lang='lat' dir='ltr'>Cap.</span> <span class='ocrx_word' id='word_1_506' title='bbox 2143 540 2169 559; x_wconf 67' lang='grc' dir='ltr'>ι,</span> 
     </span>
    </p>
   </div>
   <div class='ocr_carea' id='block_1_20' title="bbox 1155 578 2045 1073">
    <p class='ocr_par' dir='ltr' id='par_1_21' title="bbox 1155 578 2045 973">
     <span class='ocr_line' id='line_1_82' title="bbox 1155 578 2028 625; baseline -0.003 -10"><span class='ocrx_word' id='word_1_507' title='bbox 1155 582 1290 615; x_wconf 81' lang='lat' dir='ltr'>omnibus</span> <span class='ocrx_word' id='word_1_508' title='bbox 1303 583 1373 614; x_wconf 86' lang='lat' dir='ltr'>duos</span> <span class='ocrx_word' id='word_1_509' title='bbox 1382 581 1491 625; x_wconf 69' lang='lat' dir='ltr'>solidos</span> <span class='ocrx_word' id='word_1_510' title='bbox 1503 585 1536 612; x_wconf 89' lang='lat' dir='ltr'>in</span> <span class='ocrx_word' id='word_1_511' title='bbox 1547 583 1679 613; x_wconf 84' lang='lat' dir='ltr'>denariis</span> <span class='ocrx_word' id='word_1_512' title='bbox 1689 605 1700 621; x_wconf 91' lang='lat'>‚</span> <span class='ocrx_word' id='word_1_513' title='bbox 1718 578 1791 620; x_wconf 54' lang='grc' dir='ltr'>βαι·</span> <span class='ocrx_word' id='word_1_514' title='bbox 1801 585 1832 612; x_wconf 78' lang='lat' dir='ltr'>in</span> <span class='ocrx_word' id='word_1_515' title='bbox 1843 581 1982 612; x_wconf 83' lang='lat' dir='ltr'>Toletano</span> <span class='ocrx_word' id='word_1_516' title='bbox 1994 579 2028 612; x_wconf 57' lang='grc' dir='ltr'>(θ’</span> 
     </span>
     <span class='ocr_line' id='line_1_83' title="bbox 1156 629 2027 674; baseline -0.006 -9"><span class='ocrx_word' id='word_1_517' title='bbox 1156 631 1339 673; x_wconf 81' lang='lat' dir='ltr'>Bracarenfi</span> <span class='ocrx_word' id='word_1_518' title='bbox 1355 629 1473 674; x_wconf 81' lang='lat' dir='ltr'>conseffu</span> <span class='ocrx_word' id='word_1_519' title='bbox 1500 629 1641 672; x_wconf 80' lang='lat' dir='ltr'>Episcopi</span> <span class='ocrx_word' id='word_1_520' title='bbox 1665 629 1844 672; x_wconf 82' lang='lat' dir='ltr'>confideraffe</span> <span class='ocrx_word' id='word_1_521' title='bbox 1869 631 2027 662; x_wconf 82' lang='lat' dir='ltr'>dicuntur.</span> 
     </span>
     <span class='ocr_line' id='line_1_84' title="bbox 1157 678 2030 716; baseline -0.003 -2"><span class='ocrx_word' id='word_1_522' title='bbox 1157 680 1260 716; x_wconf 75' lang='lat' dir='ltr'>Porro</span> <span class='ocrx_word' id='word_1_523' title='bbox 1271 681 1338 716; x_wconf 87' lang='lat' dir='ltr'>haec</span> <span class='ocrx_word' id='word_1_524' title='bbox 1346 681 1472 715; x_wconf 62' lang='lat' dir='ltr'>exactio</span> <span class='ocrx_word' id='word_1_525' title='bbox 1483 679 1565 713; x_wconf 67' lang='lat' dir='ltr'>reste</span> <span class='ocrx_word' id='word_1_526' title='bbox 1575 679 1693 713; x_wconf 88' lang='lat' dir='ltr'>dicitur</span> <span class='ocrx_word' id='word_1_527' title='bbox 1707 678 1878 712; x_wconf 75' lang='lat' dir='ltr'>Cathedrae</span> <span class='ocrx_word' id='word_1_528' title='bbox 1899 678 2030 715; x_wconf 68' lang='lat' dir='ltr'>honor,-</span> 
     </span>
     <span class='ocr_line' id='line_1_85' title="bbox 1156 727 2045 769; baseline -0.004 -3"><span class='ocrx_word' id='word_1_529' title='bbox 1156 732 1321 767; x_wconf 87' lang='lat' dir='ltr'>Omnium</span> <span class='ocrx_word' id='word_1_530' title='bbox 1343 731 1433 765; x_wconf 88' lang='lat' dir='ltr'>enim</span> <span class='ocrx_word' id='word_1_531' title='bbox 1454 728 1700 763; x_wconf 79' lang='lat' dir='ltr'>parochialium</span> <span class='ocrx_word' id='word_1_532' title='bbox 1721 727 1938 762; x_wconf 85' lang='lat' dir='ltr'>Ecclefiarum</span> <span class='ocrx_word' id='word_1_533' title='bbox 1956 730 2045 769; x_wconf 38' lang='lat' dir='ltr'>con--</span> 
     </span>
     <span class='ocr_line' id='line_1_86' title="bbox 1159 776 2040 825; baseline -0.006 -10"><span class='ocrx_word' id='word_1_534' title='bbox 1159 781 1285 815; x_wconf 86' lang='lat' dir='ltr'>tinuam</span> <span class='ocrx_word' id='word_1_535' title='bbox 1304 780 1371 814; x_wconf 86' lang='lat' dir='ltr'>fine</span> <span class='ocrx_word' id='word_1_536' title='bbox 1392 780 1636 825; x_wconf 84' lang='lat' dir='ltr'>cogitationum</span> <span class='ocrx_word' id='word_1_537' title='bbox 1663 776 1752 812; x_wconf 86' lang='lat' dir='ltr'>feriis</span> <span class='ocrx_word' id='word_1_538' title='bbox 1779 777 2040 812; x_wconf 83' lang='lat' dir='ltr'>sollicitudinem</span> 
     </span>
     <span class='ocr_line' id='line_1_87' title="bbox 1160 826 2041 875; baseline -0.005 -11"><span class='ocrx_word' id='word_1_539' title='bbox 1160 831 1241 875; x_wconf 83' lang='lat' dir='ltr'>gerit</span> <span class='ocrx_word' id='word_1_540' title='bbox 1263 831 1463 874; x_wconf 86' lang='lat' dir='ltr'>Episcopus,</span> <span class='ocrx_word' id='word_1_541' title='bbox 1485 829 1624 872; x_wconf 77' lang='lat' dir='ltr'>ideoque</span> <span class='ocrx_word' id='word_1_542' title='bbox 1650 837 1790 862; x_wconf 89' lang='lat' dir='ltr'>meretur</span> <span class='ocrx_word' id='word_1_543' title='bbox 1818 826 1978 860; x_wconf 87' lang='lat' dir='ltr'>honorem</span> <span class='ocrx_word' id='word_1_544' title='bbox 2002 827 2041 860; x_wconf 80' lang='lat' dir='ltr'>il-</span> 
     </span>
     <span class='ocr_line' id='line_1_88' title="bbox 1160 874 2042 924; baseline -0.008 -10"><span class='ocrx_word' id='word_1_545' title='bbox 1160 884 1228 915; x_wconf 85' lang='lat' dir='ltr'>lum</span> <span class='ocrx_word' id='word_1_546' title='bbox 1241 905 1251 921; x_wconf 90' lang='lat'>‚</span> <span class='ocrx_word' id='word_1_547' title='bbox 1277 881 1318 914; x_wconf 89' lang='lat' dir='ltr'>de</span> <span class='ocrx_word' id='word_1_548' title='bbox 1336 891 1401 923; x_wconf 90' lang='lat' dir='ltr'>quo</span> <span class='ocrx_word' id='word_1_549' title='bbox 1422 879 1624 924; x_wconf 84' lang='lat' dir='ltr'>Apostolus:</span> <span class='ocrx_word' id='word_1_550' title='bbox 1650 874 1942 922; x_wconf 66' lang='lat' dir='ltr'>Quibenepraesunt</span> <span class='ocrx_word' id='word_1_551' title='bbox 1956 875 2042 918; x_wconf 81' lang='lat' dir='ltr'>Pres-</span> 
     </span>
     <span class='ocr_line' id='line_1_89' title="bbox 1160 928 1714 973; baseline -0.005 -9"><span class='ocrx_word' id='word_1_552' title='bbox 1160 930 1247 970; x_wconf 76' lang='lat' dir='ltr'>byteri</span> <span class='ocrx_word' id='word_1_553' title='bbox 1256 956 1266 971; x_wconf 91' lang='lat'><em>‚</em></span> <span class='ocrx_word' id='word_1_554' title='bbox 1291 932 1403 972; x_wconf 83' lang='lat' dir='ltr'>duplici</span> <span class='ocrx_word' id='word_1_555' title='bbox 1416 930 1519 963; x_wconf 77' lang='lat' dir='ltr'>honore</span> <span class='ocrx_word' id='word_1_556' title='bbox 1530 931 1612 973; x_wconf 83' lang='lat' dir='ltr'>digni</span> <span class='ocrx_word' id='word_1_557' title='bbox 1619 928 1694 972; x_wconf 84' lang='lat' dir='ltr'>sunt</span> <span class='ocrx_word' id='word_1_558' title='bbox 1707 954 1714 961; x_wconf 88' lang='lat'><em>.</em></span> 
     </span>
    </p>

    <p class='ocr_par' dir='ltr' id='par_1_22' title="bbox 1162 978 2039 1073">
     <span class='ocr_line' id='line_1_90' title="bbox 1210 978 2038 1023; baseline -0.005 -9"><span class='ocrx_word' id='word_1_559' title='bbox 1210 981 1385 1015; x_wconf 86' lang='lat' dir='ltr'>Honorem</span> <span class='ocrx_word' id='word_1_560' title='bbox 1397 979 1485 1014; x_wconf 89' lang='lat' dir='ltr'>hunc</span> <span class='ocrx_word' id='word_1_561' title='bbox 1498 978 1664 1014; x_wconf 83' lang='lat' dir='ltr'>Ilerdenfis</span> <span class='ocrx_word' id='word_1_562' title='bbox 1677 1004 1687 1019; x_wconf 93' lang='lat'>,</span> <span class='ocrx_word' id='word_1_563' title='bbox 1712 989 1810 1023; x_wconf 82' lang='lat' dir='ltr'>quam</span> <span class='ocrx_word' id='word_1_564' title='bbox 1830 978 1966 1022; x_wconf 84' lang='lat' dir='ltr'>quidam</span> <span class='ocrx_word' id='word_1_565' title='bbox 1991 988 2038 1011; x_wconf 86' lang='lat' dir='ltr'>re-</span> 
     </span>
     <span class='ocr_line' id='line_1_91' title="bbox 1162 1028 2039 1073; baseline -0.006 -8"><span class='ocrx_word' id='word_1_566' title='bbox 1162 1032 1323 1065; x_wconf 87' lang='lat' dir='ltr'>centiores</span> <span class='ocrx_word' id='word_1_567' title='bbox 1337 1031 1491 1066; x_wconf 84' lang='lat' dir='ltr'>Canones</span> <span class='ocrx_word' id='word_1_568' title='bbox 1506 1031 1701 1069; x_wconf 87' lang='lat' dir='ltr'>imitantur,</span> <span class='ocrx_word' id='word_1_569' title='bbox 1728 1028 1883 1073; x_wconf 89' lang='lat' dir='ltr'>Synodus</span> <span class='ocrx_word' id='word_1_570' title='bbox 1903 1028 2039 1062; x_wconf 82' lang='lat' dir='ltr'>vocavit</span> 
     </span>
    </p>
   </div>
   <div class='ocr_carea' id='block_1_21' title="bbox 1162 1079 2132 1134">
    <p class='ocr_par' dir='ltr' id='par_1_23' title="bbox 1162 1079 2132 1134">
     <span class='ocr_line' id='line_1_92' title="bbox 1162 1079 2132 1134; baseline -0.005 -20"><span class='ocrx_word' id='word_1_571' title='bbox 1162 1082 1252 1124; x_wconf 86' lang='lat' dir='ltr'>legem</span> <span class='ocrx_word' id='word_1_572' title='bbox 1264 1079 1467 1124; x_wconf 81' lang='lat' dir='ltr'>Dioecesanam</span> <span class='ocrx_word' id='word_1_573' title='bbox 1480 1106 1490 1122; x_wconf 93' lang='lat'>,</span> <span class='ocrx_word' id='word_1_574' title='bbox 1516 1081 1550 1114; x_wconf 91' lang='lat'>&amp;</span> <span class='ocrx_word' id='word_1_575' title='bbox 1562 1079 1711 1124; x_wconf 81' lang='lat' dir='ltr'>adjungit</span> <span class='ocrx_word' id='word_1_576' title='bbox 1726 1092 1733 1111; x_wconf 91' lang='lat'>:</span> <span class='ocrx_word' id='word_1_577' title='bbox 1761 1082 1813 1112; x_wconf 89' lang='lat' dir='ltr'>Ea</span> <span class='ocrx_word' id='word_1_578' title='bbox 1828 1090 1896 1121; x_wconf 81' lang='lat' dir='ltr'>quae</span> <span class='ocrx_word' id='word_1_579' title='bbox 1914 1083 1946 1110; x_wconf 85' lang='lat' dir='ltr'>in</span> <span class='ocrx_word' id='word_1_580' title='bbox 1965 1080 2040 1118; x_wconf 79' lang='lat' dir='ltr'>jure</span> <span class='ocrx_word' id='word_1_581' title='bbox 2059 1106 2132 1134; x_wconf 37' lang='lat' dir='ltr'>cm.</span> 
     </span>
    </p>
   </div>
   <div class='ocr_carea' id='block_1_22' title="bbox 1162 1129 2051 1620">
    <p class='ocr_par' dir='ltr' id='par_1_24' title="bbox 1162 1129 2051 1620">
     <span class='ocr_line' id='line_1_93' title="bbox 1164 1129 2042 1173; baseline -0.003 -11"><span class='ocrx_word' id='word_1_582' title='bbox 1164 1130 1329 1171; x_wconf 83' lang='lat' dir='ltr'>Monasterii</span> <span class='ocrx_word' id='word_1_583' title='bbox 1341 1133 1378 1164; x_wconf 88' lang='lat' dir='ltr'>de</span> <span class='ocrx_word' id='word_1_584' title='bbox 1382 1130 1583 1173; x_wconf 85' lang='lat' dir='ltr'>facultatibus</span> <span class='ocrx_word' id='word_1_585' title='bbox 1593 1130 1778 1171; x_wconf 77' lang='lat' dir='ltr'>offeruntur,</span> <span class='ocrx_word' id='word_1_586' title='bbox 1803 1135 1836 1161; x_wconf 84' lang='lat' dir='ltr'>in</span> <span class='ocrx_word' id='word_1_587' title='bbox 1860 1129 1938 1161; x_wconf 84' lang='lat' dir='ltr'>nullo</span> <span class='ocrx_word' id='word_1_588' title='bbox 1963 1131 2042 1160; x_wconf 69' lang='lat' dir='ltr'>Dia·-</span> 
     </span>
     <span class='ocr_line' id='line_1_94' title="bbox 1162 1179 2043 1226; baseline -0.006 -12"><span class='ocrx_word' id='word_1_589' title='bbox 1162 1179 1264 1223; x_wconf 83' lang='lat' dir='ltr'>cesana</span> <span class='ocrx_word' id='word_1_590' title='bbox 1274 1182 1334 1225; x_wconf 87' lang='lat' dir='ltr'>lege</span> <span class='ocrx_word' id='word_1_591' title='bbox 1346 1181 1383 1214; x_wconf 87' lang='lat' dir='ltr'>ab</span> <span class='ocrx_word' id='word_1_592' title='bbox 1403 1179 1556 1224; x_wconf 69' lang='lat' dir='ltr'>Epist-opis</span> <span class='ocrx_word' id='word_1_593' title='bbox 1576 1186 1804 1223; x_wconf 81' lang='lat' dir='ltr'>contingantur.</span> <span class='ocrx_word' id='word_1_594' title='bbox 1835 1179 1948 1226; x_wconf 83' lang='lat' dir='ltr'>Qam</span> <span class='ocrx_word' id='word_1_595' title='bbox 1967 1179 2043 1210; x_wconf 86' lang='lat' dir='ltr'>Mo-</span> 
     </span>
     <span class='ocr_line' id='line_1_95' title="bbox 1165 1226 2044 1275; baseline -0.006 -11"><span class='ocrx_word' id='word_1_596' title='bbox 1165 1231 1375 1265; x_wconf 86' lang='lat' dir='ltr'>nasteriorum</span> <span class='ocrx_word' id='word_1_597' title='bbox 1388 1232 1634 1275; x_wconf 80' lang='lat' dir='ltr'>exemptionem</span> <span class='ocrx_word' id='word_1_598' title='bbox 1659 1231 1765 1263; x_wconf 83' lang='lat' dir='ltr'>firmat</span> <span class='ocrx_word' id='word_1_599' title='bbox 1785 1228 1887 1262; x_wconf 84' lang='lat' dir='ltr'>etiam</span> <span class='ocrx_word' id='word_1_600' title='bbox 1910 1226 2044 1270; x_wconf 82' lang='lat' dir='ltr'>septima</span> 
     </span>
     <span class='ocr_line' id='line_1_96' title="bbox 1165 1277 2046 1323; baseline -0.005 -9"><span class='ocrx_word' id='word_1_601' title='bbox 1165 1280 1316 1323; x_wconf 85' lang='lat' dir='ltr'>Synodus</span> <span class='ocrx_word' id='word_1_602' title='bbox 1328 1280 1495 1315; x_wconf 84' lang='lat' dir='ltr'>Toletana</span> <span class='ocrx_word' id='word_1_603' title='bbox 1509 1305 1516 1312; x_wconf 88' lang='lat'><strong><em>.</em></strong></span> <span class='ocrx_word' id='word_1_604' title='bbox 1543 1279 1838 1314; x_wconf 86' lang='lat' dir='ltr'>Monasticoenim</span> <span class='ocrx_word' id='word_1_605' title='bbox 1850 1278 1946 1312; x_wconf 83' lang='lat' dir='ltr'>statui</span> <span class='ocrx_word' id='word_1_606' title='bbox 1971 1277 2046 1311; x_wconf 84' lang='lat' dir='ltr'>Cle-</span> 
     </span>
     <span class='ocr_line' id='line_1_97' title="bbox 1165 1327 2046 1374; baseline -0.006 -10"><span class='ocrx_word' id='word_1_607' title='bbox 1165 1342 1218 1364; x_wconf 84' lang='lat' dir='ltr'>rus</span> <span class='ocrx_word' id='word_1_608' title='bbox 1229 1331 1459 1374; x_wconf 82' lang='lat' dir='ltr'>Hispaniarum</span> <span class='ocrx_word' id='word_1_609' title='bbox 1472 1332 1504 1365; x_wconf 92' lang='lat'>&amp;</span> <span class='ocrx_word' id='word_1_610' title='bbox 1517 1330 1655 1373; x_wconf 84' lang='lat' dir='ltr'>populus</span> <span class='ocrx_word' id='word_1_611' title='bbox 1678 1329 1741 1363; x_wconf 86' lang='lat' dir='ltr'>fuit</span> <span class='ocrx_word' id='word_1_612' title='bbox 1763 1330 1885 1370; x_wconf 85' lang='lat' dir='ltr'>semper</span> <span class='ocrx_word' id='word_1_613' title='bbox 1900 1327 2046 1360; x_wconf 69' lang='lat' dir='ltr'>addistis-</span> 
     </span>
     <span class='ocr_line' id='line_1_98' title="bbox 1167 1378 2048 1425; baseline -0.008 -11"><span class='ocrx_word' id='word_1_614' title='bbox 1167 1381 1278 1414; x_wconf 76' lang='lat' dir='ltr'>simus.</span> <span class='ocrx_word' id='word_1_615' title='bbox 1308 1381 1420 1425; x_wconf 87' lang='lat' dir='ltr'>Pergit</span> <span class='ocrx_word' id='word_1_616' title='bbox 1442 1380 1595 1424; x_wconf 83' lang='lat' dir='ltr'>Synodus</span> <span class='ocrx_word' id='word_1_617' title='bbox 1615 1378 1801 1413; x_wconf 85' lang='lat' dir='ltr'>Ilerdenfis:</span> <span class='ocrx_word' id='word_1_618' title='bbox 1829 1381 1861 1410; x_wconf 80' lang='lat' dir='ltr'>si</span> <span class='ocrx_word' id='word_1_619' title='bbox 1886 1389 1923 1410; x_wconf 82' lang='lat' dir='ltr'>ex</span> <span class='ocrx_word' id='word_1_620' title='bbox 1947 1380 2048 1409; x_wconf 75' lang='lat' dir='ltr'>Laicis</span> 
     </span>
     <span class='ocr_line' id='line_1_99' title="bbox 1168 1426 2051 1474; baseline -0.006 -11"><span class='ocrx_word' id='word_1_621' title='bbox 1168 1428 1322 1474; x_wconf 85' lang='lat' dir='ltr'>quisquam</span> <span class='ocrx_word' id='word_1_622' title='bbox 1325 1430 1446 1472; x_wconf 60' lang='lat' dir='ltr'>fudam</span> <span class='ocrx_word' id='word_1_623' title='bbox 1458 1433 1478 1462; x_wconf 78' lang='grc' dir='ltr'><em>ἃ</em></span> <span class='ocrx_word' id='word_1_624' title='bbox 1484 1428 1519 1472; x_wconf 87' lang='lat' dir='ltr'>se</span> <span class='ocrx_word' id='word_1_625' title='bbox 1531 1428 1689 1470; x_wconf 83' lang='lat' dir='ltr'>Bafilicam</span> <span class='ocrx_word' id='word_1_626' title='bbox 1699 1427 1865 1471; x_wconf 69' lang='lat' dir='ltr'>consecrari</span> <span class='ocrx_word' id='word_1_627' title='bbox 1884 1426 2025 1467; x_wconf 85' lang='lat' dir='ltr'>defiderat</span> <span class='ocrx_word' id='word_1_628' title='bbox 2035 1449 2051 1466; x_wconf 82' lang='lat'>‚</span> 
     </span>
     <span class='ocr_line' id='line_1_100' title="bbox 1170 1475 2050 1523; baseline -0.006 -10"><span class='ocrx_word' id='word_1_629' title='bbox 1170 1490 1355 1523; x_wconf 72' lang='lat' dir='ltr'>nequaquam</span> <span class='ocrx_word' id='word_1_630' title='bbox 1366 1490 1431 1512; x_wconf 78' lang='lat' dir='ltr'>eam</span> <span class='ocrx_word' id='word_1_631' title='bbox 1437 1477 1493 1520; x_wconf 86' lang='lat' dir='ltr'>sub</span> <span class='ocrx_word' id='word_1_632' title='bbox 1505 1478 1673 1516; x_wconf 77' lang='lat' dir='ltr'>Monasterii</span> <span class='ocrx_word' id='word_1_633' title='bbox 1681 1475 1776 1519; x_wconf 83' lang='lat' dir='ltr'>specie</span> <span class='ocrx_word' id='word_1_634' title='bbox 1788 1501 1797 1516; x_wconf 90' lang='lat'>‚</span> <span class='ocrx_word' id='word_1_635' title='bbox 1814 1476 1876 1509; x_wconf 79' lang='lat' dir='ltr'>&#39;ubi</span> <span class='ocrx_word' id='word_1_636' title='bbox 1897 1487 2050 1519; x_wconf 77' lang='lat' dir='ltr'>congrega-</span> 
     </span>
     <span class='ocr_line' id='line_1_101' title="bbox 1170 1523 2050 1572; baseline -0.006 -10"><span class='ocrx_word' id='word_1_637' title='bbox 1170 1535 1209 1563; x_wconf 81' lang='lat' dir='ltr'>tio</span> <span class='ocrx_word' id='word_1_638' title='bbox 1235 1540 1292 1562; x_wconf 88' lang='lat' dir='ltr'>non</span> <span class='ocrx_word' id='word_1_639' title='bbox 1319 1529 1482 1572; x_wconf 81' lang='lat' dir='ltr'>colligitur,</span> <span class='ocrx_word' id='word_1_640' title='bbox 1508 1528 1558 1560; x_wconf 80' lang='lat' dir='ltr'>vel</span> <span class='ocrx_word' id='word_1_641' title='bbox 1580 1528 1681 1571; x_wconf 86' lang='lat' dir='ltr'>regula</span> <span class='ocrx_word' id='word_1_642' title='bbox 1706 1526 1744 1558; x_wconf 90' lang='lat' dir='ltr'>ab</span> <span class='ocrx_word' id='word_1_643' title='bbox 1754 1523 1898 1568; x_wconf 64' lang='lat' dir='ltr'>Epist-opo</span> <span class='ocrx_word' id='word_1_644' title='bbox 1908 1538 1964 1558; x_wconf 87' lang='lat' dir='ltr'>non</span> <span class='ocrx_word' id='word_1_645' title='bbox 1987 1537 2050 1558; x_wconf 81' lang='lat' dir='ltr'>con-</span> 
     </span>
     <span class='ocr_line' id='line_1_102' title="bbox 1164 1574 2050 1620; baseline 0 -9"><span class='ocrx_word' id='word_1_646' title='bbox 1164 1579 1319 1618; x_wconf 79' lang='lat' dir='ltr'>stituitur,</span> <span class='ocrx_word' id='word_1_647' title='bbox 1345 1580 1364 1610; x_wconf 79' lang='grc' dir='ltr'><em>ἃ</em></span> <span class='ocrx_word' id='word_1_648' title='bbox 1391 1575 1561 1620; x_wconf 84' lang='lat' dir='ltr'>Dioecesana</span> <span class='ocrx_word' id='word_1_649' title='bbox 1585 1578 1645 1620; x_wconf 85' lang='lat' dir='ltr'>lege</span> <span class='ocrx_word' id='word_1_650' title='bbox 1653 1578 1766 1610; x_wconf 80' lang='lat' dir='ltr'>audeat</span> <span class='ocrx_word' id='word_1_651' title='bbox 1769 1574 1939 1620; x_wconf 82' lang='lat' dir='ltr'>segregare.</span> <span class='ocrx_word' id='word_1_652' title='bbox 1967 1577 2050 1611; x_wconf 86' lang='lat' dir='ltr'>Non</span> 
     </span>
    </p>
   </div>
   <div class='ocr_carea' id='block_1_23' title="bbox 1170 1627 2114 1666">
    <p class='ocr_par' dir='ltr' id='par_1_25' title="bbox 1170 1627 2114 1666">
     <span class='ocr_line' id='line_1_103' title="bbox 1170 1627 2114 1666; baseline -0.003 -4"><span class='ocrx_word' id='word_1_653' title='bbox 1170 1640 1290 1662; x_wconf 84' lang='lat' dir='ltr'>vanum</span> <span class='ocrx_word' id='word_1_654' title='bbox 1313 1628 1664 1666; x_wconf 72' lang='lat' dir='ltr'>Monasteriinomen,</span> <span class='ocrx_word' id='word_1_655' title='bbox 1690 1627 1742 1661; x_wconf 89' lang='lat' dir='ltr'>sed</span> <span class='ocrx_word' id='word_1_656' title='bbox 1765 1628 1867 1661; x_wconf 86' lang='lat' dir='ltr'>solam</span> <span class='ocrx_word' id='word_1_657' title='bbox 1893 1638 1960 1660; x_wconf 83' lang='lat' dir='ltr'>rem</span> <span class='ocrx_word' id='word_1_658' title='bbox 1984 1637 2052 1659; x_wconf 87' lang='lat' dir='ltr'>me·</span> <span class='ocrx_word' id='word_1_659' title='bbox 2112 1629 2114 1632; x_wconf 83' lang='lat'>&#39;</span> 
     </span>
    </p>
   </div>
   <div class='ocr_carea' id='block_1_24' title="bbox 1170 1674 2058 2121">
    <p class='ocr_par' dir='ltr' id='par_1_26' title="bbox 1170 1674 2058 2121">
     <span class='ocr_line' id='line_1_104' title="bbox 1171 1674 2054 1726; baseline -0.006 -14"><span class='ocrx_word' id='word_1_660' title='bbox 1171 1678 1235 1712; x_wconf 76' lang='lat' dir='ltr'>rito</span> <span class='ocrx_word' id='word_1_661' title='bbox 1248 1678 1317 1712; x_wconf 88' lang='lat' dir='ltr'>vult</span> <span class='ocrx_word' id='word_1_662' title='bbox 1329 1679 1391 1711; x_wconf 77' lang='lat' dir='ltr'>esse</span> <span class='ocrx_word' id='word_1_663' title='bbox 1409 1689 1614 1721; x_wconf 77' lang='lat' dir='ltr'>exemptam;</span> <span class='ocrx_word' id='word_1_664' title='bbox 1641 1678 1744 1726; x_wconf 82' lang='lat' dir='ltr'>Qod</span> <span class='ocrx_word' id='word_1_665' title='bbox 1765 1674 1966 1711; x_wconf 85' lang='lat' dir='ltr'>Monachale</span> <span class='ocrx_word' id='word_1_666' title='bbox 1990 1676 2054 1720; x_wconf 85' lang='lat' dir='ltr'>pri.</span> 
     </span>
     <span class='ocr_line' id='line_1_105' title="bbox 1173 1728 2052 1772; baseline -0.003 -10"><span class='ocrx_word' id='word_1_667' title='bbox 1173 1728 1328 1772; x_wconf 84' lang='lat' dir='ltr'>vilegium</span> <span class='ocrx_word' id='word_1_668' title='bbox 1340 1729 1372 1762; x_wconf 88' lang='lat' dir='ltr'>in</span> <span class='ocrx_word' id='word_1_669' title='bbox 1383 1728 1454 1761; x_wconf 84' lang='lat' dir='ltr'>aliis</span> <span class='ocrx_word' id='word_1_670' title='bbox 1467 1728 1672 1772; x_wconf 81' lang='lat' dir='ltr'>Regionibus</span> <span class='ocrx_word' id='word_1_671' title='bbox 1684 1739 1752 1761; x_wconf 90' lang='lat' dir='ltr'>non</span> <span class='ocrx_word' id='word_1_672' title='bbox 1762 1728 1853 1761; x_wconf 70' lang='lat' dir='ltr'>fuisse</span> <span class='ocrx_word' id='word_1_673' title='bbox 1864 1749 1875 1766; x_wconf 86' lang='lat'>,</span> <span class='ocrx_word' id='word_1_674' title='bbox 1900 1737 1997 1769; x_wconf 85' lang='lat' dir='ltr'>atque</span> <span class='ocrx_word' id='word_1_675' title='bbox 2009 1738 2052 1759; x_wconf 83' lang='lat' dir='ltr'>ex</span> 
     </span>
     <span class='ocr_line' id='line_1_106' title="bbox 1173 1777 2054 1822; baseline -0.006 -9"><span class='ocrx_word' id='word_1_676' title='bbox 1173 1779 1268 1813; x_wconf 79' lang='lat' dir='ltr'>variis</span> <span class='ocrx_word' id='word_1_677' title='bbox 1292 1777 1534 1822; x_wconf 87' lang='lat' dir='ltr'>Episcopalium</span> <span class='ocrx_word' id='word_1_678' title='bbox 1557 1779 1762 1812; x_wconf 65' lang='lat' dir='ltr'>exustionurn</span> <span class='ocrx_word' id='word_1_679' title='bbox 1782 1777 1817 1812; x_wconf 78' lang='grc' dir='ltr'>δε</span> <span class='ocrx_word' id='word_1_680' title='bbox 1841 1779 2054 1814; x_wconf 80' lang='lat' dir='ltr'>vexationum</span> 
     </span>
     <span class='ocr_line' id='line_1_107' title="bbox 1171 1827 2055 1871; baseline -0.003 -8"><span class='ocrx_word' id='word_1_681' title='bbox 1171 1827 1346 1863; x_wconf 72' lang='lat' dir='ltr'>excessibus</span> <span class='ocrx_word' id='word_1_682' title='bbox 1370 1828 1503 1862; x_wconf 83' lang='lat' dir='ltr'>tandem</span> <span class='ocrx_word' id='word_1_683' title='bbox 1530 1828 1680 1871; x_wconf 71' lang='lat' dir='ltr'>prodiisse</span> <span class='ocrx_word' id='word_1_684' title='bbox 1705 1828 1928 1871; x_wconf 86' lang='lat' dir='ltr'>exemptionis</span> <span class='ocrx_word' id='word_1_685' title='bbox 1955 1838 2055 1860; x_wconf 82' lang='lat' dir='ltr'>reme-</span> 
     </span>
     <span class='ocr_line' id='line_1_108' title="bbox 1171 1876 2057 1919; baseline -0.003 -6"><span class='ocrx_word' id='word_1_686' title='bbox 1171 1879 1284 1918; x_wconf 87' lang='lat' dir='ltr'>dium,</span> <span class='ocrx_word' id='word_1_687' title='bbox 1312 1879 1458 1912; x_wconf 84' lang='lat' dir='ltr'>suoloco</span> <span class='ocrx_word' id='word_1_688' title='bbox 1470 1877 1670 1911; x_wconf 83' lang='lat' dir='ltr'>ostendetur.</span> <span class='ocrx_word' id='word_1_689' title='bbox 1701 1876 1951 1917; x_wconf 79' lang='lat' dir='ltr'>Porroomnes,</span> <span class='ocrx_word' id='word_1_690' title='bbox 1981 1889 2057 1919; x_wconf 81' lang='lat' dir='ltr'>prae·</span> 
     </span>
     <span class='ocr_line' id='line_1_109' title="bbox 1172 1926 2057 1972; baseline -0.002 -10"><span class='ocrx_word' id='word_1_691' title='bbox 1172 1938 1220 1963; x_wconf 90' lang='lat' dir='ltr'>ter</span> <span class='ocrx_word' id='word_1_692' title='bbox 1242 1939 1428 1972; x_wconf 78' lang='lat' dir='ltr'>exemptas,</span> <span class='ocrx_word' id='word_1_693' title='bbox 1450 1939 1508 1961; x_wconf 85' lang='lat' dir='ltr'>aut</span> <span class='ocrx_word' id='word_1_694' title='bbox 1519 1927 1718 1971; x_wconf 77' lang='lat' dir='ltr'>Apostolicae</span> <span class='ocrx_word' id='word_1_695' title='bbox 1743 1927 1835 1962; x_wconf 89' lang='lat' dir='ltr'>Sedis</span> <span class='ocrx_word' id='word_1_696' title='bbox 1860 1926 2057 1970; x_wconf 60' lang='lat' dir='ltr'>proteaioni</span> 
     </span>
     <span class='ocr_line' id='line_1_110' title="bbox 1172 1977 2058 2021; baseline -0.005 -8"><span class='ocrx_word' id='word_1_697' title='bbox 1172 1977 1360 2013; x_wconf 76' lang='lat' dir='ltr'>immediate</span> <span class='ocrx_word' id='word_1_698' title='bbox 1378 1979 1552 2021; x_wconf 83' lang='lat' dir='ltr'>suppositas</span> <span class='ocrx_word' id='word_1_699' title='bbox 1567 2002 1576 2018; x_wconf 88' lang='lat'>‚</span> <span class='ocrx_word' id='word_1_700' title='bbox 1603 1977 1810 2012; x_wconf 75' lang='lat' dir='ltr'>parochiales</span> <span class='ocrx_word' id='word_1_701' title='bbox 1832 1977 1979 2012; x_wconf 77' lang='lat' dir='ltr'>Ecclefiae</span> <span class='ocrx_word' id='word_1_702' title='bbox 2005 1977 2058 2011; x_wconf 88' lang='lat' dir='ltr'>de-</span> 
     </span>
     <span class='ocr_line' id='line_1_111' title="bbox 1172 2027 2056 2071; baseline -0.002 -9"><span class='ocrx_word' id='word_1_703' title='bbox 1172 2027 1248 2062; x_wconf 90' lang='lat' dir='ltr'>bent</span> <span class='ocrx_word' id='word_1_704' title='bbox 1261 2028 1352 2061; x_wconf 85' lang='lat' dir='ltr'>istam</span> <span class='ocrx_word' id='word_1_705' title='bbox 1371 2027 1638 2062; x_wconf 83' lang='lat' dir='ltr'>Cathedatricam</span> <span class='ocrx_word' id='word_1_706' title='bbox 1661 2027 1916 2071; x_wconf 69' lang='lat' dir='ltr'>praestationem.</span> <span class='ocrx_word' id='word_1_707' title='bbox 1944 2027 2056 2062; x_wconf 83' lang='lat' dir='ltr'>Etiam</span> 
     </span>
     <span class='ocr_line' id='line_1_112' title="bbox 1170 2076 2052 2121; baseline -0.001 -10"><span class='ocrx_word' id='word_1_708' title='bbox 1170 2077 1384 2112; x_wconf 53' lang='lat' dir='ltr'>&amp;patronatis</span> <span class='ocrx_word' id='word_1_709' title='bbox 1396 2077 1502 2111; x_wconf 83' lang='lat' dir='ltr'>deberi</span> <span class='ocrx_word' id='word_1_710' title='bbox 1519 2078 1636 2121; x_wconf 84' lang='lat' dir='ltr'>scripfit</span> <span class='ocrx_word' id='word_1_711' title='bbox 1649 2077 1689 2112; x_wconf 84' lang='lat' dir='ltr'>ad</span> <span class='ocrx_word' id='word_1_712' title='bbox 1703 2078 1859 2112; x_wconf 83' lang='lat' dir='ltr'>Farfensis</span> <span class='ocrx_word' id='word_1_713' title='bbox 1884 2076 2052 2111; x_wconf 67' lang='lat' dir='ltr'>Monaste⁴</span> 
     </span>
    </p>
   </div>
   <div class='ocr_carea' id='block_1_25' title="bbox 1158 2176 2053 3469">
    <p class='ocr_par' dir='ltr' id='par_1_27' title="bbox 1158 2176 2053 3117">
     <span class='ocr_line' id='line_1_113' title="bbox 1172 2176 2053 2220; baseline -0.001 -9"><span class='ocrx_word' id='word_1_714' title='bbox 1172 2178 1339 2211; x_wconf 84' lang='lat' dir='ltr'>nutensem</span> <span class='ocrx_word' id='word_1_715' title='bbox 1364 2177 1561 2220; x_wconf 85' lang='lat' dir='ltr'>Episcopum</span> <span class='ocrx_word' id='word_1_716' title='bbox 1585 2176 1776 2210; x_wconf 76' lang='lat' dir='ltr'>Alexander</span> <span class='ocrx_word' id='word_1_717' title='bbox 1787 2176 1901 2210; x_wconf 86' lang='lat' dir='ltr'>tertius</span> <span class='ocrx_word' id='word_1_718' title='bbox 1914 2190 1925 2210; x_wconf 82' lang='grc'>.-</span> <span class='ocrx_word' id='word_1_719' title='bbox 1953 2178 2053 2215; x_wconf 81' lang='lat' dir='ltr'>Eccle-</span> 
     </span>
     <span class='ocr_line' id='line_1_114' title="bbox 1164 2225 2053 2269; baseline 0 -10"><span class='ocrx_word' id='word_1_720' title='bbox 1164 2226 1216 2269; x_wconf 76' lang='lat' dir='ltr'>fits</span> <span class='ocrx_word' id='word_1_721' title='bbox 1229 2252 1240 2267; x_wconf 91' lang='lat'>,</span> <span class='ocrx_word' id='word_1_722' title='bbox 1265 2238 1339 2268; x_wconf 87' lang='lat' dir='ltr'>quas</span> <span class='ocrx_word' id='word_1_723' title='bbox 1350 2228 1387 2259; x_wconf 85' lang='lat' dir='ltr'>de</span> <span class='ocrx_word' id='word_1_724' title='bbox 1399 2238 1473 2259; x_wconf 78' lang='lat' dir='ltr'>novo</span> <span class='ocrx_word' id='word_1_725' title='bbox 1484 2225 1622 2269; x_wconf 81' lang='lat' dir='ltr'>Episcopi</span> <span class='ocrx_word' id='word_1_726' title='bbox 1633 2228 1670 2259; x_wconf 85' lang='lat' dir='ltr'>de</span> <span class='ocrx_word' id='word_1_727' title='bbox 1681 2226 1818 2259; x_wconf 85' lang='lat' dir='ltr'>manibus</span> <span class='ocrx_word' id='word_1_728' title='bbox 1831 2229 1986 2259; x_wconf 84' lang='lat' dir='ltr'>Laicorum</span> <span class='ocrx_word' id='word_1_729' title='bbox 1996 2232 2053 2259; x_wconf 85' lang='lat' dir='ltr'>eri·</span> 
     </span>
     <span class='ocr_line' id='line_1_115' title="bbox 1166 2276 2051 2320; baseline 0.001 -11"><span class='ocrx_word' id='word_1_730' title='bbox 1166 2283 1256 2319; x_wconf 86' lang='lat' dir='ltr'>piunt</span> <span class='ocrx_word' id='word_1_731' title='bbox 1268 2301 1279 2316; x_wconf 94' lang='lat'>,</span> <span class='ocrx_word' id='word_1_732' title='bbox 1298 2284 1411 2318; x_wconf 73' lang='lat' dir='ltr'>praeter</span> <span class='ocrx_word' id='word_1_733' title='bbox 1422 2276 1686 2317; x_wconf 85' lang='lat' dir='ltr'>Catbedraticum,</span> <span class='ocrx_word' id='word_1_734' title='bbox 1713 2278 1746 2310; x_wconf 74' lang='lat'><em>&amp;</em></span> <span class='ocrx_word' id='word_1_735' title='bbox 1749 2279 1825 2317; x_wconf 85' lang='lat' dir='ltr'>jura</span> <span class='ocrx_word' id='word_1_736' title='bbox 1837 2282 1936 2309; x_wconf 81' lang='lat' dir='ltr'>omnia</span> <span class='ocrx_word' id='word_1_737' title='bbox 1946 2301 1955 2316; x_wconf 97' lang='lat'>,</span> <span class='ocrx_word' id='word_1_738' title='bbox 1982 2288 2051 2320; x_wconf 82' lang='lat' dir='ltr'>quae</span> 
     </span>
     <span class='ocr_line' id='line_1_116' title="bbox 1170 2326 2050 2368; baseline 0 -8"><span class='ocrx_word' id='word_1_739' title='bbox 1170 2329 1239 2360; x_wconf 86' lang='lat' dir='ltr'>aliis</span> <span class='ocrx_word' id='word_1_740' title='bbox 1261 2326 1393 2368; x_wconf 75' lang='lat' dir='ltr'>Ecclefiie</span> <span class='ocrx_word' id='word_1_741' title='bbox 1416 2333 1605 2368; x_wconf 78' lang='lat' dir='ltr'>imponuntur</span> <span class='ocrx_word' id='word_1_742' title='bbox 1626 2351 1636 2367; x_wconf 94' lang='lat'>,</span> <span class='ocrx_word' id='word_1_743' title='bbox 1664 2327 1844 2360; x_wconf 68' lang='lat' dir='ltr'>exae‘lionem</span> <span class='ocrx_word' id='word_1_744' title='bbox 1861 2326 2050 2368; x_wconf 64' lang='lat' dir='ltr'>prohibemus</span> 
     </span>
     <span class='ocr_line' id='line_1_117' title="bbox 1170 2375 2050 2420; baseline 0.005 -11"><span class='ocrx_word' id='word_1_745' title='bbox 1170 2382 1296 2419; x_wconf 62' lang='lat' dir='ltr'>irnpom&#39;.</span> <span class='ocrx_word' id='word_1_746' title='bbox 1326 2377 1480 2410; x_wconf 79' lang='lat' dir='ltr'>Ecclesias</span> <span class='ocrx_word' id='word_1_747' title='bbox 1491 2376 1572 2410; x_wconf 89' lang='lat' dir='ltr'>olim</span> <span class='ocrx_word' id='word_1_748' title='bbox 1586 2388 1645 2415; x_wconf 81' lang='lat' dir='ltr'>‚ex</span> <span class='ocrx_word' id='word_1_749' title='bbox 1660 2375 1812 2412; x_wconf 81' lang='lat' dir='ltr'>inchoata</span> <span class='ocrx_word' id='word_1_750' title='bbox 1824 2388 1877 2420; x_wconf 88' lang='lat' dir='ltr'>per</span> <span class='ocrx_word' id='word_1_751' title='bbox 1889 2377 2050 2413; x_wconf 85' lang='lat' dir='ltr'>Carolum</span> 
     </span>
     <span class='ocr_line' id='line_1_118' title="bbox 1170 2427 2051 2471; baseline 0.001 -11"><span class='ocrx_word' id='word_1_752' title='bbox 1170 2427 1359 2460; x_wconf 86' lang='lat' dir='ltr'>Martellum</span> <span class='ocrx_word' id='word_1_753' title='bbox 1371 2427 1526 2461; x_wconf 83' lang='lat' dir='ltr'>violentia</span> <span class='ocrx_word' id='word_1_754' title='bbox 1540 2451 1550 2466; x_wconf 91' lang='lat'>‚</span> <span class='ocrx_word' id='word_1_755' title='bbox 1580 2427 1665 2469; x_wconf 80' lang='lat' dir='ltr'>quasi</span> <span class='ocrx_word' id='word_1_756' title='bbox 1678 2428 1822 2470; x_wconf 77' lang='lat' dir='ltr'>proprios</span> <span class='ocrx_word' id='word_1_757' title='bbox 1844 2427 1965 2462; x_wconf 82' lang='lat' dir='ltr'>fundos</span> <span class='ocrx_word' id='word_1_758' title='bbox 1976 2428 2051 2471; x_wconf 49' lang='lat' dir='ltr'>pos-⁷</span> 
     </span>
     <span class='ocr_line' id='line_1_119' title="bbox 1169 2476 2050 2522; baseline 0.001 -12"><span class='ocrx_word' id='word_1_759' title='bbox 1169 2476 1311 2510; x_wconf 84' lang='lat' dir='ltr'>sidebant</span> <span class='ocrx_word' id='word_1_760' title='bbox 1324 2477 1416 2511; x_wconf 88' lang='lat' dir='ltr'>Laici</span> <span class='ocrx_word' id='word_1_761' title='bbox 1431 2477 1549 2510; x_wconf 87' lang='lat' dir='ltr'>milites</span> <span class='ocrx_word' id='word_1_762' title='bbox 1562 2500 1572 2516; x_wconf 93' lang='lat'><em>‚</em></span> <span class='ocrx_word' id='word_1_763' title='bbox 1599 2477 1632 2510; x_wconf 70' lang='grc' dir='ltr'>ἀ</span> <span class='ocrx_word' id='word_1_764' title='bbox 1644 2477 1683 2510; x_wconf 93' lang='lat' dir='ltr'>ad</span> <span class='ocrx_word' id='word_1_765' title='bbox 1695 2478 1828 2520; x_wconf 73' lang='lat' dir='ltr'>ipsas-ex</span> <span class='ocrx_word' id='word_1_766' title='bbox 1840 2477 1906 2513; x_wconf 85' lang='lat' dir='ltr'>istis</span> <span class='ocrx_word' id='word_1_767' title='bbox 1930 2477 2050 2522; x_wconf 58' lang='lat' dir='ltr'>unguif</span> 
     </span>
     <span class='ocr_line' id='line_1_120' title="bbox 1170 2526 2049 2571; baseline -0.001 -9"><span class='ocrx_word' id='word_1_768' title='bbox 1170 2526 1230 2562; x_wconf 89' lang='lat' dir='ltr'>bus</span> <span class='ocrx_word' id='word_1_769' title='bbox 1244 2527 1429 2562; x_wconf 82' lang='lat' dir='ltr'>liberandas</span> <span class='ocrx_word' id='word_1_770' title='bbox 1440 2526 1562 2560; x_wconf 84' lang='lat' dir='ltr'>dudum</span> <span class='ocrx_word' id='word_1_771' title='bbox 1580 2527 1734 2571; x_wconf 88' lang='lat' dir='ltr'>Episcopi</span> <span class='ocrx_word' id='word_1_772' title='bbox 1745 2527 1948 2562; x_wconf 83' lang='lat' dir='ltr'>laborarunt.</span> <span class='ocrx_word' id='word_1_773' title='bbox 1982 2528 2049 2561; x_wconf 84' lang='lat' dir='ltr'>Ex-</span> 
     </span>
     <span class='ocr_line' id='line_1_121' title="bbox 1169 2576 2048 2622; baseline 0 -11"><span class='ocrx_word' id='word_1_774' title='bbox 1169 2577 1273 2619; x_wconf 82' lang='lat' dir='ltr'>pilatae</span> <span class='ocrx_word' id='word_1_775' title='bbox 1301 2576 1411 2619; x_wconf 82' lang='lat' dir='ltr'>passim</span> <span class='ocrx_word' id='word_1_776' title='bbox 1436 2587 1543 2618; x_wconf 82' lang='lat' dir='ltr'>erant,</span> <span class='ocrx_word' id='word_1_777' title='bbox 1570 2576 1708 2620; x_wconf 81' lang='lat' dir='ltr'>ideoque</span> <span class='ocrx_word' id='word_1_778' title='bbox 1735 2589 1802 2612; x_wconf 90' lang='lat' dir='ltr'>non</span> <span class='ocrx_word' id='word_1_779' title='bbox 1828 2578 1951 2622; x_wconf 83' lang='lat' dir='ltr'>gravari</span> <span class='ocrx_word' id='word_1_780' title='bbox 1980 2578 2048 2621; x_wconf 62' lang='lat' dir='ltr'>qui-&gt;</span> 
     </span>
     <span class='ocr_line' id='line_1_122' title="bbox 1168 2625 2046 2670; baseline 0.001 -10"><span class='ocrx_word' id='word_1_781' title='bbox 1168 2626 1242 2660; x_wconf 90' lang='lat' dir='ltr'>dem</span> <span class='ocrx_word' id='word_1_782' title='bbox 1256 2638 1314 2669; x_wconf 82' lang='lat' dir='ltr'>prae</span> <span class='ocrx_word' id='word_1_783' title='bbox 1326 2627 1446 2660; x_wconf 82' lang='lat' dir='ltr'>caeteris</span> <span class='ocrx_word' id='word_1_784' title='bbox 1457 2628 1543 2670; x_wconf 74' lang='lat' dir='ltr'>quast</span> <span class='ocrx_word' id='word_1_785' title='bbox 1555 2625 1599 2663; x_wconf 84' lang='lat' dir='ltr'>ob</span> <span class='ocrx_word' id='word_1_786' title='bbox 1621 2627 1819 2662; x_wconf 80' lang='lat' dir='ltr'>liberationis</span> <span class='ocrx_word' id='word_1_787' title='bbox 1849 2627 2046 2662; x_wconf 86' lang='lat' dir='ltr'>beneficium</span> 
     </span>
     <span class='ocr_line' id='line_1_123' title="bbox 1166 2676 2047 2721; baseline 0.001 -12"><span class='ocrx_word' id='word_1_788' title='bbox 1166 2676 1321 2710; x_wconf 80' lang='lat' dir='ltr'>Pontifex</span> <span class='ocrx_word' id='word_1_789' title='bbox 1332 2677 1473 2711; x_wconf 81' lang='lat' dir='ltr'>decrevit</span> <span class='ocrx_word' id='word_1_790' title='bbox 1488 2702 1497 2716; x_wconf 89' lang='lat'>‚</span> <span class='ocrx_word' id='word_1_791' title='bbox 1525 2678 1578 2711; x_wconf 84' lang='lat' dir='ltr'>sed</span> <span class='ocrx_word' id='word_1_792' title='bbox 1592 2689 1694 2721; x_wconf 88' lang='lat' dir='ltr'>neque</span> <span class='ocrx_word' id='word_1_793' title='bbox 1707 2678 1809 2712; x_wconf 86' lang='lat' dir='ltr'>voluit</span> <span class='ocrx_word' id='word_1_794' title='bbox 1822 2678 1887 2711; x_wconf 77' lang='lat' dir='ltr'>esse</span> <span class='ocrx_word' id='word_1_795' title='bbox 1897 2678 1914 2710; x_wconf 65' lang='lat'>31</span> <span class='ocrx_word' id='word_1_796' title='bbox 1929 2676 2047 2710; x_wconf 86' lang='lat' dir='ltr'>Cathe-</span> 
     </span>
     <span class='ocr_line' id='line_1_124' title="bbox 1169 2726 2046 2770; baseline -0.003 -9"><span class='ocrx_word' id='word_1_797' title='bbox 1169 2727 1295 2761; x_wconf 78' lang='lat' dir='ltr'>dsatico</span> <span class='ocrx_word' id='word_1_798' title='bbox 1305 2737 1485 2770; x_wconf 80' lang='lat' dir='ltr'>exemptas.</span> <span class='ocrx_word' id='word_1_799' title='bbox 1516 2728 1624 2761; x_wconf 82' lang='lat' dir='ltr'>Etiam</span> <span class='ocrx_word' id='word_1_800' title='bbox 1639 2730 1782 2762; x_wconf 83' lang='lat' dir='ltr'>oratoria</span> <span class='ocrx_word' id='word_1_801' title='bbox 1795 2729 1827 2762; x_wconf 91' lang='lat'>&amp;</span> <span class='ocrx_word' id='word_1_802' title='bbox 1842 2726 1981 2770; x_wconf 75' lang='lat' dir='ltr'>Capeuae</span> <span class='ocrx_word' id='word_1_803' title='bbox 2004 2737 2046 2759; x_wconf 82' lang='lat' dir='ltr'>te-</span> 
     </span>
     <span class='ocr_line' id='line_1_125' title="bbox 1168 2775 2048 2820; baseline -0.002 -10"><span class='ocrx_word' id='word_1_804' title='bbox 1168 2777 1327 2810; x_wconf 86' lang='lat' dir='ltr'>nebantur</span> <span class='ocrx_word' id='word_1_805' title='bbox 1336 2778 1375 2810; x_wconf 89' lang='lat' dir='ltr'>ad</span> <span class='ocrx_word' id='word_1_806' title='bbox 1390 2777 1596 2819; x_wconf 85' lang='lat' dir='ltr'>pendendum</span> <span class='ocrx_word' id='word_1_807' title='bbox 1607 2778 1733 2820; x_wconf 88' lang='lat' dir='ltr'>aliquid</span> <span class='ocrx_word' id='word_1_808' title='bbox 1747 2803 1757 2818; x_wconf 93' lang='lat'>,</span> <span class='ocrx_word' id='word_1_809' title='bbox 1785 2777 1824 2811; x_wconf 87' lang='lat' dir='ltr'>de</span> <span class='ocrx_word' id='word_1_810' title='bbox 1839 2789 1905 2820; x_wconf 88' lang='lat' dir='ltr'>quo</span> <span class='ocrx_word' id='word_1_811' title='bbox 1927 2777 1961 2809; x_wconf 90' lang='lat' dir='ltr'>in</span> <span class='ocrx_word' id='word_1_812' title='bbox 1984 2775 2048 2814; x_wconf 83' lang='lat' dir='ltr'>Ca-</span> 
     </span>
     <span class='ocr_line' id='line_1_126' title="bbox 1167 2825 2048 2870; baseline -0.002 -10"><span class='ocrx_word' id='word_1_813' title='bbox 1167 2826 1298 2860; x_wconf 89' lang='lat' dir='ltr'>nonicis</span> <span class='ocrx_word' id='word_1_814' title='bbox 1310 2825 1349 2860; x_wconf 85' lang='lat' dir='ltr'>ad</span> <span class='ocrx_word' id='word_1_815' title='bbox 1363 2825 1618 2870; x_wconf 88' lang='lat' dir='ltr'>Hedenulphum</span> <span class='ocrx_word' id='word_1_816' title='bbox 1634 2828 1751 2862; x_wconf 85' lang='lat' dir='ltr'>litteris</span> <span class='ocrx_word' id='word_1_817' title='bbox 1775 2827 1921 2862; x_wconf 86' lang='lat' dir='ltr'>laudatus</span> <span class='ocrx_word' id='word_1_818' title='bbox 1942 2825 2048 2866; x_wconf 65' lang='lat' dir='ltr'>Hinc7</span> 
     </span>
     <span class='ocr_line' id='line_1_127' title="bbox 1168 2874 2046 2920; baseline -0.001 -10"><span class='ocrx_word' id='word_1_819' title='bbox 1168 2887 1274 2910; x_wconf 85' lang='lat' dir='ltr'>marus</span> <span class='ocrx_word' id='word_1_820' title='bbox 1286 2888 1293 2907; x_wconf 93' lang='lat'><strong>:</strong></span> <span class='ocrx_word' id='word_1_821' title='bbox 1319 2879 1364 2909; x_wconf 90' lang='lat' dir='ltr'>De</span> <span class='ocrx_word' id='word_1_822' title='bbox 1375 2878 1506 2918; x_wconf 76' lang='lat' dir='ltr'>capellis</span> <span class='ocrx_word' id='word_1_823' title='bbox 1517 2879 1684 2919; x_wconf 79' lang='lat' dir='ltr'>antiquitus</span> <span class='ocrx_word' id='word_1_824' title='bbox 1688 2876 1832 2920; x_wconf 64' lang='lat' dir='ltr'>subjellis</span> <span class='ocrx_word' id='word_1_825' title='bbox 1843 2874 1974 2915; x_wconf 82' lang='lat' dir='ltr'>Ecclefiis</span> <span class='ocrx_word' id='word_1_826' title='bbox 1988 2886 2046 2909; x_wconf 76' lang='lat' dir='ltr'>non</span> 
     </span>
     <span class='ocr_line' id='line_1_128' title="bbox 1166 2925 2047 2969; baseline -0.001 -10"><span class='ocrx_word' id='word_1_827' title='bbox 1166 2928 1331 2969; x_wconf 79' lang='lat' dir='ltr'>aequalem,</span> <span class='ocrx_word' id='word_1_828' title='bbox 1341 2926 1414 2968; x_wconf 85' lang='lat' dir='ltr'>ficut</span> <span class='ocrx_word' id='word_1_829' title='bbox 1436 2928 1472 2960; x_wconf 81' lang='lat' dir='ltr'>de</span> <span class='ocrx_word' id='word_1_830' title='bbox 1491 2927 1705 2968; x_wconf 75' lang='lat' dir='ltr'>principalibus</span> <span class='ocrx_word' id='word_1_831' title='bbox 1731 2926 1864 2968; x_wconf 79' lang='lat' dir='ltr'>Ecclefiis</span> <span class='ocrx_word' id='word_1_832' title='bbox 1885 2949 1895 2965; x_wconf 86' lang='lat'>‚</span> <span class='ocrx_word' id='word_1_833' title='bbox 1920 2925 2047 2963; x_wconf 72' lang='lat' dir='ltr'>collatio-</span> 
     </span>
     <span class='ocr_line' id='line_1_129' title="bbox 1166 2973 2045 3020; baseline -0.002 -10"><span class='ocrx_word' id='word_1_834' title='bbox 1166 2989 1231 3010; x_wconf 88' lang='lat' dir='ltr'>nem</span> <span class='ocrx_word' id='word_1_835' title='bbox 1243 2983 1344 3020; x_wconf 80' lang='lat' dir='ltr'>exigat</span> <span class='ocrx_word' id='word_1_836' title='bbox 1359 2975 1522 3019; x_wconf 83' lang='lat' dir='ltr'>Episcopus</span> <span class='ocrx_word' id='word_1_837' title='bbox 1534 3003 1544 3017; x_wconf 87' lang='lat'>‚</span> <span class='ocrx_word' id='word_1_838' title='bbox 1563 2976 1624 3019; x_wconf 67' lang='lat' dir='ltr'>sed</span> <span class='ocrx_word' id='word_1_839' title='bbox 1630 2979 1809 3019; x_wconf 82' lang='lat' dir='ltr'>principalis</span> <span class='ocrx_word' id='word_1_840' title='bbox 1832 2973 1958 3014; x_wconf 79' lang='lat' dir='ltr'>Ecclesia</span> <span class='ocrx_word' id='word_1_841' title='bbox 1978 2987 2045 3009; x_wconf 86' lang='lat' dir='ltr'>cum</span> 
     </span>
     <span class='ocr_line' id='line_1_130' title="bbox 1158 3023 2045 3069; baseline -0.001 -11"><span class='ocrx_word' id='word_1_842' title='bbox 1158 3026 1213 3069; x_wconf 75' lang='lat' dir='ltr'>fibi</span> <span class='ocrx_word' id='word_1_843' title='bbox 1219 3025 1361 3069; x_wconf 64' lang='lat' dir='ltr'>subjeffls</span> <span class='ocrx_word' id='word_1_844' title='bbox 1372 3027 1502 3068; x_wconf 77' lang='lat' dir='ltr'>capellis</span> <span class='ocrx_word' id='word_1_845' title='bbox 1514 3027 1644 3061; x_wconf 77' lang='lat' dir='ltr'>debitam</span> <span class='ocrx_word' id='word_1_846' title='bbox 1657 3029 1691 3061; x_wconf 70' lang='lat'>&lt;9⁶</span> <span class='ocrx_word' id='word_1_847' title='bbox 1704 3025 1870 3067; x_wconf 70' lang='lat' dir='ltr'>antiquitus</span> <span class='ocrx_word' id='word_1_848' title='bbox 1882 3023 2045 3068; x_wconf 81' lang='lat' dir='ltr'>consuetam</span> 
     </span>
     <span class='ocr_line' id='line_1_131' title="bbox 1164 3076 1502 3117; baseline -0.003 -7"><span class='ocrx_word' id='word_1_849' title='bbox 1164 3077 1344 3110; x_wconf 82' lang='lat' dir='ltr'>collationem</span> <span class='ocrx_word' id='word_1_850' title='bbox 1352 3076 1484 3117; x_wconf 84' lang='lat' dir='ltr'>conferat</span> <span class='ocrx_word' id='word_1_851' title='bbox 1495 3102 1502 3108; x_wconf 82' lang='grc'><strong><em>,</em></strong></span> 
     </span>
    </p>

    <p class='ocr_par' dir='ltr' id='par_1_28' title="bbox 1164 3122 2046 3469">
     <span class='ocr_line' id='line_1_132' title="bbox 1180 3122 2046 3168; baseline 0.005 -13"><span class='ocrx_word' id='word_1_852' title='bbox 1180 3152 1183 3155; x_wconf 74' lang='grc'><strong>,</strong></span> <span class='ocrx_word' id='word_1_853' title='bbox 1214 3126 1327 3159; x_wconf 86' lang='lat' dir='ltr'>Altera</span> <span class='ocrx_word' id='word_1_854' title='bbox 1339 3125 1502 3168; x_wconf 89' lang='lat' dir='ltr'>Episcopo</span> <span class='ocrx_word' id='word_1_855' title='bbox 1513 3127 1530 3158; x_wconf 76' lang='grc' dir='ltr'>ὲ</span> <span class='ocrx_word' id='word_1_856' title='bbox 1545 3124 1689 3167; x_wconf 70' lang='lat' dir='ltr'>subJectis</span> <span class='ocrx_word' id='word_1_857' title='bbox 1701 3124 1850 3160; x_wconf 84' lang='lat' dir='ltr'>Eccleliis</span> <span class='ocrx_word' id='word_1_858' title='bbox 1858 3122 1968 3159; x_wconf 81' lang='lat' dir='ltr'>debita</span> <span class='ocrx_word' id='word_1_859' title='bbox 1979 3126 2046 3164; x_wconf 81' lang='lat' dir='ltr'>col-</span> 
     </span>
     <span class='ocr_line' id='line_1_133' title="bbox 1167 3174 2046 3219; baseline -0.001 -10"><span class='ocrx_word' id='word_1_860' title='bbox 1167 3176 1247 3210; x_wconf 84' lang='lat' dir='ltr'>latio</span> <span class='ocrx_word' id='word_1_861' title='bbox 1259 3174 1303 3208; x_wconf 87' lang='lat' dir='ltr'>est</span> <span class='ocrx_word' id='word_1_862' title='bbox 1318 3174 1556 3215; x_wconf 89' lang='lat' dir='ltr'>Synodaticum</span> <span class='ocrx_word' id='word_1_863' title='bbox 1568 3199 1578 3214; x_wconf 94' lang='lat'>,</span> <span class='ocrx_word' id='word_1_864' title='bbox 1591 3175 1642 3208; x_wconf 88' lang='lat' dir='ltr'>seu</span> <span class='ocrx_word' id='word_1_865' title='bbox 1656 3187 1713 3218; x_wconf 83' lang='lat' dir='ltr'>pro</span> <span class='ocrx_word' id='word_1_866' title='bbox 1726 3174 1974 3211; x_wconf 86' lang='lat' dir='ltr'>clebrandarum</span> <span class='ocrx_word' id='word_1_867' title='bbox 1989 3177 2046 3219; x_wconf 88' lang='lat' dir='ltr'>sy-</span> 
     </span>
     <span class='ocr_line' id='line_1_134' title="bbox 1167 3223 2045 3267; baseline 0.001 -8"><span class='ocrx_word' id='word_1_868' title='bbox 1167 3225 1329 3259; x_wconf 83' lang='lat' dir='ltr'>nodorum</span> <span class='ocrx_word' id='word_1_869' title='bbox 1344 3223 1495 3265; x_wconf 83' lang='lat' dir='ltr'>impensis</span> <span class='ocrx_word' id='word_1_870' title='bbox 1517 3223 1901 3267; x_wconf 73' lang='lat' dir='ltr'>aliquodadjumentum</span> <span class='ocrx_word' id='word_1_871' title='bbox 1915 3250 1922 3257; x_wconf 91' lang='lat'><strong>.</strong></span> <span class='ocrx_word' id='word_1_872' title='bbox 1950 3226 2045 3260; x_wconf 90' lang='lat' dir='ltr'>Hinc</span> 
     </span>
     <span class='ocr_line' id='line_1_135' title="bbox 1164 3273 2046 3317; baseline 0.001 -9"><span class='ocrx_word' id='word_1_873' title='bbox 1164 3276 1255 3308; x_wconf 88' lang='lat' dir='ltr'>enim</span> <span class='ocrx_word' id='word_1_874' title='bbox 1281 3273 1471 3314; x_wconf 81' lang='lat' dir='ltr'>quibusdam</span> <span class='ocrx_word' id='word_1_875' title='bbox 1498 3273 1539 3307; x_wconf 88' lang='lat' dir='ltr'>ad</span> <span class='ocrx_word' id='word_1_876' title='bbox 1564 3274 1673 3309; x_wconf 61' lang='lat' dir='ltr'>sanai</span> <span class='ocrx_word' id='word_1_877' title='bbox 1695 3275 1849 3317; x_wconf 81' lang='lat' dir='ltr'>Dionysii</span> <span class='ocrx_word' id='word_1_878' title='bbox 1877 3275 2046 3309; x_wconf 83' lang='lat' dir='ltr'>Monaste-</span> 
     </span>
     <span class='ocr_line' id='line_1_136' title="bbox 1166 3321 2041 3369; baseline -0.001 -11"><span class='ocrx_word' id='word_1_879' title='bbox 1166 3326 1248 3358; x_wconf 91' lang='lat' dir='ltr'>rium</span> <span class='ocrx_word' id='word_1_880' title='bbox 1269 3321 1482 3366; x_wconf 64' lang='lat' dir='ltr'>spediantibus</span> <span class='ocrx_word' id='word_1_881' title='bbox 1498 3323 1647 3358; x_wconf 86' lang='lat' dir='ltr'>Ecclesiis</span> <span class='ocrx_word' id='word_1_882' title='bbox 1663 3324 1911 3359; x_wconf 78' lang='lat' dir='ltr'>parochialibus</span> <span class='ocrx_word' id='word_1_883' title='bbox 1923 3336 2041 3369; x_wconf 68' lang='lat' dir='ltr'>‚atque</span> 
     </span>
     <span class='ocr_line' id='line_1_137' title="bbox 1168 3371 2042 3420; baseline -0.002 -13"><span class='ocrx_word' id='word_1_884' title='bbox 1168 3375 1305 3417; x_wconf 78' lang='lat' dir='ltr'>ipsarum</span> <span class='ocrx_word' id='word_1_885' title='bbox 1332 3372 1469 3409; x_wconf 85' lang='lat' dir='ltr'>Clericis</span> <span class='ocrx_word' id='word_1_886' title='bbox 1487 3371 1595 3412; x_wconf 72' lang='lat' dir='ltr'>hocce</span> <span class='ocrx_word' id='word_1_887' title='bbox 1618 3374 1824 3420; x_wconf 84' lang='lat' dir='ltr'>privilegium</span> <span class='ocrx_word' id='word_1_888' title='bbox 1846 3375 1937 3410; x_wconf 88' lang='lat' dir='ltr'>dedit</span> <span class='ocrx_word' id='word_1_889' title='bbox 1959 3376 2042 3406; x_wconf 81' lang='lat' dir='ltr'>Lan-</span> 
     </span>
     <span class='ocr_line' id='line_1_138' title="bbox 1170 3422 2042 3469; baseline -0.005 -9"><span class='ocrx_word' id='word_1_890' title='bbox 1170 3423 1292 3461; x_wconf 65' lang='lat' dir='ltr'>detieus</span> <span class='ocrx_word' id='word_1_891' title='bbox 1318 3422 1495 3462; x_wconf 71' lang='lat' dir='ltr'>Parifienfis</span> <span class='ocrx_word' id='word_1_892' title='bbox 1522 3423 1700 3469; x_wconf 79' lang='lat' dir='ltr'>Episcopus</span> <span class='ocrx_word' id='word_1_893' title='bbox 1723 3438 1731 3458; x_wconf 78' lang='grc' dir='ltr'><strong><em>ε</em></strong></span> <span class='ocrx_word' id='word_1_894' title='bbox 1759 3430 1798 3460; x_wconf 88' lang='lat' dir='ltr'>Ut</span> <span class='ocrx_word' id='word_1_895' title='bbox 1817 3424 1877 3467; x_wconf 76' lang='lat' dir='ltr'>sint</span> <span class='ocrx_word' id='word_1_896' title='bbox 1901 3424 1983 3456; x_wconf 80' lang='lat' dir='ltr'>liberi</span> <span class='ocrx_word' id='word_1_897' title='bbox 2008 3423 2042 3456; x_wconf 64' lang='grc' dir='ltr'>ἐν</span> 
     </span>
    </p>
   </div>
   <div class='ocr_carea' id='block_1_26' title="bbox 1552 3470 1991 3516">
    <p class='ocr_par' dir='ltr' id='par_1_29' title="bbox 1552 3470 1991 3516">
     <span class='ocr_line' id='line_1_139' title="bbox 1552 3470 1991 3516; baseline -0.005 -6"><span class='ocrx_word' id='word_1_898' title='bbox 1552 3474 1587 3510; x_wconf 82' lang='grc' dir='ltr'><strong>Ν</strong></span> <span class='ocrx_word' id='word_1_899' title='bbox 1882 3470 1991 3516; x_wconf 66' lang='lat' dir='ltr'>absun-</span> 
     </span>
    </p>
   </div>
   <div class='ocr_carea' id='block_1_27' title="bbox 2157 1112 2184 1137">
    <p class='ocr_par' dir='ltr' id='par_1_30' title="bbox 2157 1112 2184 1137">
     <span class='ocr_line' id='line_1_140' title="bbox 2157 1112 2184 1137; baseline 0 -7"><span class='ocrx_word' id='word_1_900' title='bbox 2157 1112 2184 1137; x_wconf 76' lang='lat'>3.</span> 
     </span>
    </p>
   </div>
   <div class='ocr_carea' id='block_1_28' title="bbox 2077 2061 2189 2100">
    <p class='ocr_par' dir='ltr' id='par_1_31' title="bbox 2077 2061 2189 2100">
     <span class='ocr_line' id='line_1_141' title="bbox 2077 2061 2189 2100; baseline 0.009 -9"><span class='ocrx_word' id='word_1_901' title='bbox 2077 2061 2137 2092; x_wconf 85' lang='lat' dir='ltr'>Lib.</span> <span class='ocrx_word' id='word_1_902' title='bbox 2159 2072 2189 2100; x_wconf 83' lang='lat'>3.</span> 
     </span>
    </p>
   </div>
   <div class='ocr_carea' id='block_1_29' title="bbox 1170 2107 2202 2179">
    <p class='ocr_par' dir='ltr' id='par_1_32' title="bbox 1170 2107 2202 2179">
     <span class='ocr_line' id='line_1_142' title="bbox 1170 2107 2202 2179; baseline -0.002 -18"><span class='ocrx_word' id='word_1_903' title='bbox 1170 2128 1210 2161; x_wconf 86' lang='lat' dir='ltr'>rii</span> <span class='ocrx_word' id='word_1_904' title='bbox 1238 2126 1405 2162; x_wconf 90' lang='lat' dir='ltr'>Abbatem</span> <span class='ocrx_word' id='word_1_905' title='bbox 1432 2128 1647 2162; x_wconf 75' lang='lat' dir='ltr'>Innocentius</span> <span class='ocrx_word' id='word_1_906' title='bbox 1674 2127 1806 2161; x_wconf 84' lang='lat' dir='ltr'>tertius.</span> <span class='ocrx_word' id='word_1_907' title='bbox 1838 2127 1882 2159; x_wconf 88' lang='lat' dir='ltr'>Et</span> <span class='ocrx_word' id='word_1_908' title='bbox 1907 2126 1947 2160; x_wconf 86' lang='lat' dir='ltr'>ad</span> <span class='ocrx_word' id='word_1_909' title='bbox 1973 2126 2055 2160; x_wconf 85' lang='lat' dir='ltr'>Car·</span> <span class='ocrx_word' id='word_1_910' title='bbox 2073 2107 2202 2179; x_wconf 47' lang='grc' dir='ltr'>ἑξᾷ3ἒ</span> 
     </span>
    </p>
   </div>
   <div class='ocr_carea' id='block_1_30' title="bbox 2070 2258 2204 2334">
    <p class='ocr_par' dir='ltr' id='par_1_33' title="bbox 2070 2258 2204 2334">
     <span class='ocr_line' id='line_1_143' title="bbox 2070 2258 2204 2291; baseline 0 -6"><span class='ocrx_word' id='word_1_911' title='bbox 2070 2258 2134 2286; x_wconf 78' lang='lat' dir='ltr'>Tit..</span> <span class='ocrx_word' id='word_1_912' title='bbox 2154 2265 2204 2291; x_wconf 69' lang='lat'>39.</span> 
     </span>
     <span class='ocr_line' id='line_1_144' title="bbox 2071 2302 2189 2334; baseline -0.008 -8"><span class='ocrx_word' id='word_1_913' title='bbox 2071 2305 2139 2334; x_wconf 77' lang='lat' dir='ltr'>cap.</span> <span class='ocrx_word' id='word_1_914' title='bbox 2162 2302 2189 2329; x_wconf 59' lang='lat'>52.</span> 
     </span>
    </p>
   </div>
  </div>
 </body>
</html>
