2352 3736
123 1975 182 2008 Lib.
213 1986 238 2010 1G

139 2782 210 2823 Cap·
231 2790 275 2819 ,⁷¹-

150 3317 225 3355 (ἰαρ-
255 3325 284 3351 9.

369 170 466 213 260
711 157 1043 203 SANc'rl

298 243 521 287 prodefensione
532 247 691 275 veritatis.
719 243 818 276 Hanc
831 239 970 274 haerefim
991 240 1098 273 asserit
1123 240 1186 274 effe

1114 157 1449 204 LeoN1s

1521 160 1782 221 N0N1‚

1247 239 1375 284 consultu
1380 240 1427 284 fiii
1449 245 1546 286 Regni
1569 240 1742 293 Pontificum
1765 252 1977 296 Procerumque
1989 279 1998 295 ,
2026 260 2127 289 Conci-

300 295 522 331 manzferiam,
550 291 746 329 &omnium
768 292 902 326 Patrum
925 287 1036 322 lucido
1061 288 1185 333 judicio
1242 292 1315 328 lium
1329 291 1450 333 Parisiis
1461 299 1521 337 cogi
1539 295 1654 327 decimo
1664 296 1791 339 septimo
1813 301 1971 338 Kalendas
1994 310 2126 339 Novem-

300 344 511 382 damnatam,
536 342 570 376 ὃς
591 344 717 387 pergit.-
743 339 944 383 ,Quamobrem
968 342 1136 374 Brunonem
1153 343 1186 375 <9⁹
1245 342 1306 374 bris
1325 349 1491 385 praecepit,
1520 355 1553 376 ac
1566 345 1736 387 praefatum
1762 350 1994 398 flemma-um,
2019 365 2052 397 w
2073 365 2126 389 am

297 396 512 433 Berengarium
551 395 622 434 jam
655 389 929 425 anathematizatos
975 389 1154 424 arbitramur
1177 416 1183 424 .

299 440 422 483 ‚Quodsi
431 447 476 475 ita
486 441 524 481 efi‘
537 467 547 482 ,
574 443 644 476 vere*
654 441 711 473 illis
725 441 849 474 concilii
862 439 1017 472 audientia
1040 441 1184 485 denegan-

297 482 419 537 Αιτέβ,
440 491 673 532 &cumvestris,
699 501 822 534 cumque
832 489 935 528 nostris
957 489 1113 533 Episcopis
1129 506 1153 532 ,⁷
1162 490 1188 533 si

297 556 344 582 tta
354 547 437 582 vobis
450 545 589 583 videtur,
614 552 677 574 cum
688 547 779 574 amico
790 539 884 580 vestro
894 544 1093 582 Imperatore,
1116 552 1183 575 cum

297 596 489 641 ipsovaapa,
516 584 586 634 quatv
606 590 745 624 vindic‘la
771 595 802 623 in
822 601 867 623 eos
881 589 1054 630 statuatur,
1082 592 1185 625 delibe-

299 648 426 682 randum
439 669 446 675 .
475 642 529 684 Est
539 647 619 677 enim
625 640 759 682 justum,
785 649 817 673 ut
837 652 958 683 quorum
982 653 1090 673 manus
1111 640 1184 684 sunt

297 705 399 732 contra
424 704 524 727 omnes
545 718 556 734 ,
581 699 709 724 omnium
748 702 853 727 manus
875 696 973 729 etiam
985 700 1088 723 contra
1107 690 1184 733 ipsos

297 753 465 783 excitentur
483 768 491 776 .
515 742 545 777 A
575 742 710 776 Comite
734 740 905 778 Richardo
921 741 1085 784 persuasus
1110 741 1184 775 Rex

296 797 438 834 Parisios
458 793 654 828 convocavit
675 791 787 836 Regni
805 790 853 824 sui
873 791 1101 835 Episcopalem
1126 792 1184 835 Sy-

297 847 446 887 nodum‚
473 845 622 887 ipsosque
634 842 733 875 etiam
754 842 945 876 Brunonem
964 852 1002 877 ac
1025 840 1184 886 Berenga-

297 899 404 937 rium,
432 887 531 938 atque
557 893 701 937 ipsorum
726 892 854 925 causam
879 890 966 934 juffit
999 892 1181 930 retractari,

299 948 404 995 Qod
436 941 719 989 degradandorutn
741 941 982 984 Episcopomm
1013 942 1184 981 auetorita-

298 1010 365 1037 tem
380 1023 390 1037 ‚
418 1007 504 1031 nova
515 995 694 1029 canonum
707 1003 763 1035 per
779 991 936 1025 indorum
960 991 1183 1026 mercatorem

297 1050 333 1083 in
356 1045 526 1082 Franciam
548 1043 718 1087 deportata
742 1041 938 1076 collestione
957 1041 1080 1082 fretus,
1106 1040 1185 1076 Pro·

297 1097 492 1135 vincialibus
508 1092 843 1138 Synodisabrogarit,
870 1103 909 1125 ac
931 1090 1131 1134 Apostolicae
1142 1093 1184 1125 se-

297 1149 331 1183 di
352 1147 517 1182 reservarit
542 1144 704 1178 Nicolaus
727 1143 850 1185 primus
874 1142 1039 1176 Pontifex
1061 1167 1071 1182 ,
1111 1153 1180 1178 non

297 1199 417 1243 absque
437 1195 661 1233 fundamentis
681 1193 818 1228 affirmat
838 1193 876 1226 in
898 1202 996 1236 opere
1016 1191 1058 1226 de
1081 1191 1184 1226 Sacer-

297 1248 383 1289 dotii
405 1249 440 1287 ὅς
460 1246 590 1290 imperii
612 1243 792 1281 concordia
814 1242 984 1279 Dominus
1003 1242 1119 1277 Petrus
1142 1240 1184 1276 de

297 1301 412 1333 Marca
432 1323 439 1330 .
467 1294 642 1345 Qidquid
669 1295 730 1333 fit,
757 1292 816 1327 ista
836 1291 947 1336 regula
973 1290 1183 1335 postmodum

298 1350 333 1383 in
355 1347 464 1382 Gallia
484 1345 566 1381 adeo
590 1345 700 1389 viguit
722 1366 734 1382 ,
760 1353 796 1379 ut
827 1342 1012 1382 Gerardum
1034 1342 1184 1388 Engolis-

297 1399 443 1434 mensem
465 1396 664 1439 Episcopum
687 1394 848 1427 Romanae
870 1392 1067 1437 Legationis
1094 1392 1185 1438 vigo-

298 1461 331 1484 re
358 1449 541 1491 Episcopos
562 1443 738 1490 degradare
764 1451 948 1478 tentantem
974 1465 986 1483 ‚
1011 1443 1051 1477 de
1073 1442 1185 1481 invaso

299 1501 369 1543 ipso
382 1495 568 1541 Apostolici
579 1494 736 1530 culminis
757 1492 848 1534 apice
869 1502 984 1537 arguat
1010 1492 1185 1527 Goffredue

298 1549 415 1583 Abbas
443 1544 697 1583 Vindocinenfis
718 1567 725 1580 .,
763 1542 816 1575 Ex
836 1541 949 1575 eadem
971 1541 1081 1586 regula
1100 1541 1183 1580 hanc

297 1597 473 1641 synodum
487 1595 534 1630 uti
555 1594 754 1633 inefficacem
779 1603 816 1626 ac
836 1591 1014 1632 inutilem,
1041 1591 1111 1630 imo
1136 1592 1183 1626 uri

297 1650 331 1683 δε
368 1647 506 1683 noxiam
526 1669 537 1685 ‚
564 1641 725 1682 dissuadet
759 1639 997 1679 Theoduinus.
1024 1640 1131 1678 Addit
1153 1642 1185 1674 δε

297 1700 396 1732 aliam
416 1694 661 1730 vetustissimam
687 1691 857 1735 regulam.
882 1701 925 1729 ex
951 1701 1013 1733 qua
1039 1689 1187 1724 adversus

297 1748 463 1791 Julianum
476 1756 513 1779 ac
523 1744 605 1776 alios
618 1740 814 1786 Pelagianos
837 1738 1037 1783 Episcopos,
1063 1739 1120 1781 qui
1146 1739 1187 1773 ab

297 1796 498 1831 Innocentio
508 1795 542 1828 &
556 1792 696 1827 zozimo
712 1790 931 1827 Pontificibus
944 1790 1058 1824 datum
1071 1789 1112 1823 de
1132 1788 1188 1823 Pe-

298 1849 387 1892 lagio
402 1858 440 1881 ac
452 1845 520 1889 ejus
531 1841 854 1887 dogmatejudicium
876 1840 1037 1875 retraetari
1061 1851 1115 1884 per
1137 1851 1188 1885 ge-

299 1898 443 1931 neralem
480 1894 655 1937 Synodum
677 1889 928 1935 expostulabant
953 1891 971 1923 a
997 1888 1190 1924 Theodosio

298 1949 516 1990 Imperatore,
542 1941 582 1980 ad
595 1942 804 1976 Bonifacium
816 1940 959 1983 primum
971 1941 1091 1984 scripsit
1115 1941 1192 1974 San·

300 2000 369 2033 &us
387 1994 612 2040 Augustinus;
643 1999 715 2026 Haee
732 1991 913 2025 execrabilia
932 1991 1073 2035 dogmata
1091 2000 1190 2025 tenen-

299 2055 342 2083 tes
366 2049 400 2081 (9·
407 2044 616 2089 seminantes,
642 2040 741 2074 adhuc
764 2039 884 2084 insuper
912 2041 1052 2083 flagitant
1073 2043 1191 2074 audien-

299 2104 375 2132 tiam
387 2121 396 2136 ,
423 2107 487 2129 cum
498 2096 635 2127 damnati
646 2091 772 2130 debeant
784 2102 869 2137 agere
877 2096 1087 2136 poenitentiam
1102 2116 1108 2122 .
1137 2093 1195 2134 Sy·

301 2147 421 2182 nodale
431 2143 689 2181 acdefinitivum
713 2141 874 2174 Romanae
899 2140 1047 2175 Ecclefiae
1067 2140 1108 2174 de
1130 2141 1195 2174 fide

302 2199 462 2242 judicium
472 2196 536 2229 sine
547 2194 614 2237 ejus
626 2193 717 2226 venia
731 2192 889 2225 retraetari
905 2202 972 2227 non
985 2191 1072 2239 posse
1083 2191 1101 2225 a
1120 2190 1196 2229 Gal-

304 2249 410 2282 licana
427 2245 566 2281 Ecclefia
577 2243 659 2279 dicit
676 2243 781 2279 >etiam
805 2239 1030 2277 Theoduinus
1045 2265 1055 2281 ‚
1082 2242 1193 2276 asseve-

304 2309 353 2332 rat
368 2296 604 2341 Betengarium
627 2292 790 2328 &Romae
810 2291 845 2324 δε
868 2290 1030 2327 Vercellis
1049 2290 1196 2336 legitime

305 2348 518 2386 damnatum,
544 2345 686 2387 ideoque
702 2340 786 2375 nihil
805 2341 981 2384 superesse,
1008 2341 1065 2375 nili
1088 2352 1123 2375 ut
1146 2342 1194 2375 vel

304 2401 483 2443 spontanea
511 2394 705 2439 poenitentia
732 2393 933 2436 corrigatur,
961 2392 1012 2425 vel
1054 2403 1109 2435 per
1134 2391 1194 2427 Ιησ-Ἰ

306 2448 433 2492 perialis
453 2459 490 2481 ac
512 2445 611 2489 Regii
634 2441 764 2478 Brachii
782 2441 822 2476 ab
844 2442 995 2476 Henrico
1019 2442 1193 2485 Imperato-

305 2498 383 2534 re&
404 2497 555 2532 Henrico
578 2496 671 2539 Rege
693 2492 901 2527 concorditer
916 2490 1063 2525 dandum
1086 2492 1192 2526 Leoni

306 2548 465 2582 Pontifici
477 2545 639 2582 auxilium
652 2543 691 2578 ad
704 2553 895 2590 perpetuum
918 2541 1085 2580 silentium
1107 2553 1195 2580 com..

305 2596 458 2644 pellatur,

358 2649 504 2681 Auream
513 2642 709 2677 Theoduini
719 2639 901 2685 Epistolam
914 2638 1032 2674 merito
1044 2641 1192 2684 praedicat

308 2699 344 2732 in
356 2698 418 2732 suis
429 2697 470 2730 ad
485 2694 618 2738 AEgidii
632 2692 821 2727 Leodienfis
831 2690 997 2726 Canonici
1021 2692 1196 2734 Epist-epa*

309 2749 374 2783 lem
402 2745 584 2781 Historiam
623 2743 711 2779 notis
747 2744 885 2786 Joannes
923 2739 1156 2784 Chapeauville
1184 2766 1194 2781 ‚

309 2801 341 2833 ὅ(
368 2796 536 2841 adjungit:
564 2797 622 2828 His
633 2798 756 2835 acceptis
768 2795 908 2825 Hem-icus
922 2795 1107 2828 Francorum
1127 2796 1194 2825 Rex

312 2851 419 2882 litteris
437 2872 448 2888 ,
474 2847 545 2878 bene
570 2846 590 2879 ,ἂ
613 2852 697 2876 tanto
709 2842 843 2881 antistite
862 2840 1038 2884 perficasics,
1067 2844 1087 2874 ἃ
1105 2850 1195 2883 coepto

313 2901 440 2932 creditur
467 2895 617 2938 destitisse.
646 2899 718 2926 Non
739 2899 818 2925 enim
842 2890 904 2934 ipse
928 2893 998 2924 dum
1009 2897 1091 2924 vixit
1105 2916 1116 2931 ‚
1141 2893 1196 2923 ali-

315 2952 391 2990 quod
405 2946 495 2990 fuiffe
515 2954 618 2978 contra
642 2947 858 2987 Bercngarium
879 2943 914 2975 Cb·
930 2940 1040 2984 socium
1062 2946 1197 2982 impieta-

317 3005 355 3031 tis
385 2998 529 3035 collec‘lum
561 2997 724 3028 Concilium
751 2997 891 3026 memoria
915 2996 1063 3033 reperitur
1083 3016 1094 3032 ,
1138 2999 1198 3026 icut

318 3049 437 3080 aliorum
460 3047 652 3081 Conciliorum
674 3045 756 3088 longe
783 3046 904 3077 minoris
927 3046 1065 3074 momenti
1087 3066 1094 3073 .
1133 3040 1198 3077 Ve-

319 3096 391 3128 rum
403 3099 451 3128 vir
461 3097 603 3130 eruditus
616 3106 684 3128 non
696 3094 820 3128 viderat
831 3102 911 3125 tunc
926 3091 1065 3128 necdum
1080 3091 1098 3125 ὲ,
1110 3091 1198 3125 Luca

319 3144 484 3178 Dacher'ao
503 3146 627 3179 editum
648 3143 801 3179 Durandi
822 3141 1039 3179 Troarnenfis
1060 3140 1199 3179 Abbatis

321 3194 469 3227 adversus
483 3195 755 3237 Berengariurnac
766 3193 833 3236 ejus
854 3203 975 3226 errores
997 3189 1140 3231 librum,
1165 3191 1199 3224 in

323 3255 389 3288 quo
416 3241 479 3275 haec
507 3243 688 3276 habemus:
716 3248 794 3277 Cum
819 3249 900 3275 tanti
938 3243 1010 3275 mali
1031 3241 1122 3283 fama
1142 3252 1200 3274 cre-

325 3292 466 3336 bresceret
490 3314 500 3330 ,
536 3293 569 3323 (st
607 3298 734 3324 omnium
767 3293 855 3326 corda
887 3291 1018 3333 fidelium
1054 3291 1202 3330 vehemen-

328 3349 387 3379 tius
412 3341 576 3384 percelleret
599 3363 610 3378 ‚
645 3349 752 3382 perque
793 3343 899 3374 multos
926 3340 1090 3385 hujusmodi
1116 3348 1200 3375 virus

326 3396 451 3427 latenter
467 3391 506 3423 «Θ
517 3391 618 3431 aperte
622 3390 690 3429 jam
698 3389 824 3430 serperet
836 3415 846 3430 ‚
871 3397 990 3434 contigit
1003 3399 1035 3423 ut
1055 3394 1100 3425 ad
1116 3403 1202 3424 aures

328 3451 419 3481 etiam
454 3444 544 3485 Regis
573 3443 755 3474 Francorum
781 3443 896 3472 chrici
923 3447 1095 3482 perveniret
1110 3466 1121 3482 ,
1153 3446 1203 3483 qui

1239 390 1295 434 sua
1307 393 1388 426 dic‘ia
1402 397 1532 427 Patrum
1542 395 1863 440 auc‘ioritatefirmaret
1872 403 1976 437 multis
1981 401 2037 443 fibi
2045 406 2127 443 obni-

1244 442 1375 476 tentibus
1386 467 1397 483 ‚
1425 452 1477 477 aut
1480 443 1511 486 fi
1523 456 1559 478 ea
1578 446 1738 487 defendere
1758 455 1892 490 nequiret
1904 475 1914 491 ,
1941 457 1973 484 in
1998 445 2126 489 Catholi-

1244 503 1308 528 cam
1322 517 1332 532 ,
1357 499 1402 526 cui
1425 494 1546 528 obviare
1567 497 1625 530 iton
1642 499 1755 540 poffet,
1779 501 1946 541 prudenter
1964 502 2125 546 transiret,

1245 543 1373 587 interesse
1383 553 1535 578 tantorum
1546 550 1645 580 Caetui
1658 551 1786 583 Parrum
1807 554 1970 593 imperavit
1984 577 1991 584 .
2012 557 2128 593 Interea

1244 594 1375 629 condu‘ia
1388 605 1513 628 venerat
1522 597 1584 629 dies
1596 621 1607 637 ,
1625 596 1832 643 frequensque
1851 605 2023 635 Conuentus
2047 606 2131 637 ΡΜ-

1239 642 1338 686 sulum
1353 656 1387 678 ac
1399 647 1573 689 reliquorum
1585 648 1685 680 Sanc‘li
1708 651 1831 684 Ordinis
1855 649 2051 694 clericorum,
2079 665 2130 687 nec

1246 706 1302 727 non
1315 696 1474 728 Nobilium
1487 700 1641 731 Laicorum
1653 695 1884 741 Parifiesfac‘lus
1909 701 1947 740 est
1957 728 1967 742 ,
1991 701 2050 746 sed
2060 706 2131 745 jam

1245 744 1341 777 Mus
1355 748 1553 790 Berengarius
1566 749 1655 782 malae
1667 748 1846 791 conscientiae
1853 751 2000 795 perculsus
2012 763 2130 794 terrore,

1243 800 1274 825 ut
1285 794 1382 838 juffus
1395 805 1461 829 erat
1477 819 1488 835 ,
1514 808 1544 829 eo
1556 798 1796 840 veniredistulit‚
1817 801 1907 845 seque
1926 814 1991 835 cum
2014 806 2134 837 Brunoe

1244 855 1280 879 ne
1300 869 1312 884 ,
1333 843 1386 887 suo
1406 847 1547 880 videlicet
1564 847 1707 890 Episcopo
1737 851 1948 895 Andegavenfi
1959 877 1970 893 ‚
1991 851 2050 895 sub
2075 865 2132 897 quo

1244 894 1450 929 Archidiaconi
1453 895 1640 940 fungebatur
1651 899 1755 933 bonore
1769 924 1780 941 ,
1801 910 1860 944 pro
1882 914 1914 936 eo
1927 905 2059 941 maxime
2070 915 2134 937 con-

1243 949 1336 978 tinuit
1348 968 1360 984 ,
1384 951 1456 987 quia
1470 950 1568 979 eodem
1580 959 1674 982 errore
1685 974 1697 990 ‚
1722 959 1823 993 utpote
1843 958 1928 990 tanti
1947 959 2010 987 viri
2034 956 2135 990 credu-

1243 994 1289 1026 lus
1302 1017 1312 1034 ‚
1325 996 1359 1028 (5
1370 993 1432 1037 ipse
1442 994 1610 1038 noftebatur
1620 1002 1739 1034 involvi
1749 1026 1756 1033 .
1790 1006 1906 1036 Interea
1916 1002 2036 1047 Praesul
2045 1010 2134 1038 Aure-

1245 1043 1380 1084 lianensts
1391 1045 1534 1088 quosdam
1543 1053 1639 1088 apices
1650 1055 1682 1081 in
1687 1049 1796 1091 scheda
1805 1051 1891 1086 haud
1894 1061 1996 1095 parua
2008 1055 2131 1098 dgeflos

1243 1101 1277 1127 in
1300 1092 1449 1135 conspec‘lu
1475 1101 1604 1128 omnium
1620 1119 1632 1135 ,
1657 1099 1691 1131 Θ
1714 1102 1803 1143 Regis
1826 1125 1838 1141 ,
1863 1107 2006 1136 intererat
2031 1112 2133 1148 enim,

1238 1145 1384 1185 protulit.
1412 1147 1458 1176 Et
1464 1150 1625 1187 praecipiat
1635 1171 1646 1187 ,
1673 1153 1791 1190 inquit,
1803 1149 1901 1183 vellra
1915 1154 1934 1184 5
1936 1153 2064 1186 anditas
2077 1155 2134 1187 im

1244 1195 1362 1228 litteras
1372 1197 1392 1230 a*
1406 1196 1589 1239 Berengario
1604 1198 1706 1235 editas
1717 1224 1728 1239 ,
1747 1198 1873 1240 silibet,
1899 1207 2043 1243 recitari,
2056 1214 2135 1245 quas

1243 1256 1293 1288 ego
1304 1245 1426 1286 quidem
1436 1244 1548 1287 abipso
1568 1259 1755 1295 nequaquam
1778 1257 1899 1292 accepi,
1920 1249 1980 1294 sed
1998 1262 2065 1286 cum
2085 1264 2138 1287 eas

1244 1296 1361 1327 cuidam
1375 1293 1430 1337 suo
1444 1295 1619 1338 familiari,
1645 1304 1761 1344 nomine
1777 1302 1896 1340 Paulo,
1920 1309 1979 1342 per
2010 1304 2140 1337 Vereda-

1245 1352 1323 1377 rium
1336 1346 1498 1388 dirigeret,
1523 1350 1669 1383 violenter·
1692 1354 1802 1390 rapui.
1829 1352 1947 1395 ,Quibus
1971 1351 2137 1395 fiisceptIs,

1245 1396 1278 1428 (15
1289 1396 1335 1431 ad
1342 1397 1527 1430 recitandum
1552 1398 1678 1434 traditis
1688 1421 1699 1436 ‚
1724 1406 1853 1437 omnium
1864 1412 1952 1435 aures
1963 1408 2115 1446 eriguntur
2127 1428 2139 1444 ‚

1246 1456 1297 1478 ora
1323 1451 1356 1483 in
1371 1444 1521 1485 file-mium
1540 1456 1753 1490 componuntur
1766 1474 1778 1490 ,
1803 1452 1895 1484 corda
1919 1453 1963 1484 ad
1975 1453 2141 1497 intelligen-

1247 1496 1316 1527 dum
1341 1506 1408 1537 quae
1431 1497 1659 1531 continebantur
1682 1505 1715 1535 in
1741 1506 1785 1533 eis
1805 1509 2025 1544 praeparantur
2047 1529 2055 1536 .
2082 1504 2142 1541 Sed

1246 1550 1327 1577 inter
1340 1546 1495 1588 legendum
1512 1548 1552 1588 fit
1573 1549 1698 1582 multum
1716 1554 1835 1592 repente
1854 1564 2009 1594 murmur,
2034 1555 2069 1587 ὁ·
2086 1561 2142 1595 per

1242 1593 1353 1637 singula
1375 1593 1498 1636 absurdi
1510 1595 1621 1640 sensus
1632 1599 1726 1631 verba
1742 1606 1855 1643 gravis
1878 1602 2012 1645 instrepit
2032 1602 2142 1644 fremi-

1248 1654 1316 1679 tus,
1343 1648 1449 1686 itaque
1470 1647 1608 1681 omnibus
1632 1648 1703 1682 talis
1720 1649 1823 1690 leHio,
1849 1659 1990 1693 quoniam
2005 1653 2143 1694 -nequiffl-

1249 1705 1297 1725 ma
1313 1690 1453 1735 sordebat
1480 1695 1594 1737 Haerefi
1611 1721 1622 1741 ³
1649 1698 1834 1737 vehementer
1854 1700 2000 1744 displicuit
2018 1727 2026 1734 .
2049 1704 2143 1738 Dam-

1251 1751 1321 1775 nato
1344 1743 1474 1783 proinde
1497 1752 1640 1779 communi
1671 1746 1823 1789 sententia
1850 1752 1955 1783 talium
1992 1752 2109 1785 auc‘i'ore
2131 1777 2142 1792 ‚

1251 1793 1405 1825 damnatis
1418 1794 1483 1833 ejus
1500 1795 1686 1837 complicibus
1699 1821 1709 1836 ‚
1736 1809 1800 1831 cum
1814 1801 1919 1834 codice
1923 1804 1955 1845 J
1958 1806 2063 1838 oannis
2080 1804 2146 1835 Sco·

1252 1848 1299 1883 ti,
1325 1853 1363 1875 cx
1385 1854 1441 1885 quo
1459 1855 1515 1883 ea,
1542 1857 1610 1886 quae
1636 1847 1886 1891 damnabantur,
1908 1849 2035 1893 sumpta
2057 1853 2142 1885 vide-

1251 1892 1360 1925 bantur
1374 1916 1384 1930 ,
1398 1894 1524 1927 Concilio
1531 1893 1625 1937 soluto
1635 1897 1773 1940 deccffum
1799 1899 1837 1938 est
1848 1925 1858 1940 ,
1884 1912 1920 1933 ea
1929 1903 2101 1942 conditione,
2112 1909 2144 1934 ut

1252 1941 1307 1983 nisi
1326 1941 1500 1985 resipisceret
1518 1943 1662 1992 ejusmodi
1681 1948 1890 1989 perverfitatis
1913 1951 2018 1983 Aulioi·
2038 1976 2050 1991 ‚
2074 1963 2142 1987 cum

1248 1991 1419 2036 sequacibus
1450 1992 1518 2036 suis
1541 2018 1552 2034 ‚
1587 1994 1626 2028 ab
1651 2003 1730 2030 omm'
1765 2004 1899 2033 exercitu
1935 2004 2120 2034 Francorum
2132 2026 2143 2041 ,

1251 2042 1457 2084 praeeumibus
1470 2046 1596 2078 Clerici:
1608 2057 1672 2078 cum
1685 2048 1874 2090 Ecclefiastico
1896 2057 2049 2091 apparatu
2060 2067 2071 2091 5
2097 2057 2145 2083 in-

1247 2093 1363 2132 stanter
1384 2093 1496 2135 quaefiti
1518 2118 1529 2136 ,
1556 2095 1726 2138 ubicumque
1748 2100 1941 2141 conveniffent
1962 2123 1973 2138 ,
2007 2111 2038 2132 eo
2056 2099 2145 2143 usque

1253 2141 1444 2183 obsiderentur
1470 2168 1480 2183 ,
1503 2146 1592 2177 donec
1602 2156 1654 2181 aut
1665 2145 1865 2189 consentirent
1877 2148 2038 2183 Catholicae
2046 2149 2122 2191 fidei
2133 2174 2145 2191 ,

1254 2203 1307 2225 aut
1330 2200 1433 2228 mortis
1454 2203 1563 2236 panas
1590 2197 1695 2229 luituri
1714 2205 1889 2239 caperentur
1910 2224 1916 2231 .
1945 2201 2145 2243 ,Quamobrem

1254 2247 1376 2282 territi,
1402 2254 1459 2276 non
1477 2246 1568 2278 multb
1575 2244 1636 2286 post
1647 2252 1679 2278 in
1692 2250 1819 2280 Concilio
1832 2247 1917 2291 super
1922 2249 1996 2291 fidei
2004 2248 2074 2292 suat>
2084 2250 2148 2290 sta-

1255 2302 1288 2325 tu
1311 2299 1473 2334 conventi,
1498 2299 1544 2327 ita
1549 2293 1583 2338 se
1586 2295 1660 2336 ficut
1672 2297 1797 2337 Ecclefia
1811 2308 1890 2332 tenet
1914 2299 2070 2333 catholica
2091 2311 2148 2334 cre-

1257 2345 1324 2375 dere
1333 2342 1464 2384 fideliter
1490 2346 1525 2379 (5
1533 2343 1639 2387 sapere
1654 2347 1890 2390 publiceprofeffl
1904 2348 1979 2392 siant
1990 2374 2001 2390 ‚
2027 2349 2147 2393 delatis·

1258 2404 1312 2435 que
1324 2396 1343 2425 5
1345 2394 1496 2427 annorum
1502 2395 1674 2438 pignoribu!
1691 2422 1702 2437 ‚
1728 2407 1762 2431 ut
1772 2398 1905 2434 omnibus
1914 2398 2120 2442 satisfacerent
2131 2424 2142 2441 2

1258 2451 1347 2485 atque
1365 2445 1404 2477 de
1426 2451 1558 2479 veritate
1563 2446 1658 2487 fidei,
1683 2458 1775 2489 quam
1791 2449 1908 2491 profeffi
1926 2445 2074 2492 fuerant,
2099 2460 2145 2481 eos

1260 2499 1308 2535 qui
1335 2495 1469 2528 aderant
1494 2505 1585 2529 certos
1603 2497 1743 2537 facerent
1762 2523 1774 2539 ,
1813 2501 2034 2536 sacramentum
2059 2499 2148 2531 dede-

1258 2551 1343 2576 runt.
1373 2544 1468 2579 Licet
1493 2557 1561 2579 non
1584 2556 1681 2586 ante,
1706 2556 1817 2582 tamen
1841 2548 1910 2590 post
1935 2546 2020 2582 banc
2041 2549 2145 2590 Syno-

1258 2594 1336 2631 dum
1345 2595 1512 2634 Henricus
1522 2596 1594 2629 Rex
1606 2595 1801 2632 Theoduini
1815 2595 1972 2638 judicium
1980 2597 2026 2631 est
2038 2599 2149 2632 omni-

1259 2644 1456 2681 noscemus.
1487 2646 1605 2680 Sanxit
1624 2644 1844 2688 blasphemum
1859 2657 1933 2680 cum
1955 2649 2069 2680 omnia
2090 2649 2146 2683 sua

1258 2694 1384 2738 sequela
1399 2694 1647 2739 Berengarium,
1672 2695 1729 2728 nifi
1743 2696 1947 2739 poenirensac
1960 2697 2145 2742 resipiscens

1258 2744 1380 2784 sileret,
1408 2744 1522 2789 gladio
1538 2744 1780 2786 percutiendum
1792 2770 1799 2777 .
2096 2750 2108 2756 ”

1307 2793 1380 2826 Nec
1390 2794 1456 2827 sine
1467 2795 1559 2827 omni
1572 2794 1692 2829 fruetu.
1726 2796 1828 2833 Tunc
1838 2795 1929 2831 enim
1956 2798 2073 2832 fastum
2094 2798 2141 2832 est

1258 2842 1346 2885 quod
1358 2842 1398 2876 ad
1412 2843 1606 2888 Magistrum
1622 2845 1813 2879 Ascelinum
1826 2846 1935 2881 scribit
1947 2846 2014 2890 ipse
2024 2847 2144 2881 Beren-

1258 2895 1368 2938 garius
1384 2906 1390 2925 z
1415 2896 1474 2927 Per
1487 2905 1539 2927 vos
1551 2893 1693 2936 tranficns
1703 2894 1902 2939 disposueram
1924 2899 2039 2933 omnino
2064 2896 2144 2930 nibil

1258 2955 1344 2987 agere
1362 2955 1426 2976 cum
1443 2943 1668 2987 quibuscumque
1690 2947 1726 2979 de
1737 2945 1923 2986 Eucharistia
1933 2970 1944 2986 ,
1964 2946 2143 2989 priusquam

1255 2993 1465 3037 satisfacerem
1474 3001 1507 3026 in
1520 3006 1550 3027 eo
1565 2994 1720 3038 Epist-opis
1735 3020 1745 3035 ‚
1765 2996 1810 3029 ad
1819 3007 1890 3039 quos
1904 2997 2113 3029 contendebam
2123 3022 2134 3037 ‚

1255 3043 1414 3086 secundum
1425 3047 1644 3088 Evangelii-am
1664 3048 1698 3084 ἐν
1726 3045 1912 3088 apostolicam
1930 3044 2112 3088 fhripturam
2130 3073 2137 3080 .

1260 3095 1383 3128 Dolosa
1397 3094 1458 3128 hac
1470 3096 1775 3130 circumcursatione
1787 3105 1924 3130 conatus
1935 3096 1980 3128 est
1994 3098 2027 3130 ὅ(
2053 3096 2144 3139 Epis-

1260 3155 1360 3187 copos
1398 3145 1431 3178 ὃ(
1457 3145 1600 3189 Regium
1619 3145 1765 3190 gladium
1786 3145 2062 3180 circumscribere.
2089 3146 2140 3179 Ex

1263 3194 1339 3230 hinc
1360 3193 1490 3228 interim
1517 3204 1591 3229 nata
1604 3195 1650 3229 est
1670 3194 1807 3229 secunda
1830 3194 1943 3230 Galliae
1964 3196 2141 3239 Synodus,

1263 3246 1294 3277 in
1319 3256 1382 3288 qua
1406 3245 1615 3282 Catholicam
1637 3243 1734 3282 fidem
1756 3243 1799 3276 est
1823 3244 1950 3286 publice
1970 3244 2137 3290 professus.

1261 3295 1362 3342 Qod
1375 3295 1488 3329 dolose
1499 3297 1609 3330 omnia
1621 3293 1723 3337 egerit
1736 3317 1747 3336 ‚
1775 3294 1860 3328 lucet
1868 3306 1908 3328 ex
1921 3297 1978 3330 ista
1991 3296 2056 3337 ipsa
2068 3315 2079 3331 ‚
2104 3294 2141 3327 in

1260 3356 1323 3388 qua
1352 3346 1425 3379 suos
1453 3345 1654 3388 pertinaciter
1675 3344 1807 3377 resumit
1829 3356 1949 3381 errores
1969 3369 1979 3384 ,
2017 3342 2143 3385 Episto-

1263 3396 1289 3427 la
1315 3419 1324 3434 ‚
1351 3407 1388 3428 ac
1421 3395 1516 3428 etiam
1541 3404 1581 3425 ex
1602 3393 1753 3436 Magistri
1779 3394 1922 3427 Aseelini
1950 3393 2139 3435 Responso:

1265 3447 1379 3480 Pudeat
1417 3454 1446 3481 te
1473 3448 1660 3485 patrocinari
1698 3444 1823 3476 Librum
1859 3444 1995 3485 Joannis
2034 3444 2108 3474 5coti
2128 3467 2140 3487 ‚

2006 3504 2091 3535 quem.
