2352 3736
41 666 157 703 E3o47.

42 1127 102 1159 1..3.
118 1125 195 1162 Ep.8.

40 1542 96 1571 An.
115 1549 200 1577 1095·

38 1952 98 1990 λιιέ
116 1963 197 1994 ¹075·

46 2294 202 2326 Ill-Cdo·

45 2450 102 2480 An·
116 2451 198 2479 1168·

51 2755 105 2783 An.
123 2761 203 2785 1171·

50 2793 178 2826 &1185.

55 3024 85 3054 1².
105 3034 186 3060 ¹040·

56 3066 110 3093 An.
127 3075 208 3095 1010·

332 133 392 166 DE
429 119 699 163 Lam-monum
735 114 1045 158 Emcopoaum
1082 128 1131 155 ετ
1167 112 1462 156 CLERICORUM
1498 114 1824 157 commatum-⁴

213 205 286 250 sunt
298 228 310 244 ,
329 203 403 246 ficut
425 210 536 245 oportet
559 198 720 244 Religiosos
731 200 858 233 clericos
869 222 881 239 ‚
900 195 989 239 fimul
1005 207 1090 228 man-

215 258 321 290 ducent
347 255 382 289 Θ
400 254 551 286 dormiant
570 275 581 290 ‚
608 252 641 284 (3·
665 250 813 292 quidquid
831 253 875 282 eis
898 246 935 279 ab
955 244 1090 286 Ecclefi'is

213 308 301 339 'venit
317 308 506 338 communiter
516 301 647 334 babeant
667 325 674 332 .
700 303 747 333 Et
757 307 895 342 rogantes
916 306 1065 328 monemus
1078 320 1089 336 ,

214 363 249 389 ut
260 353 522 398 adapostolicam,
548 348 865 392 communemscilicet,
894 351 993 379 vitam
1010 343 1091 388 sum-

217 413 331 448 mopere
347 408 510 447 pervem‘re
525 400 667 441 studeant
687 424 694 430 .
722 397 833 443 Quem
846 397 1021 430 Canonem
1042 396 1090 430 in-

215 455 354 490 novavit
375 454 413 488 in
434 455 489 486 sua
511 451 662 485 Romana
685 447 822 489 Synodo
846 443 1038 480 Alexander
1048 446 1092 479 se-

214 503 344 539 cundus
365 527 378 544 ,
403 501 567 546 persuasus
584 497 624 532 ab
645 497 763 530 eodem
784 496 884 530 Petro
911 495 1071 529 Damiani
1084 520 1091 526 .

214 554 327 589 Etiam
338 552 356 587 a
368 551 530 597 Gregorio
547 547 688 592 septimo
698 548 838 581 Decreta
859 546 918 580 ista
939 545 1032 579 fuisse
1043 546 1093 578 fir-

215 613 305 639 mata
316 602 426 637 scribit
443 609 603 643 magnum
616 597 724 642 Belgii
735 596 943 631 Chronicum
952 620 963 636 ,
993 596 1027 629 &
1040 594 1093 629 ad-

216 655 286 689 dit:
312 653 408 687 Multa
417 658 487 682 tunc
498 658 665 692 magnaque
675 647 779 690 ubique
791 656 940 680 terrarum
945 645 1090 687 fundata

214 702 237 749 s
233 712 288 738 unt
297 699 473 740 mnasteria
483 722 495 739 ,
522 700 557 733 Θ
567 700 708 731 maximis
721 699 842 731 divitiis
853 698 873 728 ἃ
885 695 1071 738 Principibus
1080 720 1091 736 ‚

218 753 381 791 Puluis,
405 760 441 783 ac
453 748 600 782 divitibus
607 746 776 791 solemniter
797 748 916 780 dotata.

264 800 401 835 Etenim
422 800 529 845 Hugo
540 800 663 843 primus
683 806 910 843 cognomento
923 795 1094 832 Salmenfis

215 854 269 887 seu
292 849 462 884 Salmanus
474 873 485 890 ,
511 849 783 884 Vesontionenfis
795 846 1070 891 Archiepiscopus
1082 870 1093 886 ‚

215 910 355 945 quatuor
374 899 477 934 erexit
499 898 635 933 claustra
646 899 823 933 Cleriealia
835 922 847 939 ‚
873 899 1016 942 primum
1035 907 1095 939 pro

212 952 266 991 se,
292 950 469 985 secundum
492 960 552 993 pro
564 948 701 983 Clericis
723 949 764 983 ad
775 948 952 982 Ecclefiam
974 946 1096 981 Cathe-

215 1000 340 1035 dralem
363 1024 375 1041 ,
413 999 545 1034 tertium
573 999 694 1033 Sanctae
714 998 830 1032 Mariae
866 998 1096 1043 Magdalenae,

214 1061 367 1095 quartum
388 1050 429 1085 ad
440 1050 547 1084 Sansti
567 1049 737 1085 Laurentii
754 1048 948 1090 Basilicam,
975 1046 1016 1081 de
1028 1047 1098 1090 qui-

215 1100 275 1135 bus
284 1100 432 1135 laudatus
442 1100 555 1135 Petrus
567 1100 747 1135 Damiani:
773 1099 820 1132 Ibi
841 1099 988 1133 candidus
1007 1099 1098 1131 Cleri-

215 1162 312 1185 corum
334 1160 450 1185 tuorum
468 1160 562 1184 caetus
584 1159 742 1193 tamquam
760 1148 878 1183 Chorus
902 1154 979 1183 niter
989 1148 1098 1193 angelt-

215 1212 267 1236 cus
279 1226 286 1232 .
312 1201 380 1235 Illic
403 1205 483 1234 enim
494 1202 577 1234 velut
599 1206 632 1233 in
643 1199 759 1240 coelestis
770 1195 1098 1243 Athenaegymnafiosa-

215 1262 333 1285 crarum
342 1252 560 1293 Scripturarum
578 1250 755 1283 crudiuntur
770 1250 892 1292 eloquiis
907 1273 918 1290 ‚
946 1249 1006 1282 illic
1017 1258 1098 1282 verae

215 1299 419 1344 Philosbphiae.
430 1299 555 1344 solerter
567 1299 742 1334 incumbunt
759 1298 868 1339 studiis
881 1322 892 1338 ,
911 1296 1034 1342 seseque
1043 1297 1099 1342 sub

214 1350 400 1395 regularibus
431 1358 569 1385 exercent
594 1350 725 1392 quotidie
756 1348 921 1393 distiplim's
949 1370 958 1381 .
985 1348 1098 1382 Multa

215 1402 297 1435 item
318 1401 354 1435 in
366 1399 476 1434 Gallia
496 1400 686 1434 &extruxit
710 1398 944 1432 &reformavit
967 1398 1099 1431 Sanctus

216 1450 278 1485 lvo
288 1449 498 1484 Carnutenfis
507 1449 686 1491 Episcopus
696 1470 706 1486 ,
732 1449 766 1482 &
774 1446 845 1490 post
856 1446 951 1481 illum
963 1446 1097 1490 Stepha-

216 1511 278 1534 nus
305 1499 488 1541 Episcopus
513 1496 732 1532 Tornacenfis
747 1522 754 1530 .
781 1496 895 1531 Etiam
920 1495 1099 1532 Lutholfus

217 1547 383 1583 Tullenlis
407 1547 554 1582 Ecclefiae
576 1546 749 1589 Presbyter
770 1572 782 1588 ‚
809 1546 958 1581 laudatus
981 1547 999 1581 a
1023 1547 1096 1582 Ber-

219 1597 340 1633 tholdo
363 1597 626 1632 Constantiensi.
655 1597 704 1630 Hi
730 1608 847 1632 omnes
881 1608 1099 1642 propagavere

217 1648 407 1683 Canonicos
430 1647 488 1681 sub
502 1647 628 1692 Regula
655 1648 977 1693 SanciiAugustini.
1005 1649 1099 1691 opus

216 1698 344 1733 bonum
363 1697 462 1732 etiam
485 1700 521 1731 in
536 1698 712 1732 Germania
739 1698 843 1742 plures
856 1697 1011 1742 Episcopi
1030 1708 1097 1741 pro-

216 1758 394 1783 moverunt
414 1760 422 1780 ε
453 1748 586 1783 San-stus
609 1748 713 1782 Anno
735 1747 942 1783 Colonienfis
966 1772 977 1788 ‚
1004 1748 1099 1782 Heri-

215 1810 358 1834 mannus
369 1797 614 1843 Bambcrgenfis
623 1823 634 1839 ‚
656 1798 839 1843 Willigisus
852 1798 1077 1843 Moguntinus
1090 1820 1101 1836 ,

217 1847 419 1883 Altmannus
431 1847 629 1883 Patavienfis
643 1872 654 1888 ‚
680 1850 785 1884 Wazo
797 1848 987 1883 Leodienfis
1001 1873 1011 1888 ,
1022 1849 1099 1882 Bru-

218 1909 265 1932 no
277 1896 511 1942 Augustanus,
538 1897 726 1933 Conrardus
738 1899 987 1944 Salisburgenfis
1000 1923 1011 1940 ,
1035 1899 1100 1932 lau-

216 1946 315 1982 datia
326 1946 503 1982 Lambetto
514 1947 806 1994 Schafnaburgenfi
823 1974 835 1990 ,
855 1949 1011 1983 Mariano
1024 1949 1100 1984 Sco-

215 2005 275 2039 to,
301 1996 434 2032 Abbate
454 1997 657 2034 Dodechino
673 2024 685 2039 ‚
710 1999 840 2043 Magno
865 1999 973 2043 Belgii
997 1997 1099 2033 Chro-

214 2047 296 2083 nico
319 2048 354 2082 &
364 2044 534 2082 Chronico
560 2048 759 2093 Augustano
780 2074 786 2080 .
813 2048 1097 2093 Hamburgensem

217 2098 253 2132 &
274 2095 484 2132 Lubecanam
507 2097 662 2132 Ecclefias
679 2100 742 2133 effe
763 2110 804 2133 ex
816 2098 882 2142 ipsa
903 2098 1098 2133 fundatione

216 2147 378 2192 regulares
388 2172 400 2188 ‚
426 2159 625 2192 omnemque
637 2159 692 2192 per
702 2149 865 2183 Sclaviam
878 2149 995 2183 multas
1006 2149 1098 2182 fuiffe

218 2196 265 2230 eis
274 2197 293 2230 ὲ
304 2198 508 2232 Godescalco
518 2198 614 2233 Duce
626 2198 762 2242 adjectas
780 2199 911 2233 testatur
924 2198 1098 2242 Presbyter

221 2245 431 2282 Hemboldus
451 2273 457 2280 .
483 2248 523 2282 In
549 2248 712 2283 Hibernia
739 2249 877 2283 eandem
898 2248 1096 2283 sanstitatem

221 2294 381 2338 plantavit
391 2297 526 2333 sanstus
537 2296 720 2333 Malachias
731 2299 893 2333 Dunenfis
905 2298 1095 2341 Episcopus,

220 2344 257 2376 in
269 2344 395 2387 Anglia
407 2345 570 2380 Henricus
595 2349 754 2382 secundus
767 2349 841 2382 Rex
854 2372 864 2387 ‚
892 2347 1020 2391 ejusque
1031 2358 1098 2381 ma·

220 2401 269 2426 ter
280 2392 470 2436 Imperatrix
481 2393 655 2430 Mathildis
667 2395 793 2432 laudata
806 2398 824 2430 a
836 2397 983 2432 Roberto
995 2397 1094 2432 Mon·

219 2442 300 2476 tensi
314 2467 322 2474 .
350 2442 517 2478 Omnibus
536 2456 608 2478 eam
630 2457 697 2480 non
709 2445 964 2482 Monachalibus
978 2445 1096 2482 Cathe-

218 2490 361 2526 dralibus
381 2492 533 2527 Ecclefiis
555 2494 780 2538 imposuerunt
798 2523 805 2529 .
832 2497 964 2532 Sanstus
988 2496 1094 2531 Mala-

217 2540 307 2576 chias
319 2543 507 2586 prosecutus
515 2544 560 2578 est
571 2556 609 2578 ac
619 2544 807 2580 restauravit
816 2546 923 2581 Sancti
933 2546 1068 2581 Patricii
1082 2570 1093 2586 ,

217 2603 287 2627 non
298 2590 455 2637 Apostoli
475 2594 508 2627 δε
518 2593 691 2637 Episcopi,
718 2594 774 2630 sed
789 2594 846 2640 qui
855 2597 938 2630 circa
951 2595 1093 2631 Domini

218 2652 342 2676 annum
371 2644 676 2688 ostingentefimum
709 2645 1011 2692 quinquagesimum
1037 2646 1096 2679 flo-

222 2692 302 2730 ruit,
330 2690 471 2728 Abbatis
482 2704 579 2737 opus.
611 2694 667 2728 Ab
680 2695 749 2738 ipso
759 2696 849 2730 enim
862 2696 1021 2730 Hibernis
1032 2697 1094 2730 effe

223 2738 423 2794 &regulares
436 2743 583 2778 Clericos
594 2769 604 2786 ‚
631 2746 664 2779 &
676 2744 866 2780 admirabile
888 2746 968 2780 illud
982 2757 1093 2791 purga-

222 2796 345 2821 tonum
364 2792 490 2827 testatur
510 2794 651 2837 Ioannes
663 2795 884 2839 Bromptonus
906 2795 1018 2830 Abbas
1029 2797 1094 2839 Jor-

222 2836 361 2871 nalenfis
372 2862 379 2870 .
406 2839 512 2876 Etiam
534 2844 575 2878 de
588 2844 772 2879 Godefrido
781 2845 1093 2889 Hierosolymorum

223 2886 319 2930 Rege
336 2886 446 2921 scribit
456 2900 609 2935 magnum
619 2895 727 2940 Belgii
740 2894 933 2930 Chronicon
948 2908 958 2929 .·
971 2898 1091 2929 Primus

222 2934 386 2979 scendum
409 2939 568 2975 Gallicana·
579 2943 711 2986 Ecclefiae
731 2956 839 2979 morem
851 2950 884 2979 in
902 2944 1035 2987 Ecclefiis
1044 2947 1091 2979 Se·

217 2985 338 3028 pulchra
351 2989 495 3021 Dominici
518 2991 552 3023 Θ
563 2995 594 3022 in
617 2996 735 3037 Templo
745 3000 865 3030 Domini
878 3000 1037 3029 canonicos
1047 3001 1091 3028 in-

218 3035 318 3076 stituit
336 3036 484 3081 regulares
506 3062 512 3069 ·
550 3039 650 3086 Qod
671 3044 774 3087 ipsum
794 3046 932 3081 testatur
956 3047 1091 3080 Simeon

225 3084 414 3121 Monachus
432 3086 661 3123 Dunelmenfis
682 3115 689 3122 .
714 3095 811 3130 Circa
834 3094 902 3130 haec
924 3105 1090 3139 tempora,

226 3135 315 3180 quod
327 3147 440 3171 ornnes
459 3136 582 3181 ubique
592 3137 757 3174 Canonici
773 3144 813 3179 ad
824 3147 923 3180 vitam
947 3156 1091 3180 commu·

226 3196 305 3219 nem
312 3186 421 3220 reduci
434 3198 503 3221 non
513 3188 641 3231 possent
651 3212 663 3228 ,
683 3190 781 3234 coepit
793 3195 987 3230 vocabulum
998 3218 1008 3234 ‚
1033 3199 1093 3228 Ca-

227 3237 348 3267 nonlcus
371 3236 524 3278 Regularis
544 3262 556 3279 ‚
581 3236 808 3282 distinctioque
827 3241 910 3277 inter
934 3244 1092 3289 regulares

226 3283 422 3318 Canonicos
442 3285 476 3319 δε
494 3287 672 3322 saeculares.
699 3289 871 3334 Regularis
892 3291 927 3334 ὃς
949 3294 1093 3327 Canoni-

229 3344 287 3369 cus
308 3334 381 3367 sunt
391 3335 520 3377 penitus
541 3336 647 3371 idem.
676 3338 813 3373 Carolus
823 3337 990 3385 Magnus,
1014 3342 1092 3377 dum

229 3393 345 3418 omnes
355 3384 403 3417 sui
416 3384 545 3428 Imperii
558 3386 702 3422 Clericos
710 3388 751 3423 ad
763 3389 939 3425 Canonum
951 3391 985 3425 in
999 3391 1093 3426 Clau-

332 3432 613 3479 cbrss.Lup1·oper.
627 3440 760 3472 TomJV.

1897 128 1960 175 27

1154 196 1218 229 stro
1240 194 1456 230 &communi
1477 194 1547 229 vita
1567 195 1806 230 observantiam
1829 198 1957 241 coegit,
1984 198 2028 233 al-

1154 255 1277 280 terutro
1297 247 1397 280 etiarn
1420 245 1559 280 nomine
1578 245 1657 278 fecit
1676 246 1849 289 appellari.
1876 248 1922 281 Et
1943 248 2029 282 Grae-

1153 305 1230 331 cum
1250 307 1312 340 prae
1323 296 1452 336 latino,
1478 294 1631 339 quiajam
1655 294 1781 330 dudum
1799 297 1905 342 magis
1925 298 2029 332 inole-

1155 354 1244 379 verat
1263 370 1274 384 ,
1302 346 1364 380 fuit
1374 354 1552 380 retentum.
1581 345 1761 379 Retentum
1773 348 1835 380 fuit
1846 348 1944 382 etiam
1956 349 2028 392 post

1154 396 1319 430 excussam
1342 396 1481 429 sanctam
1503 396 1597 429 istam
1614 395 1735 429 vitam.
1762 396 1953 432 Hincillius
1963 397 2030 433 ho'c

1155 454 1298 488 tempore
1308 445 1533 479 restauratores
1545 470 1556 485 ,
1582 456 1649 489 quo
1660 445 1701 480 ab
1711 446 1800 480 illius
1809 449 2031 483 excussoribus

1156 495 1413 530 discernerentur
1432 518 1444 535 ,
1469 495 1532 529 sese
1553 506 1751 531 vocaverunt
1769 496 1962 531 canonicos
1984 510 2033 532 re-

1155 546 1302 592 gulares.
1330 545 1412 579 Non
1434 544 1480 578 est
1504 544 1619 578 frivola
1642 547 1839 581 autinutilis
1859 548 2033 591 repetitio.

1158 595 1214 630 Est
1225 595 1338 630 fimilis
1358 593 1435 628 huic
1448 607 1458 627 .-
1486 594 1570 627 Abba
1585 603 1675 636 pater·
1689 620 1696 627 .
1724 598 1947 632 Communem
1958 598 2035 632 Cle-

1156 647 1298 680 ricorum
1318 645 1418 679 vitam
1437 644 1536 678 etiam
1548 644 1762 679 Innocentius
1771 648 1885 681 tertius
1896 647 2035 689 dilexit,

1156 697 1190 730 ὅ(
1213 694 1392 730 admodum
1413 695 1579 738 promovit
1603 720 1609 726 .
1638 695 1774 730 Etenim
1795 696 1836 730 de
1858 698 1925 741 ejus
1946 697 2036 742 apud

1156 758 1217 780 nos
1227 747 1354 790 Legato
1375 745 1487 779 scribit
1509 755 1668 789 magnum
1688 744 1883 779 Chronicon
1901 760 1908 778 z
1937 749 2037 781 Gurdo

1156 797 1307 839 quondam
1318 795 1418 829 Abbas
1434 794 1622 836 cistertienfis
1634 820 1644 834 ,
1673 806 1751 829 nunc
1763 794 1927 838 Episcopus
1940 802 2036 841 Lega-

1155 854 1205 879 tus
1216 848 1236 878 ᾶ
1249 849 1337 889 Papa
1349 870 1361 887 ,
1385 844 1482 889 ‚li-iens
1495 847 1600 880 Leodii
1611 847 1738 880 clericos
1755 847 1883 879 dormire
1893 857 1957 879 cum
1968 846 2037 889 suis

1151 896 1278 939 focariis
1293 921 1304 936 ,
1325 902 1470 938 praecepit
1492 905 1525 929 ut
1550 901 1582 929 in
1602 897 1770 930 dormitorio
1790 898 1953 930 dormirent
1965 921 1975 936 ‚
2003 899 2039 930 (θ’

1158 945 1298 988 Ecclefias
1321 947 1403 980 noble
1422 947 1515 981 &die
1527 946 1783 988 frequentarent,
1811 948 1846 981 (9'
1868 955 1903 980 ut
1927 950 2040 980 Det-ani

1158 1009 1193 1031 ac
1205 996 1357 1039 Praepofiti
1373 1021 1384 1037 ,
1410 1003 1464 1039 qus·
1485 1008 1584 1030 curam
1594 1008 1692 1031 eorum
1707 1006 1817 1041 gerunt
1829 1021 1839 1037 ,
1866 997 2039 1038 delinquen-

1160 1057 1204 1081 tes
1219 1053 1361 1092 graviter
1378 1053 1523 1089 punirent
1545 1072 1552 1079 .
1580 1049 1745 1081 ordinavit
1757 1072 1768 1088 ,
1795 1049 1830 1082 ό·
1850 1048 1984 1080 maxime
2004 1052 2040 1080 in

1161 1099 1270 1139 majori
1290 1096 1439 1139 Ecclest‘a,
1464 1106 1497 1130 ut
1508 1095 1661 1138 residentes
1679 1098 1766 1139 fimul
1784 1103 1817 1130 in
1840 1097 1990 1139 refec‘lorio
1998 1107 2043 1130 co-

1162 1149 1306 1189 medant,
1330 1148 1406 1181 &in
1425 1148 1748 1189 dormitoriojaceant,
1771 1149 1806 1182 ὠ*
1817 1158 1971 1190 nunquam
1990 1159 2043 1181 ex-

1163 1207 1213 1231 tra
1234 1222 1245 1238 ‚
1269 1197 1327 1239 nisi
1341 1200 1379 1232 de
1399 1199 1518 1232 licentia
1529 1202 1658 1232 Decani.
1686 1198 1823 1232 Rebelles'
1842 1209 1914 1232 vero
1938 1205 1974 1231 ut
1989 1194 2043 1240 suo

1157 1246 1305 1289 stipendio
1310 1254 1496 1290 priventur.
1525 1248 1635 1293 Lapsa:
1659 1248 1732 1284 istic
1742 1249 1921 1292 disciplinae
1943 1247 2044 1292 origo

1164 1297 1226 1332 fuit
1246 1298 1305 1332 sub
1326 1299 1525 1334 Innocentio
1544 1299 1687 1334 secundo
1699 1299 1832 1333 Albuzo
1843 1298 2046 1343 Episcopus,
2119 1340 2126 1343 β
2159 1338 2173 1345 q

1165 1348 1206 1382 de
1223 1358 1290 1391 quo
1302 1347 1390 1382 idem
1403 1347 1613 1383 Chronicum
1627 1362 1634 1381 :
1660 1348 1718 1381 Sub
1735 1349 1785 1382 boc
1800 1349 1947 1382 Albuzone
1957 1353 2046 1390 coepit
2064 1341 2181 1374 F·*20⁶²·

1163 1409 1244 1432 ruere
1262 1396 1422 1441 disciplina
1443 1400 1598 1432 clericalis
1611 1423 1618 1430 .
1646 1401 1706 1432 Per
1716 1398 1873 1438 claustrum
1894 1406 1982 1440 eque,
2011 1399 2046 1432 ὢ·

1163 1448 1297 1481 mulieres
1321 1454 1354 1479 in
1371 1447 1505 1478 domibus
1526 1447 1728 1478 babitabant.
1757 1451 1852 1480 Cives
1868 1447 1953 1488 filias
1971 1446 2046 1489 suas

1157 1497 1219 1539 fine
1229 1493 1402 1538 discretione
1406 1496 1557 1540 graduum
1569 1495 1695 1529 clericis
1706 1496 1836 1529 &laicis
1846 1495 1963 1529 dabant
1975 1507 2047 1529 uxo-

1166 1559 1215 1579 res
1236 1570 1242 1577 .
1269 1544 1412 1579 Acceffit
1442 1546 1477 1580 δε
1499 1544 1588 1579 aliud
1613 1546 1737 1580 malurn
1760 1545 1818 1580 sub
1841 1545 2047 1581 Pontificatu

1164 1595 1348 1630 Alexandri
1371 1594 1477 1629 tertii:
1506 1595 1633 1637 Ecclefia
1643 1596 1748 1629 samri
1759 1597 1915 1630 Lamberti
1943 1597 2048 1638 confla-
2070 1612 2187 1645 l³.1093-

1158 1652 1270 1691 gravit
1281 1645 1319 1678 ab
1333 1651 1400 1690 igne
1405 1645 1572 1689 prosiliente
1593 1647 1609 1680 e*
1620 1648 1704 1680 domo
1725 1646 1881 1690 cujusdam
1891 1672 1902 1688 ‚
1928 1648 1962 1681 Co·
1973 1659 2048 1680 com-

1163 1697 1285 1730 burente
1304 1704 1401 1730 totum
1423 1696 1576 1737 claustrum
1597 1721 1608 1737 ‚
1636 1698 1671 1731 Θ
1692 1709 1790 1731 omnes
1808 1699 1875 1739 cjus
1898 1699 2047 1739 officinas-

1163 1746 1343 1780 Patracenfi
1352 1746 1452 1781 etiam
1463 1746 1499 1780 in
1510 1745 1636 1790 Achaja
1649 1747 1790 1790 Ecclefie
1801 1748 1958 1793 regulares
1970 1750 2009 1782 Sa
2015 1760 2049 1782 n-

1163 1798 1206 1830 c‘li
1230 1797 1516 1832 RufiCanonicos
1537 1797 1694 1841 imposuit
1715 1798 1864 1832 laudatus
1885 1799 2051 1832 Innocen-

1164 1848 1228 1881 tius
1239 1848 1373 1887 tertius,
1400 1847 1513 1881 volens
1527 1847 1712 1882 institutum
1739 1847 1825 1881 istud
1843 1859 1898 1892 per
1910 1859 2051 1890 omnes,

1164 1908 1234 1941 quae
1252 1908 1329 1931 cum
1354 1896 1542 1932 Flandrenfi
1574 1896 1654 1943 jugo
1664 1898 1821 1932 Latinum
1842 1899 1943 1934 ritum
1957 1899 2053 1933 susci-

1165 1957 1298 1991 perent,
1323 1947 1511 1983 Graecorum
1539 1948 1696 1983 Ecclelias
1719 1949 1888 1994 propagari
1910 1975 1917 1982 .
1946 1950 2052 1983 Tunc

1164 1998 1244 2031 item
1256 1998 1423 2033 Osmenfis
1445 1998 1532 2043 apud
1546 1999 1733 2043 Hispanos,
1758 1999 1800 2034 ad
1813 2000 1920 2034 Sancti
1932 2000 2052 2034 Domi-

1165 2047 1231 2082 nici
1240 2071 1252 2088 ,
1278 2048 1325 2082 sui
1338 2057 1418 2082 tunc
1430 2049 1596 2084 Canonici
1609 2073 1619 2090 ‚
1647 2051 1759 2094 postea
1770 2052 1919 2085 Fratrum
1933 2049 2052 2083 Praedi·

1163 2106 1315 2132 catorum
1333 2097 1516 2134 fundatoris
1542 2099 1675 2135 consilia
1697 2125 1708 2141 ‚
1737 2112 1869 2134 necnon
1900 2101 1934 2132 ὃς
1961 2100 2048 2142 apud

1163 2149 1441 2192 septemtrionem
1465 2149 1672 2185 Livonienfis
1691 2174 1702 2190 ,
1732 2150 1901 2193 pluresque
1921 2148 1955 2182 in
1980 2149 2054 2183 aliis

1163 2197 1320 2242 gentibus
1331 2198 1479 2233 Ecclefiae
1510 2200 1614 2243 ipsum
1626 2201 1848 2242 susceperunt.

1213 2247 1362 2295 Qaestio
1380 2247 1451 2288 est,
1477 2259 1519 2282 an
1544 2249 1604 2283 ista
1625 2249 1697 2282 vitas
1719 2249 1868 2282 sanstitas
1890 2249 1927 2283 fit
1963 2249 2051 2292 apud

1163 2308 1225 2331 nos
1243 2307 1352 2330 revera
1367 2297 1476 2330 Sancti
1500 2296 1677 2341 Rigoberti
1688 2297 1898 2338 institutum,
1923 2298 1964 2333 ab
1986 2299 2051 2333 Eu-

1162 2356 1246 2389 ropae
1258 2345 1411 2381 Ecclefiis
1420 2354 1515 2381 antea
1536 2348 1726 2392 ignoratum
1740 2348 1757 2380 ἓ
1782 2349 1873 2383 Dico
1884 2374 1896 2390 ,
1912 2349 2049 2391 Ecclesiis

1162 2399 1318 2438 Europae:
1343 2396 1448 2443 Qod
1472 2396 1563 2430 enirn
1584 2395 1750 2432 Africanae
1775 2398 1924 2432 Ecclesiae
1947 2400 2049 2442 ipsam

1162 2447 1296 2480 Sanetus
1307 2445 1740 2490 Augustinusimpofirerit,
1765 2457 1864 2490 atque
1886 2450 1932 2483 ita
1955 2448 2048 2483 illam

1161 2507 1203 2530 ex
1213 2495 1386 2530 foediffima
1398 2495 1655 2531 florentissimam
1674 2496 1871 2537 reddiderit,
1896 2498 1983 2532 lucet
2004 2511 2047 2533 ex

1162 2545 1257 2580 variis
1267 2545 1335 2588 ejus
1347 2546 1472 2589 scriptis
1481 2571 1492 2587 ,
1517 2555 1615 2589 atque
1628 2547 1693 2582 vita
1711 2558 1765 2592 per
1775 2548 1956 2583 Possidium
1967 2550 2047 2593 Epi-

1161 2596 1296 2640 scopum
1308 2595 1555 2631 Calamensem.
1583 2597 1687 2632 Porro
1699 2600 1885 2643 negativam
1908 2600 2046 2643 propoli-

1160 2654 1200 2679 tae
1222 2646 1408 2689 quaestionis
1444 2656 1567 2690 partem
1604 2646 1713 2683 suadet
1742 2649 1851 2684 Sansti
1877 2649 1973 2693 Papae
2010 2650 2044 2682 δε

1160 2695 1318 2739 Martyris
1340 2696 1476 2731 Urbani
1496 2698 1591 2741 primi
1616 2699 1796 2734 Decretalis
1807 2698 1953 2743 Epistola
1966 2724 1976 2740 ‚
2000 2697 2045 2731 as·

1160 2745 1293 2780 firmans
1305 2746 1405 2780 vitam
1417 2747 1511 2782 istam
1521 2758 1561 2782 ex
1584 2746 1777 2793 Apostolica
1798 2749 1975 2784 traditione
1996 2747 2043 2781 νὶ-

1159 2806 1236 2840 gere
1255 2796 1289 2830 in
1306 2796 1459 2832 omnibus
1479 2796 1730 2834 Cathedralibus
1747 2800 1915 2834 Ecclesiis.
1945 2799 1988 2832 Et
2000 2797 2041 2831 de

1158 2845 1276 2881 Sancto
1289 2846 1431 2881 Eusebio
1443 2847 1640 2884 Vercellenfi
1654 2849 1818 2894 Episcopo
1835 2849 1944 2883 scribit
1964 2850 2040 2882 San-

1159 2897 1227 2930 &us
1236 2895 1426 2932 Ambrofius
1437 2924 1444 2931 .
1471 2902 1543 2932 Haec
1564 2900 1621 2932 duo
1637 2905 1669 2932 in
1681 2906 1840 2935 attentiore
1859 2897 2040 2938 christiano-
2055 2901 2155 2940 Ep.25.

1158 2957 1223 2979 rum
1235 2948 1389 2982 devotione
1398 2948 1611 2990 praestantiora
1619 2950 1671 2993 effe
1683 2956 1750 2993 quis
1763 2950 1895 2992 ambigat
1907 2971 1919 2988 ‚
1943 2949 2036 2981 clert-

1157 3007 1253 3029 corum
1263 2996 1353 3039 officia
1379 2999 1633 3033 &Monac-horum
1643 3000 1803 3040 instituta?
1831 3003 1905 3032 Haec
1915 3003 2034 3038 primus

1155 3050 1188 3077 in
1197 3049 1362 3082 Occidentis
1368 3050 1512 3091 partibus
1524 3047 1646 3092 diversa
1664 3055 1742 3081 inter
1757 3046 1793 3090 se
1804 3046 1950 3089 Eusebius
1970 3059 2034 3081 con-

1148 3096 1266 3136 junxit.
1293 3098 1386 3133 Hinc
1400 3099 1434 3132 in
1446 3098 1537 3132 istius
1550 3098 1696 3131 Ecclesiae
1704 3096 1857 3141 eligendo
1867 3096 2033 3142 Episcopo

1155 3146 1260 3179 asserit
1270 3149 1390 3189 requiri
1403 3148 1469 3182 duo
1481 3161 1492 3179 .-
1518 3147 1713 3181 Monasterii
1723 3146 1966 3181 continentiam
1975 3170 1986 3186 ,
1996 3148 2033 3182 ὃς

1156 3196 1302 3229 Ecclesia:
1323 3196 1528 3240 disciplinam
1552 3220 1559 3226 .
1595 3195 1695 3242 Qod
1719 3196 1826 3240 ipsum
1851 3196 1968 3239 repetit
1993 3198 2031 3231 in

1155 3245 1274 3288 quinto
1286 3246 1415 3280 decimo
1426 3248 1581 3280 Sermone
1591 3245 1632 3279 de
1643 3246 1765 3280 Sanitis
1775 3269 1784 3279 .
1813 3246 1856 3281 Et
1877 3246 2031 3281 Ecclefia-

1156 3295 1273 3329 sticum
1295 3295 1503 3340 Auguste-nse
1523 3293 1715 3330 Chronicon
1743 3295 2028 3331 aitCathedralem

1154 3345 1234 3379 olim
1248 3367 1258 3383 ‚
1286 3345 1394 3386 postea
1406 3344 1640 3380 Monachalem
1660 3345 1731 3381 istic
1742 3348 1860 3381 Sandtae
1871 3346 2027 3388 Martyris

1157 3393 1243 3430 Afrae
1262 3393 1438 3431 Ecclesiam
1450 3394 1542 3430 suiffe
1557 3394 1749 3432 aedificatam
1769 3396 1827 3433 sub
1841 3394 2030 3432 Constanti-

1623 3446 1659 3479 D
1710 3458 1733 3484 2
1933 3453 1980 3477 no
