2352 3736
403 156 464 202 34
675 140 869 185 PMMA
905 140 1321 185 Puoonnums
1356 138 1792 200 Dissenranm

323 225 515 269 quascumque
527 228 668 265 nuptias,
698 235 762 258 cum
770 223 826 266 sint
847 228 978 264 crimen,
1003 223 1055 266 esse
1066 223 1178 254 malum
1191 246 1199 255 .
1246 222 1312 255 ltas
1321 233 1358 256 ac
1368 222 1530 267 legitimas
1541 223 1700 266 ejusmodi
1716 226 1867 269 nuptias,
1894 226 1946 261 sed
1965 226 2139 266 dumtaxat

323 281 397 309 Non
423 275 522 317 ttaq'ue
545 275 614 307 illas
639 276 661 306 ἃ
686 284 716 308 te
740 276 909 308 damnatas
934 274 984 316 effe
1009 272 1119 312 velim,
1140 271 1200 315 sed
1262 270 1335 306 vult
1358 274 1456 307 satius
1472 275 1534 308 esse
1554 284 1706 309 eumuna
1727 276 1834 319 palam
1846 277 1963 321 pellice
1975 279 2082 314 vivere
2095 281 2140 316 se-

322 325 444 369 fpretas
457 350 464 356 .
647 334 650 336 ·
970 347 972 349 -
1260 322 1406 357 cundum
1416 323 1736 368 matrimoniileges,
1759 336 1858 369 quam
1875 327 1955 372 vage
1969 341 2046 363 cum
2067 331 2139 373 plu-

371 374 610 409 Fateorlocum
621 375 683 408 esse
695 374 863 409 difficilem
878 397 885 403 .
912 371 1023 406 Movit
1036 372 1090 407 ille
1097 373 1195 407 etiam
1258 372 1348 406 ribus
1358 373 1510 408 clanculo
1524 375 1662 409 volutari
1675 400 1682 406 .
1708 373 1811 420 Qod
1829 376 1873 412 de
1886 380 1988 417 unico
1998 391 2136 422 peccato

320 426 404 459 duos
425 425 644 459 Carnutenses
665 422 866 462 monachos,
891 422 933 456 ad
957 433 1039 466 quos
1058 423 1093 456 in
1110 422 1196 458 libro
1259 422 1377 464 habet,
1402 425 1530 459 videtur
1542 435 1609 458 non
1630 422 1882 467 deindividm,
1908 429 1962 464 sed
1985 427 2135 465 deunica

320 475 361 508 de
372 484 529 519 praecepto
552 472 835 515 &dispensatione
847 473 977 507 San-stus
990 471 1189 507 Bernardus:
1258 473 1362 516 specie
1373 474 1645 519 intelligendum.
1676 474 1851 521 Quidquid
1865 475 1922 517 sre,
1946 481 1996 514 uti
2021 481 2056 514 jn
2070 480 2135 516 Ca.

323 525 479 564 Postulans
489 524 604 568 absolvi
614 522 695 555 vobis
708 545 719 561 ,
745 533 796 556 cur
804 523 930 556 sanHus
938 523 1115 565 Augustinus
1132 533 1195 556 con-
1256 524 1387 558 nonicis
1408 525 1545 567 litteris,
1570 527 1615 560 ita
1635 525 1718 559 &in
1732 524 1865 558 Parrum
1879 526 1999 570 scriptis
2020 542 2135 566 occur·

311 577 392 619 jugit'
411 577 581 619 legivotum
601 573 813 614 quodammode
821 571 963 615 subjiciat
986 576 1193 612 commentae,
1255 585 1331 608 runt
1344 575 1415 609 loca
1426 575 1559 610 obscura
1575 575 1719 610 &dubia
1733 599 1743 615 ‚
1770 575 1888 618 quibus
1910 576 2011 611 lucidi
2021 580 2134 615 Eoeie.

316 631 364 658 tta
386 631 460 657 utin
480 622 552 656 libro
561 624 599 656 de
618 623 773 656 Viduitate
792 623 913 667 asserere
938 625 1081 657 videatur
1099 646 1111 661 ,
1139 635 1192 657 nec
1255 623 1305 657 fiae
1316 623 1470 658 Canones
1492 626 1567 659 sunt
1579 625 1721 660 omnino
1745 627 1969 669 praeponendi.
2000 626 2043 662 Et
2055 630 2133 664 San.

314 675 426 709 coeltbts
436 674 555 715 quidem
576 678 653 706 vitae
662 672 841 715 Propofitum
856 672 1047 716 praescribere
1062 673 1139 716 posse
1149 684 1193 706 co·
1253 676 1342 707 stum
1367 674 1593 719 Epiphanium
1614 677 1741 712 constat
1760 687 1830 711 non
1852 677 1915 711 esse
1936 677 2058 722 ubique
2077 690 2134 714 au-

311 726 395 766 pulae
416 724 584 770 conjugali,
610 734 668 765 quo
686 730 786 756 minus
808 724 998 768 indissolubile
1018 733 1136 757 maneat
1150 733 1192 757 et·
1253 724 1436 758 thenticum
1449 748 1458 759 .

312 780 376 807 iam
395 775 473 815 quod
490 773 740 807 &continentibus
754 798 766 814 ,
783 772 913 815 fallente
934 774 1070 814 diabolo,
1089 773 1192 815 frac‘la
1301 775 1492 819 Oppouitur
1519 774 1614 810 nobis
1643 776 1677 811 &
1697 779 1804 813 Sancti
1832 777 1986 822 Gregorii
2013 778 2132 824 Magni

306 823 482 866 sanc‘litatis
507 833 595 864 voto,
620 829 727 857 initum
744 823 844 865 fuerit
865 830 1089 857 matrimonium
1110 849 1118 857 .
1145 827 1191 856 Et
1252 825 1374 859 fastum
1389 825 1472 860 circa
1483 826 1689 867 Venantium
1701 828 1910 863 Monachum
1921 827 2131 871 Apostatam.

312 872 417 906 adhoc
426 872 503 906 nibil
511 872 696 916 adpraesens
708 879 815 908 certius
827 873 1005 917 breviusque
1014 873 1191 917 responden·
1253 874 1386 909 Nobilis
1408 875 1458 909 vir
1475 875 1662 911 Venantius
1673 901 1683 917 ,
1708 879 1812 922 pravis
1832 878 1972 913 consiliis
1994 879 2132 914 circum-

312 924 387 956 dum
399 929 542 964 occurrit,
568 922 711 966 nifiquod
730 930 775 957 ita
788 924 914 958 Samqus
925 924 1052 965 Antistes
1060 922 1164 967 sapuit
1175 936 1189 966 ‚·
1249 922 1361 960 duetus
1379 950 1390 967 ‚
1416 925 1475 960 sub
1495 925 1633 972 Pelagio
1653 928 1798 963 secundo
1822 928 1987 963 pontifice
2006 931 2132 964 excutit

311 973 441 1015 ruffine,
466 972 528 1017 ipfi·
548 976 679 1008 viderit.
706 978 794 1008 Nam
817 986 866 1019 ego
883 980 916 1008 in
933 973 1062 1018 senfibus
1077 999 1088 1016 ,
1113 974 1189 1007 affl-
1250 974 1470 1010 Mouasticam
1485 977 1713 1021 professionem
1736 980 1770 1013 &
1784 978 1956 1019 habitum,
1982 979 2020 1013 fit
2030 980 2130 1014 Italiae

309 1022 583 1066 busqueillustrlum
594 1027 721 1058 Patrum
731 1034 835 1058 cautus
846 1024 978 1067 profec‘la
987 1024 1057 1069 sum
1069 1026 1187 1058 omnino
1250 1023 1492 1067 Cancellarius,
1520 1039 1560 1062 ac
1581 1026 1675 1062 ducit
1694 1039 1833 1064 uxorem
1856 1052 1870 1062 .
1891 1030 2025 1064 sanstus
2046 1031 2130 1065 inte·
2151 1030 2303 1067 L·¹¹EP·53

310 1085 371 1106 non
380 1074 467 1107 aliud
475 1075 663 1115 existimare,
687 1086 779 1118 quam
797 1076 878 1118 quod
886 1075 972 1109 beato
986 1074 1112 1117 apostolo
1122 1074 1189 1115 teste
1248 1073 1311 1109 rim
1331 1075 1514 1121 Gregorius
1533 1078 1573 1112 fit
1594 1078 1767 1113 Romanus
1789 1078 1966 1119 Pontifex,
1994 1078 2130 1115 Venan-

308 1129 458 1166 quaert'tur
482 1130 561 1158 inter
573 1124 800 1169 Dispensatores
809 1133 842 1159 ut
852 1127 990 1160 videlicet
1011 1125 1113 1168 fidelis
1122 1130 1186 1167 quis
1247 1126 1332 1159 tium
1353 1127 1471 1160 acriter
1489 1136 1606 1161 monet
1626 1127 1805 1173 &arguit,
1831 1139 1969 1165 conatus
1979 1130 2131 1165 reducere

308 1179 502 1208 inveniatur.
532 1178 640 1209 Certus
651 1175 721 1219 sum
731 1182 832 1217 enim,
851 1175 914 1218 five
936 1173 1031 1219 insuo
1053 1175 1187 1213 abunda·
1247 1174 1287 1210 ad
1309 1174 1570 1216 Mouasterium‚
1594 1177 1650 1211 sed
1673 1187 1744 1211 non
1768 1180 1834 1213 fuit
1854 1180 2046 1215 exauditus.
2071 1181 2127 1216 Ex

307 1230 412 1258 verint
430 1223 538 1268 Jinsu,
558 1223 622 1267 five
643 1231 674 1259 in
687 1230 744 1260 Dei
765 1228 897 1269 spiritu,
919 1226 991 1268 ficut
1007 1228 1087 1260 &m
1102 1232 1186 1259 caete-
1248 1225 1346 1260 ltaliae
1358 1226 1566 1262 cancellario
1587 1226 1626 1260 fit
1647 1226 1703 1261 ille
1726 1227 1843 1262 Sieiliae
1864 1227 2047 1269 Patricius,
2072 1229 2130 1264 stru

305 1280 350 1308 ris
366 1299 378 1315 ,
403 1279 448 1307 ita
461 1277 495 1311 ό·
504 1282 537 1309 in
548 1276 601 1309 boc
614 1275 896 1321 Augustinumfuffl
903 1276 1019 1319 fidelem
1030 1299 1037 1307 .
1062 1274 1184 1309 Debita
1248 1275 1410 1311 Romanis
1421 1287 1477 1320 per
1487 1276 1581 1311 istam
1593 1277 1795 1320 provinciam
1808 1279 1937 1313 militiae
1949 1289 2047 1322 atque
2056 1289 2130 1314 zra-

1247 1326 1296 1360 rio
1318 1326 1489 1361 Praefestus
1500 1350 1512 1367 ,
1534 1327 1570 1361 <Sc
1581 1337 1658 1360 cutn
1671 1327 1798 1371 Joanne
1821 1329 1984 1371 Syracusae
1994 1328 2130 1373 Episco-

1246 1387 1289 1418 po
1311 1374 1409 1411 habet
1422 1387 1536 1421 graves
1555 1376 1808 1411 contentiones.
1839 1377 1981 1422 Joannes
1991 1379 2129 1422 ejusob-
2147 1367 2304 1409 L'5·EP⁴4²

1248 1426 1386 1461 lationes
1409 1426 1566 1469 suscipere
1591 1426 1722 1467 noluit,
1748 1436 1810 1461 nec
1829 1427 1864 1461 in
1885 1428 1982 1472 ipsius
2002 1427 2127 1465 adibas

1245 1476 1398 1511 celebrari
1410 1475 1545 1519 Missas3
1571 1474 1629 1511 ille
1641 1487 1753 1511 autem
1765 1477 1865 1511 iratus
1878 1478 1914 1511 in
1925 1477 2128 1523 Episcopum

1246 1527 1379 1562 immisit
1401 1536 1543 1561 armatos
1554 1525 1698 1566 milites,
1723 1525 1836 1561 hostili
1861 1538 1955 1562 more
1973 1528 2129 1572 graffium⁴

1245 1588 1318 1612 ros.
1345 1577 1701 1612 Contentioniscausa
1722 1587 1791 1610 non
1811 1575 1858 1612 est
1876 1577 2019 1622 liquida.
2045 1577 2125 1623 Ego

1244 1627 1427 1662 existimem
1452 1627 1546 1661 fuisse
1571 1626 1797 1662 Monasticam
1829 1627 2019 1671 apostasiam
2038 1652 2051 1669 ‚
2076 1628 2127 1664 ob

1244 1689 1342 1722 quam
1365 1679 1541 1722 generosus
1552 1689 1590 1712 ac
1610 1678 1732 1721 primus
1743 1677 1860 1712 Siciliae
1873 1678 2056 1723 Episcopus
2068 1689 2128 1714 no-

1244 1728 1339 1762 luerit
1361 1726 1491 1763 homini
1516 1729 1763 1762 communicare
1780 1752 1787 1760 .
1815 1726 2046 1764 Nihilominus
2072 1737 2127 1774 pn·

1244 1789 1316 1813 cem
1327 1779 1412 1812 inter
1432 1779 1518 1821 ipsos
1530 1778 1714 1822 composuit
1731 1778 1865 1813 Sanctus
1876 1777 2037 1815 Pontifex
2051 1800 2069 1821 ,1
2085 1779 2124 1814 ὰ

1243 1829 1362 1873 Joanni
1375 1828 1541 1872 Episcopo
1553 1829 1695 1872 scripsit,
1719 1837 1754 1861 ut
1776 1828 1984 1865 &oblationes
2003 1832 2126 1864 ronan·-

1242 1884 1298 1917 tit,
1317 1876 1493 1919 ficutantea
1506 1902 1516 1919 ,
1538 1877 1720 1922 fiasclperet‚
1746 1879 1938 1922 &Miffasin
1963 1881 2049 1913 dm
2057 1881 2126 1921 ejus

1241 1940 1298 1963 non
1306 1928 1398 1973 sblum
1408 1928 1546 1962 celebrari
1553 1935 1741 1971 permitteret
1756 1953 1766 1968 ,
1784 1927 1842 1970 sed
1851 1936 1941 1962 etlam
1957 1928 2024 1972 apsi!
2031 1935 2126 1971 'perae

1236 1987 1318 2023 geret
1326 2004 1336 2020 ,
1364 1979 1398 2013 Θ
1407 1977 1524 2022 causam
1528 1977 1618 2022 suam
1622 1977 1751 2022 servata
1762 1978 1907 2011 charitate
1915 1985 2124 2020 exequeretur.

1242 2028 1333 2062 Hinc
1353 2040 1432 2073 ergo
1445 2028 1582 2073 quidam
1604 2028 1792 2063 existimant
1804 2026 2010 2072 Apostasiam
2029 2028 2127 2062 fuisso

1241 2078 1469 2112 diffimulatam
1492 2078 1510 2111 a
1524 2078 1687 2113 pontifice
1700 2102 1711 2118 ‚
1736 2079 1770 2112 &
1791 2076 2018 2118 matrimonii,
2043 2076 2127 2112 licet

1241 2127 1413 2172 sacrilege,
1438 2138 1551 2162 tamen
1570 2129 1676 2163 valide
1687 2127 1764 2162 initi
1787 2128 1881 2161 usum
1895 2126 2062 2172 Apostatae
2079 2137 2125 2162 ex

1240 2178 1337 2212 caufis
1356 2177 1588 2220 dispensatorie
1601 2178 1765 2212 indultum
1779 2201 1787 2208 .
1813 2178 1941 2211 Omnes
1950 2176 2125 2212 olimMo-

1241 2225 1384 2268 nachos,
1409 2228 1458 2260 uti
1482 2227 1581 2261 hodie
1592 2227 1739 2262 Clericos
1757 2227 1932 2261 Societatis
1943 2227 2015 2270 Iesu
2028 2251 2039 2268 ,
2064 2236 2125 2260 vo·

1239 2278 1312 2310 lunt
1331 2277 1442 2311 solutis
1462 2278 1494 2312 &
1516 2277 1676 2312 exstinctis
1699 2277 1787 2310 votis
1808 2277 1928 2311 liberos
1945 2277 2084 2321 potuisse
2100 2276 2122 2310 a

299 2326 354 2358 se?
379 2325 461 2372 Qo
473 2325 558 2358 circa
570 2325 686 2358 melior
698 2325 823 2358 videtur
840 2325 997 2370 Hugonis
1009 2325 1174 2361 Vistorini
1240 2327 1382 2360 Praelatis
1398 2327 1520 2360 remitti
1544 2328 1586 2361 ad
1609 2327 1760 2362 saeculum
1779 2350 1790 2366 ‚
1815 2336 1914 2371 atque
1936 2326 1971 2361 id
1995 2327 2125 2372 Grego-

298 2375 459 2409 sententia
481 2399 493 2415 ,
520 2374 555 2407 in
570 2374 732 2418 postremo
756 2375 896 2418 superius
925 2373 1057 2409 laudato
1079 2376 1176 2413 loco,
1241 2377 1326 2411 rium
1339 2375 1510 2411 Venantio
1520 2377 1642 2411 fecisse.
1730 2408 1735 2412 .

297 2424 433 2458 asserens
449 2422 672 2469 Augustinum
685 2449 695 2466 ,
722 2436 789 2459 non
806 2425 847 2459 de
858 2425 1043 2460 solemniter
1062 2436 1099 2459 ac
1120 2436 1176 2468 pu·
1292 2427 1387 2469 Resp.
1401 2438 1468 2460 non
1492 2426 1616 2460 fecisse.
1643 2426 1749 2461 Lucet
1769 2436 1810 2460 ex
1821 2425 2039 2460 Testamenta
2051 2433 2123 2457 mo—

300 2474 404 2515 blice,
426 2475 478 2507 sed
500 2474 541 2507 de
559 2475 634 2508 solis
658 2475 847 2518 simpliciter
868 2474 1041 2510 &occulte
1062 2476 1180 2519 profes·
1243 2476 1355 2511 rientis
1368 2475 1548 2511 Venantii,
1574 2477 1699 2511 Omnia
1712 2475 1832 2519 quippe
1845 2476 1900 2508 sua
1911 2474 2058 2508 Barbara
2084 2472 2121 2508 δε

295 2524 337 2558 ,fis
356 2523 447 2567 loqui
467 2523 576 2558 viduis
589 2549 596 2556 .
622 2523 786 2568 Loquitur
808 2525 897 2559 enim
909 2524 949 2559 ad
961 2525 1106 2560 nobilem
1119 2524 1177 2558 Vi·
1244 2526 1400 2561 Antoniae
1430 2525 1559 2561 filiabus
1583 2525 1713 2568 reliquit
1733 2547 1744 2563 ‚
1786 2522 1960 2565 conjurans
1982 2519 2122 2558 Pontia-

301 2573 401 2608 duam
415 2572 577 2616 Julianam
589 2598 600 2613 ,
625 2585 695 2617 quae
706 2585 780 2608 cum
798 2576 892 2608 omni
904 2577 958 2610 sua
981 2576 1076 2619 priori
1090 2586 1179 2619 pom·
1244 2588 1318 2612 cern
1331 2577 1456 2620 deipsis
1478 2585 1591 2609 curam
1610 2585 1739 2619 gerere,
1766 2573 1972 2608 &Mauritio
1982 2573 2122 2616 Impert-
2135 2573 2294 2613 Lai-1231

302 2635 342 2668 pa
359 2622 502 2667 degebat
530 2623 718 2658 indefuncsti
739 2624 798 2658 viri
811 2625 934 2666 domo,
960 2625 1113 2669 atqueira
1135 2626 1179 2658 vi·
1241 2628 1303 2662 tori
1325 2627 1519 2670 supplicare,
1545 2636 1705 2668 quatenus
1728 2632 1783 2658 aut
1805 2624 1838 2657 in
1850 2623 2004 2658 Romana
2028 2622 2122 2658 Urbe

303 2674 397 2708 detur
415 2685 485 2707 non
507 2674 696 2717 assumpsisse
708 2673 866 2709 humilem
889 2675 1042 2709 Vidualis
1065 2675 1177 2719 profes-
1241 2687 1424 2721 ponantur‚
1449 2685 1505 2709 aut
1516 2674 1603 2709 certe
1623 2685 1693 2708 non
1704 2672 1913 2708 extrahantur
1931 2671 1972 2707 de
1984 2673 2120 2714 Sicilia,

300 2723 401 2757 fionis
422 2724 541 2758 vestem
552 2749 563 2765 ‚
588 2724 728 2767 ideoque
751 2736 811 2759 nec
835 2724 982 2760 solemne
999 2734 1114 2760 votum
1125 2724 1177 2758 ha·
1242 2728 1294 2761 sed
1306 2726 1361 2761 hic
1385 2737 1441 2759 aut
1455 2724 1500 2759 ibi
1522 2724 1613 2768 juxta
1626 2723 1787 2766 Principis
1798 2724 1954 2767 placitum
1965 2724 2119 2758 ordinen-

304 2774 423 2807 buiffe.
452 2773 582 2808 Etante
607 2784 753 2817 quartam
768 2773 1059 2820 Carthaginensem
1071 2776 1175 2818 Syno-
1240 2787 1311 2812 tur.
1341 2776 1383 2809 Et
1405 2776 1487 2820 ipsas
1509 2775 1544 2808 &
1562 2785 1697 2809 omnem
1721 2775 1810 2807 suam
1830 2773 2040 2808 substantiam
2061 2783 2118 2808 co-

302 2823 381 2857 dum
393 2823 487 2867 poffit
499 2825 561 2857 esse
574 2825 708 2868 scriptus
721 2824 774 2859 hic
787 2825 915 2859 libellus
928 2850 938 2866 ,
968 2837 1064 2868 atque
1086 2826 1175 2867 illic,
1240 2839 1308 2861 ram
1329 2825 1460 2861 laudato
1483 2826 1610 2869 Ioanne
1634 2824 1797 2868 Episcopo
1818 2825 1924 2868 posuit
1945 2823 2001 2857 sub
2013 2822 2116 2857 tutela

304 2873 326 2906 si
338 2873 469 2918 quidem
480 2873 522 2908 de
534 2874 675 2908 solemni
688 2884 767 2908 voto
777 2886 852 2920 agat
864 2900 874 2916 ‚
901 2878 1084 2910 retrastatus
1095 2900 1102 2908 .
1240 2879 1273 2911 &
1286 2877 1485 2921 protestione
1506 2874 1706 2918 Apostolicae
1726 2872 1817 2908 Sedis
1833 2899 1839 2906 .
1868 2873 1994 2907 Verum
2015 2870 2116 2916 Regii

356 2922 481 2957 Verum
492 2923 574 2966 quid
585 2925 624 2958 ad
637 2924 789 2958 Sanctum
805 2925 1029 2969 Epiphanium
1039 2951 1048 2966 ‚
1062 2925 1118 2969 qui
1131 2933 1177 2959 at·
1239 2928 1324 2961 Fisci
1337 2927 1510 2961 Curatores
1519 2925 1633 2960 omnia
1644 2924 1788 2959 defunsti
1802 2923 1889 2958 bona
1900 2934 1981 2957 mox
1990 2922 2115 2955 invase-

302 2980 439 3007 rentatas
459 2972 477 3006 a
489 2974 676 3008 solemniter
695 2976 832 3018 professo
851 2975 1025 3010 Monacho
1050 2976 1176 3019 nuptias
1231 2986 1333 3018 runt,
1358 2975 1550 3011 attestarunt
1562 2999 1573 3016 ,
1594 2975 1628 3009 &
1643 2974 1825 3020 Regiaillis
1847 2973 1950 3019 sigilla
1961 2971 2114 3013 apposue-

303 3019 418 3054 diserte
440 3024 576 3058 affirmat
601 3023 763 3069 legitimas
787 3026 800 3058 ?
826 3023 952 3060 Lucida
983 3025 1122 3059 affirmat
1140 3025 1174 3058 in
1237 3036 1335 3068 runt,
1360 3034 1525 3069 tamquam
1537 3025 1750 3070 spectantibus
1759 3023 1799 3058 ad
1810 3024 1954 3057 Fiscum.
1978 3020 2114 3063 Utique

304 3069 376 3111 ipsis
410 3074 571 3107 committi
604 3074 777 3110 dumtaxat
811 3074 946 3109 unicum
983 3084 1174 3119 peccatum.-
1238 3075 1464 3120 exJustiniani
1477 3075 1621 3120 Augusti
1633 3076 1673 3110 ad
1688 3075 1851 3118 Iulianum
1865 3070 2022 3104 Praetorio
2032 3069 2113 3104 Prae·

305 3128 422 3161 nempe
447 3119 631 3162 inipsarum
641 3126 827 3158 contractu.
855 3124 998 3165 Earum,
1025 3126 1113 3168 quod
1124 3136 1175 3159 va·
1239 3129 1356 3161 fectum
1370 3127 1461 3172 lege,
1487 3126 1664 3161 mandante
1685 3124 1841 3167 majorum
1852 3120 2058 3156 clericorum
2078 3121 2113 3155 &

305 3167 387 3202 fidas
406 3169 535 3203 censeat
547 3193 558 3209 2
583 3173 672 3206 usum
690 3174 794 3208 credit
815 3185 882 3208 non
898 3175 960 3209 este
982 3185 1172 3218 peccatum.
1236 3174 1480 3212 Monachorum
1499 3188 1541 3211 ex
1553 3185 1713 3211 attentato
1729 3170 1880 3215 sacrilege
1899 3170 2113 3206 matrimonio

306 3217 352 3251 Et
362 3216 533 3262 adiungit:
560 3223 644 3252 Hunc
659 3226 690 3252 in
701 3226 817 3256 modum
836 3226 1004 3267 praedicare
1026 3224 1173 3267 consuevit
1236 3227 1341 3270 proles
1361 3227 1486 3262 uastari
1511 3235 1548 3261 ut
1572 3235 1666 3261 natas
1683 3232 1725 3256 ex
1746 3219 1872 3254 nefario
1899 3222 1933 3256 δε
1950 3221 2109 3256 damnato

130 3261 208 3298 <3³1³-
227 3260 254 3288 8.
304 3265 433 3308 ecclefia.
461 3272 534 3301 Haec
555 3269 600 3300 ad
615 3271 771 3317 remedium
782 3284 951 3316 comparata
964 3275 1038 3319 sunt
1051 3275 1173 3308 medica·
1233 3278 1404 3321 congressu
1427 3301 1439 3318 ,
1465 3274 1551 3311 nihil
1572 3274 1638 3309 illis
1656 3270 1800 3313 relinqui
1821 3294 1832 3311 ,
1858 3269 1944 3305 nihil
1966 3270 2084 3305 donari
2096 3292 2110 3309 ,

304 3326 427 3352 menta.
454 3317 852 3363 Respondeooriginalem
863 3325 931 3367 ejus
950 3333 1077 3359 textum
1085 3326 1173 3359 sona·
1232 3338 1274 3361 ne
1286 3327 1417 3368 quidem
1440 3321 1725 3372 pei-interpositam
1745 3321 1929 3364 personam,
1955 3321 2048 3354 Hinc
2065 3330 2108 3353 ex

307 3376 341 3401 re
350 3364 415 3402 hoc
424 3367 527 3402 modo
539 3381 551 3400 .·
576 3370 674 3401 satius
683 3369 719 3408 est
731 3372 750 3401 ιὶ
763 3370 844 3413 cursu
856 3373 971 3415 lapficm
987 3382 1112 3416 accipere
1118 3373 1173 3418 fibi
1235 3374 1331 3421 hujus
1350 3377 1433 3423 legis
1450 3377 1484 3410 δε
1505 3371 1680 3407 ἙίΓειΙίιιιιι
1700 3370 1928 3405 Ministrorum
1952 3379 2043 3403 metu
2065 3367 2107 3403 ad

300 3417 404 3460 pelam
422 3420 573 3457 mutarem
586 3416 746 3462 secundum
757 3420 866 3467 legem.
893 3423 1108 3470 Nequaquam
1128 3435 1175 3462 ra·
1235 3426 1459 3475 Apostolicam
1468 3422 1703 3470 protectionem
1715 3445 1727 3463 ,
1752 3421 1787 3457 ἀ
1798 3419 2108 3505 δευίςωιὲὲέηεί-

2043 3493 2057 3511 ›

139 1347 187 1386 μς
211 1358 228 1381 c
242 1361 256 1380 2
300 1335 381 1359 cum
392 1325 834 1361 submiffione&reverentia
846 1324 1183 1371 afferitAugustiuum

193 1372 198 1379 “
230 1372 235 1379 “
260 1374 267 1380 ”
304 1375 378 1408 istic
389 1385 425 1407 ur
439 1374 610 1409 hominem
624 1375 783 1409 deviasse.
810 1374 1182 1411 Inlibrisdecontinen·

303 1424 350 1458 tia
361 1423 518 1458 Claudius
533 1425 722 1468 Espencaeus
744 1425 854 1460 locum
865 1426 963 1460 istum
977 1425 1085 1460 scribit
1107 1425 1184 1460 faci-

305 1474 368 1507 lius
381 1475 467 1517 posse
477 1475 588 1517 negari
601 1496 611 1512 ,
628 1485 724 1517 quam
736 1474 837 1507 solvi.
864 1475 903 1507 In
917 1475 1001 1509 libro
1014 1476 1054 1509 de
1065 1476 1183 1510 Mona-

302 1522 375 1558 chis
386 1523 550 1558 Robertus
563 1523 963 1559 CardinalisBellarminus
971 1525 1018 1559 ait
1027 1525 1184 1560 Ecclesia-

304 1573 424 1609 sticum
445 1574 639 1614 Canonem,
666 1575 823 1608 sacrarum
845 1576 1054 1618 personarum
1075 1576 1183 1619 conju-

308 1625 364 1668 gia
377 1624 575 1665 irritantem,
606 1625 697 1658 fuisse
719 1624 760 1658 ab
774 1624 962 1669 Augustino
973 1626 1179 1670 ignoratum.

307 1675 353 1708 Et
364 1674 472 1708 revera
483 1676 645 1709 sacrorum
657 1674 837 1709 Canonum
861 1675 919 1710 ille
929 1686 997 1710 non
1008 1676 1074 1711 fuit
1087 1676 1182 1721 plene

308 1724 457 1767 peritus.-
483 1723 606 1759 dudum
637 1725 887 1761 enimostavum
901 1726 1100 1768 Nicaenum‚
1126 1738 1181 1771 per

300 1785 439 1808 omnem
463 1776 565 1809 vitam
577 1775 740 1820 ignoravit
761 1777 893 1809 cunctos
905 1776 1058 1811 Canones
1078 1777 1181 1811 Sardi-

301 1824 413 1858 censes
436 1850 441 1857 .
470 1824 595 1858 Verum
619 1826 789 1869 quomodo
810 1826 971 1872 ignorasse
996 1828 1091 1871 possit
1110 1827 1129 1860 ὲ.
1151 1828 1181 1861 se

307 1874 436 1908 editum
456 1884 550 1918 atque
569 1875 782 1919 subscriptum
803 1902 813 1917 ‚
842 1876 1039 1920 postremum
1064 1886 1181 1922 quartae

301 1923 569 1970 Carthaginenfis
593 1925 926 1971 SynodiCanonern,
956 1927 1014 1970 qui
1035 1927 1180 1971 professa·

304 1986 378 2008 rum
395 1986 519 2010 mutata
541 1975 628 2010 veste
641 1976 825 2011 Viduarum
841 1977 1052 2012 matrimonia
1073 1977 1180 2011 lucide

297 2024 416 2059 definit
435 2026 498 2060 esse
508 2025 664 2060 adulteria
685 2038 722 2060 ac
735 2026 889 2061 secundas
907 2028 1059 2071 nuptia,
1084 2028 1179 2061 omni

297 2076 537 2110 communione
584 2076 686 2120 privat
711 2101 721 2117 ,
756 2077 954 2120 mandatque
979 2075 1179 2120 separanda?

296 2125 658 2172 Qomodoignorafl'e
680 2126 775 2169 poffit
799 2127 906 2160 Sanffi
920 2125 1037 2170 Optati
1048 2125 1178 2160 Milevi-

300 2175 369 2208 tani
391 2174 544 2218 Episcopi
567 2176 750 2210 notiffimos
765 2177 913 2211 adversus
925 2175 1175 2211 parmenianum

299 2224 400 2258 libros
409 2249 419 2264 ,
443 2225 477 2258 in
489 2224 606 2267 quibus
619 2225 726 2260 lucide
737 2225 874 2261 docetur
884 2227 1093 2270 professarum
1103 2236 1178 2258 curn

301 2273 458 2317 assumpta
472 2274 586 2315 Mytra
598 2276 780 2319 Virginum
802 2275 957 2321 conjugia
979 2287 1048 2309 non
1060 2275 1177 2309 valuis-
