2352 3736
70 2015 145 2052 Car..
160 2016 209 2048 28.

67 2587 132 2617 Tit.
160 2597 189 2624 ᾳ,

75 2629 147 2667 (Ἀρ.
168 2637 212 2669 ¹3·

600 175 1010 221 ReMENse

242 261 357 306 aliquo-
372 257 502 304 justitiae
520 259 598 293 fuco
617 258 783 292 vestiretur
793 282 802 294 -

290 309 368 344 Post
382 308 496 345 Caroli
515 308 660 343 Marcelli
673 319 819 352 tempora
830 330 847 351 ‚,
868 307 967 350 pestis
975 316 1109 339 omnem

241 360 380 396 modum
402 359 535 394 exceffit
557 359 642 402 apud
662 359 805 394 Francos
825 381 832 388 .
856 355 993 404 *Exinde
1012 355 1111 389 etiam

242 410 396 454 Episcopi
418 435 428 450 ‚
457 408 601 443 Abbates
619 433 629 449 ‚
653 408 689 447 ἀ·
709 407 830 445 Clerici
853 430 864 445 ‚
892 417 960 439 non
984 415 1112 439 tantum

242 474 298 505 per
313 460 541 497 Ecclefiasticae
552 458 686 494 familiae
701 458 830 495 servos,
857 455 910 489 sed
932 455 966 488 ὅ(
978 456 1115 500 propriis

240 509 416 550 fnanibus,
443 510 490 544 uti
508 508 638 553 publica
654 506 713 540 sub
734 505 849 549 Rege,
874 505 918 539 ita
939 506 972 539 &
993 506 1114 549 privata

241 573 298 605 per
322 561 511 605 semetipsos
537 557 620 592 bella
651 555 841 598 ,inceperunt
865 567 1015 590 exercere
1037 581 1044 588 .
1071 555 1116 592 Et

241 611 321 645 hinc
344 611 377 644 in
400 609 490 645 edito
510 607 550 642 ad
563 604 775 642 undecimum
801 606 848 639 sui
863 606 972 649 Regni
991 615 1117 639 annum

242 661 412 704 capitulari
420 657 530 695 statuit
541 655 679 689 Carolus
690 655 837 699 Magnus
851 670 861 688 .·
888 657 932 688 De
945 661 1114 689 itineranti-

242 712 296 744 bus
309 735 320 751 ,
345 715 396 752 qut
415 709 460 740 ad
481 707 631 742 Placitum
650 715 704 739 aut
727 705 818 739 aliubi
836 714 966 748 pergunt
979 729 990 744 ,
1015 714 1049 737 ut
1069 716 1116 737 eos

240 768 306 794 cum
330 757 449 794 colledla
470 767 552 791 nemo
559 755 598 798 fit
614 754 703 799 ausus
716 754 848 798 adsalire
860 779 871 794 ,
898 756 1026 789 &nemo
1046 756 1117 787 alte-

240 817 306 844 rius
335 806 458 842 herbam
478 805 649 847 defhnfionis
672 813 799 847 tempore
823 807 922 839 tollere
930 802 1117 847 prasumat,

240 858 296 900 2¹¹st
307 862 338 894 in
359 855 464 896 bostem
488 855 666 890 Publicum
677 863 788 902 pergat
802 880 812 894 ,
838 864 891 887 aut
911 855 1013 898 Missus
1027 854 1117 894 noster

230 908 272 949 fit
291 931 299 939 .
326 909 373 939 Et
392 912 444 949 qui
465 907 551 939 aliter
566 905 671 947 facere
687 903 910 947 praesumpserit
930 928 941 943 ‚
964 906 1117 938 emendet.

238 956 443 991 Turbulenti
466 957 667 999 privatorum
690 955 850 989 bellorum
877 955 1017 999 gestores
1050 966 1118 989 non

237 1006 344 1043 solum
357 1006 487 1048 quosvis
497 1005 615 1040 obvios
627 1007 727 1042 etiam
738 1005 778 1039 ad
791 1005 963 1048 Comitum
984 1014 1040 1039 aut
1051 1005 1122 1038 Du-

237 1068 314 1091 cum
326 1055 455 1094 Placita
466 1057 518 1091 seu
531 1056 652 1100 judicia
664 1056 855 1092 itinerantes
867 1079 878 1094 ,
904 1066 994 1089 more
1005 1056 1122 1089 Latro-

237 1118 319 1141 num
343 1106 547 1150 spoliabant,
575 1107 626 1139 sed
649 1105 878 1149 &Regiorum
904 1106 1047 1142 militum
1061 1105 1118 1139 fibi

238 1157 436 1201 arrogabant
446 1156 515 1199 jura
527 1181 537 1196 ,
563 1156 743 1189 alienorum
758 1154 949 1198 praediorum
961 1153 1075 1190 herbas
1086 1155 1119 1192 ὃς

238 1206 387 1251 gramina
402 1206 609 1242 invadentes.
637 1206 731 1237 Hinc
747 1206 871 1247 privata
894 1203 951 1238 ista
965 1205 1047 1239 bella
1068 1218 1121 1240 au-

239 1256 371 1290 ferenda
382 1254 553 1301 desperans
567 1255 640 1288 Rex
654 1254 793 1289 Carolus
803 1280 814 1296 ,
842 1255 917 1288 istas
928 1255 1039 1290 saltem
1053 1255 1120 1288 vio-

239 1305 357 1340 lentias
377 1305 546 1342 castravit.
576 1305 618 1337 Ec
643 1306 748 1349 pergit
773 1317 781 1337 :
803 1307 834 1338 51'
856 1311 924 1348 quis
942 1313 997 1346 pro
1017 1306 1121 1338 Faida

235 1361 367 1399 pretium
378 1361 504 1398 recipere
525 1366 581 1388 non
592 1356 658 1388 vult
671 1379 681 1394 ‚
709 1364 779 1391 tunc
788 1357 833 1390 ad
844 1367 895 1389 nos
916 1355 955 1397 fit
967 1354 1121 1399 transmis-

235 1404 286 1449 sus
300 1429 311 1445 ,
336 1406 370 1439 Θ
392 1418 446 1439 nos
469 1416 534 1438 eum
555 1406 712 1447 dirigemus
727 1429 737 1445 ,
763 1404 814 1438 ubi
837 1406 980 1438 damnum
1002 1406 1122 1437 minime

235 1451 335 1498 facere
346 1456 443 1496 pfft.
470 1455 661 1489 similtmodo
683 1455 717 1488 6·
729 1459 780 1497 qui
798 1462 854 1495 pro
870 1455 973 1488 Faida
989 1460 1122 1496 pretium

235 1503 352 1549 solvere
364 1507 486 1538 noluerIt
498 1528 509 1544 ,
533 1503 736 1546 necjustmam
749 1505 858 1537 exinde
869 1503 973 1544 facere
985 1528 996 1543 ‚
1022 1505 1054 1537 ln
1067 1505 1121 1537 tali

239 1557 298 1588 loco
311 1565 377 1588 eum
398 1561 517 1590 mittere
533 1555 669 1586 volumus
683 1576 694 1592 ,
719 1562 752 1587 ut
761 1561 817 1594 pro
836 1554 934 1587 eodem
958 1555 1056 1594 majus
1069 1555 1123 1585 da-

238 1615 344 1638 mnum
363 1614 421 1641 non
442 1601 568 1647 creftat.
596 1602 696 1637 Faida
719 1602 807 1636 idem
822 1603 864 1636 esi
881 1602 970 1645 quod
984 1601 1124 1637 inimici-

216 1653 288 1693 'tia
311 1655 364 1688 seu
394 1653 486 1687 illata
515 1652 661 1696 injuria:
688 1651 771 1686 Eam
798 1654 935 1696 pecunia
964 1654 1121 1696 componi

240 1703 376 1738 mandat
387 1703 546 1741 Carolus,
574 1702 767 1746 &quamvis
787 1714 987 1745 componere
1011 1703 1124 1737 nolen-

241 1764 309 1787 tem
320 1763 443 1796 partem
454 1753 597 1788 minatur
618 1753 787 1794 deportare
802 1753 834 1785 in
851 1753 959 1786 locum
982 1752 1065 1787 adeo
1077 1765 1121 1787 re-

242 1812 394 1844 motum,
420 1803 539 1838 utistic
552 1813 622 1836 non
643 1801 736 1845 possit
755 1802 944 1836 malefacere
956 1826 966 1842 ,
994 1803 1048 1837 seu
1062 1802 1125 1846 pri·

242 1862 318 1887 vata
342 1852 426 1887 bella
448 1852 613 1888 suscitare.
645 1852 737 1885 Bella
749 1852 806 1886 ista
818 1852 900 1885 vidit
925 1863 994 1887 non
1007 1852 1123 1888 nifiin-

242 1901 588 1945 diresteeliminandal.
617 1901 690 1935 Nec
700 1901 883 1945 generosior
907 1900 969 1935 fuit
982 1902 1016 1936 in
1030 1902 1123 1936 edito

242 1950 283 1985 ad
295 1950 461 1987 decimum
483 1947 616 1985 tertium
627 1951 758 1993 Imperii
781 1962 907 1985 annum
920 1951 1099 1993 Capitularr
1115 1963 1121 1982 :

241 2004 418 2043 Inquiratur
440 2001 598 2043 diligenter
620 2001 657 2034 de
670 1999 815 2042 Fatdiofis
829 2025 840 2041 ‚
867 2000 1123 2035 seuinimicitias

241 2049 439 2085 habentibus
458 2049 625 2085 hominibus
637 2074 648 2090 ,
674 2055 726 2092 qui
734 2047 832 2093 solent
852 2056 1027 2093 incongruas
1051 2062 1123 2084 com-

241 2105 382 2135 motiones
394 2123 405 2140 ,
432 2101 486 2135 seu
498 2100 621 2144 privata
632 2099 717 2136 bella
737 2098 838 2141 facere
851 2124 862 2140 ,
889 2109 952 2134 tam
972 2106 1006 2136 tn
1029 2104 1124 2134 Domi-

243 2155 317 2183 nicis
326 2150 429 2184 diebus
441 2175 453 2190 ,
478 2162 570 2193 quam
593 2151 707 2187 &aliis
716 2149 978 2192 filemnitattbus,
995 2149 1069 2191 ficut
1089 2153 1123 2185 ((7

242 2204 274 2232 in
300 2199 450 2239 feriaticis
470 2200 594 2234 diebus.
621 2204 681 2235 Hoc
690 2203 807 2233 omnino
827 2199 1039 2242 prohibendum
1065 2200 1122 2241 est,

239 2248 396 2289 nefacere
415 2249 600 2292 praesumant
625 2275 631 2282 .
660 2250 917 2284 Commotiones
954 2250 1028 2283 istas
1050 2250 1123 2284 solis

241 2298 434 2336 Dominicis
443 2310 481 2332 ac
491 2299 612 2333 festivis
624 2299 738 2333 diebus
748 2299 919 2333 interdicit.
947 2299 1027 2343 Ejus
1038 2299 1122 2335 filius

241 2347 275 2380 ἀ
289 2349 446 2385 successor
457 2347 645 2384 Ludovicus
658 2349 681 2381 P
691 2348 738 2381 ius
750 2350 782 2382 in
795 2350 894 2384 tertio
918 2350 973 2382 suo
988 2347 1123 2393 Capitu-

242 2398 300 2431 lari
312 2398 438 2441 aliquid
460 2397 605 2433 addidit:
634 2397 787 2439 Postquam
799 2403 902 2432 Comes
929 2399 1122 2444 &Pagenses

243 2449 280 2480 de
290 2448 421 2489 qualibet
444 2449 630 2491 expeditione
640 2447 731 2487 hostili
754 2448 865 2489 reversi
867 2448 991 2490 fuerint
1002 2474 1012 2488 ,
1038 2461 1077 2483 ex
1092 2462 1123 2484 eo

244 2497 293 2531 die
298 2495 390 2540 super
400 2499 605 2543 quadraginta
615 2496 755 2539 noHesfit
763 2498 880 2531 bannus
892 2497 997 2541 recisus
1007 2521 1017 2538 ‚
1045 2501 1125 2542 quod

243 2546 347 2590 lingua
359 2545 512 2589 Theotisca
533 2547 688 2591 scastlegi,
714 2547 816 2587 idest,
843 2560 993 2582 armorum
1021 2549 1123 2592 deposi-

247 2602 287 2630 tio
297 2604 435 2630 vocatur.
462 2597 625 2642 pagenses
635 2609 676 2631 ex
690 2596 821 2640 publico
833 2597 919 2633 bello
938 2598 1031 2633 laffos
1041 2612 1118 2645 gau-

246 2644 320 2678 dere
331 2646 399 2680 vult
411 2646 627 2692 quadraginta
640 2647 767 2683 dierum
785 2649 895 2694 requie
906 2674 917 2689 ,
943 2649 978 2682 &
988 2651 1119 2695 privatis

247 2692 342 2728 bellis
350 2706 418 2728 non
428 2697 601 2739 inquietari
613 2722 620 2730 .

297 2744 481 2786 Semiplena
501 2747 660 2780 medicina
683 2746 799 2781 vulnus
830 2747 969 2793 adauget
991 2774 996 2780 .
1025 2749 1119 2784 Hinc

247 2793 370 2836 privata
383 2792 465 2826 bella
474 2795 555 2828 adeo
565 2796 732 2831 turbarunt
744 2799 916 2832 Franciam
929 2821 938 2836 ,
965 2809 1002 2832 ut
1013 2798 1119 2834 lauda-

247 2853 284 2877 to
294 2842 482 2884 Imperatori
504 2844 675 2880 Ludovico
695 2847 841 2882 adversus
854 2848 951 2881 nimis
976 2848 1121 2893 frequen-

246 2902 314 2926 tem
339 2893 586 2928 &temerariam
606 2894 784 2933 Christiani
807 2898 974 2942 sanguinis
996 2899 1122 2934 effusio-

248 2954 324 2977 nem
347 2942 432 2978 sexta
456 2941 637 2978 Parifienfis
648 2945 800 2986 Synodus
821 2947 918 2981 fuerit
930 2950 1040 2982 coasta
1054 2950 1121 2994 sup-

250 2992 368 3034 plicare
385 3017 391 3024 .
419 2994 530 3026 Omne
549 2993 583 3026 &
603 2993 698 3026 civile
718 2997 752 3031 ὃς
771 2995 939 3032 criminale
960 2997 1119 3040 judicium

249 3041 385 3078 affirmat
395 3053 437 3076 ex
449 3042 576 3076 Divino
599 3042 630 3075 &
645 3042 837 3085 Apostolico
854 3046 922 3088 jure
935 3048 1070 3090 spestare
1079 3048 1119 3083 ad

249 3091 356 3125 solum
375 3091 560 3136 Principem
574 3115 585 3131 ‚
609 3093 642 3125 δε
657 3093 759 3136 pergit
773 3106 783 3125 .-
809 3094 966 3137 Nescimus
986 3109 1045 3139 qua
1053 3106 1120 3140 per·

249 3146 340 3174 noxla
361 3142 575 3177 adinventione
594 3143 615 3173 ἃ
634 3144 782 3176 nonnullis
806 3142 979 3185 usurpatum
1001 3146 1060 3187 est,
1087 3157 1119 3180 ut

250 3190 281 3223 hi
301 3194 351 3232 qui
376 3192 452 3226 nullo
464 3191 618 3231 Ministerr'o
631 3191 816 3233 fulciuntur,
835 3201 958 3235 propter
975 3194 1031 3238 fica
1052 3198 1119 3230 odia

249 3241 285 3274 Θ
292 3238 488 3280 diverfiffimas
498 3243 797 3284 voluntatespeffimas
807 3243 972 3276 indebitum
976 3244 1031 3286 fibi
1042 3244 1121 3288 usur-

245 3298 331 3332 pant
358 3296 389 3322 in
410 3291 603 3325 vindicandIs
629 3298 778 3333 proximis
798 3317 809 3333 ‚
846 3294 881 3326 (9*
911 3293 1119 3335 interficiendis

249 3339 416 3373 hominibus
437 3339 581 3375 vindmia
601 3342 810 3382 ministerium,
835 3343 868 3376 (ν’
881 3345 961 3384 quod
974 3348 1041 3377 Rex
1056 3343 1120 3387 sal·

252 3398 312 3422 tem
323 3396 423 3423 inuno
443 3401 573 3426 exercere
582 3390 720 3427 debuerat
735 3401 859 3435 propter
873 3402 1008 3426 terrorem
1020 3396 1122 3428 multo-

253 3447 318 3475 raem
329 3464 340 3480 ,
364 3438 418 3482 ipfi
423 3442 606 3483 impudenter
626 3446 659 3475 in
668 3444 768 3478 multis
779 3451 948 3485 perpetrare
959 3455 1016 3478 non
1028 3454 1123 3479 metu·

1080 172 1653 221 CONCILIUM.

1871 173 1962 231 183

1169 266 1223 291 unt
1230 266 1353 300 propter
1363 260 1461 295 odium
1473 283 1484 299 ‚
1509 260 1543 292 ὦ·
1551 266 1663 300 putant
1666 256 1722 300 fibi
1732 258 1815 291 licere
1826 256 1860 291 ob
1867 260 2035 291 inimicitia-

1171 318 1235 340 rum
1255 308 1410 340 vindic‘las
1422 334 1433 351 ‚
1458 310 1538 351 quod
1555 309 1654 341 nolunt
1674 317 1706 340 ut
1719 311 1784 340 Rex
1799 308 1902 352 factat
1918 317 2040 350 propter

1171 361 1228 390 Dei
1247 359 1416 390 vindiciam
1437 382 1443 390 .
1473 358 1569 392 Certe
1593 358 1780 392 Ludovicus
1802 357 1929 394 videtur
1950 356 2038 391 malo
2057 351 2118 384 Ub-
2133 361 2194 389 3‘C·

1173 417 1240 440 non
1250 406 1397 440 obviasse.
1431 408 1562 443 Etenim
1577 408 1744 441 Tullenfis
1755 408 1838 451 apud
1850 407 2040 444 Tuziacum
2059 404 2102 430 ¹⁷·

1174 456 1228 491 sub
1249 456 1316 499 ejus
1330 457 1400 490 filio
1414 458 1537 493 Carolo
1558 457 1666 491 Calvo
1681 457 1790 491 habita
1802 457 1956 500 Synodus
1967 458 2041 501 rigi-

1172 506 1211 540 de
1232 507 1366 549 quidem
1390 507 1524 540 damnat
1547 508 1687 550 &punit
1711 507 1863 542 incendia
1877 531 1889 547 ,
1913 507 2042 551 stupra,

1172 556 1272 590 caedes
1282 582 1292 597 ‚
1319 555 1499 590 homicidia
1520 579 1530 594 ,
1555 567 1658 590 rerum
1682 558 1974 595 Ecclefiasticarum
1995 567 2045 590 ra-

1175 607 1283 649 pinas,
1313 607 1441 649 aliaque
1453 605 1544 639 bellis
1555 606 1684 648 privatis
1695 607 1873 641 accidentia
1887 607 2046 646 crimina,

1177 667 1377 699 nequaquam
1403 667 1511 690 tamen
1533 655 1591 689 ista
1605 656 1671 699 ipsa
1697 655 1797 689 bella.
1825 659 1933 691 Etiam
1959 658 2046 690 Isaac
2064 661 2135 700 Cap.
2153 669 2180 695 ⁴·

1174 705 1395 752 Lingonenfis
1409 706 1586 748 Episcopus
1597 729 1607 744 ‚
1636 706 1686 738 vir
1697 708 1869 748 generosus
1879 708 1910 741 δε
1924 708 2051 747 dodim,

1175 755 1262 789 aliud
1275 767 1342 788 non
1355 755 1544 798 praesumpfit
1555 780 1565 795 ,
1593 766 1692 797 quam
1706 756 1763 788 suo
1774 756 1953 797 Capitulari
1971 758 2050 790 inse-

1176 815 1241 839 rere
1253 806 1350 839 factas
1364 804 1536 839 Ludovico
1549 816 1655 848 preces
1673 806 1690 838 a
1704 804 1833 848 laudata
1844 806 1979 847 Synodo
1993 807 2052 839 Pa-

1176 855 1289 889 rifienfi
1305 882 1312 889 .
1338 855 1441 888 Aliud
1460 855 1539 889 item
1562 867 1630 888 non
1642 854 1718 889 fecit
1740 854 1899 889 celebrata
1912 855 1969 889 sub
1985 858 2050 890 Ste-

1178 905 1275 949 phani
1288 906 1395 949 quinti
1408 905 1532 949 Papatu
1544 906 1696 948 Synodus
1708 905 1879 940 Metenfis.

1225 955 1303 989 Post
1324 955 1515 991 exstinctum
1541 956 1652 990 Caroli
1675 956 1794 1000 Magni
1817 968 1943 1001 genus,
1970 955 2053 990 &in

1177 1007 1370 1041 Formosum
1395 1005 1592 1041 Pontificem
1605 1017 1728 1049 patrata
1740 1007 1886 1040 scandala
1899 1031 1909 1046 ‚
1937 1004 2053 1039 Barba-

1180 1057 1239 1090 ries
1257 1055 1338 1090 adeo
1357 1056 1521 1096 invaluit,
1548 1065 1583 1090 ut
1604 1056 1621 1088 a
1648 1056 1744 1090 Patre
1768 1060 1824 1091 suo
1836 1058 1971 1101 Sergio,
1999 1058 2053 1091 ad-

1181 1108 1284 1139 versus
1300 1107 1410 1141 nescio
1428 1118 1523 1153 quern
1545 1107 1766 1150 propinquum
1789 1108 1880 1142 suum
1903 1107 2056 1151 litigante

1180 1157 1220 1190 de
1231 1157 1373 1200 quodam
1388 1168 1500 1199 prato,
1526 1157 1702 1191 reluctante
1712 1156 1913 1193 conscientia
1935 1168 2059 1202 pugna-

1182 1219 1211 1239 re
1223 1207 1409 1250 compulsus
1420 1207 1515 1240 fuerit
1529 1209 1649 1242 sanetus
1671 1218 1750 1241 tunc
1765 1207 1912 1249 juvenis,
1939 1208 1973 1240 &
1988 1209 2057 1240 san-

1180 1258 1260 1292 έὶῑοι·
1273 1257 1380 1300 postea
1405 1256 1516 1290 Abbas
1528 1256 1754 1297 Romualdus,
1786 1256 1827 1290 de
1848 1268 1913 1302 quo
1924 1258 2058 1291 sanstus

1184 1307 1294 1341 Petrus
1312 1307 1490 1341 Damiani.
1516 1302 1715 1347 Romualiius,
1740 1309 1807 1340 luet
1827 1315 1982 1349 perempto
1989 1316 2059 1350 pro-

1179 1362 1287 1399 pinque
1308 1358 1422 1390 nullum
1441 1357 1550 1390 vulnus
1577 1357 1744 1398 inflixerit,
1770 1363 1840 1399 quia
1851 1366 1949 1389 tamen
1970 1363 2060 1390 inter-

1175 1406 1240 1447 fuit
1252 1431 1262 1446 ,
1285 1413 1494 1448 poenitentiam
1519 1413 1598 1439 tanti
1614 1415 1714 1439 reatus
1725 1413 1835 1449 accepit
1847 1432 1857 1446 ‚
1884 1419 2007 1449 moxque
2019 1406 2062 1438 ad

1182 1454 1326 1499 Claffenft‘
1346 1455 1552 1495 monasterium
1576 1456 1653 1488 beati
1676 1457 1854 1496 Apollinaris
1871 1479 1880 1494 ,
1907 1468 1983 1489 more
2008 1460 2063 1488 Ho-

1182 1507 1358 1538 mtctdarum
1380 1505 1483 1538 diebus
1508 1506 1710 1548 quadraginta
1728 1503 1945 1546 permansurus
1969 1512 2001 1538 in
2017 1509 2063 1539 lu-

1180 1555 1282 1587 c‘iubus
1296 1578 1305 1593 ‚
1327 1560 1506 1596 properavit
1523 1579 1529 1585 .
1558 1555 1645 1587 Tem
1652 1564 1767 1596 porum
1780 1555 1917 1589 istorum
1935 1556 2065 1590 miseria

1183 1605 1278 1651 poffit
1291 1604 1436 1646 plurimis
1447 1604 1603 1647 exemplis
1625 1604 1838 1638 demonstrari
1856 1629 1862 1636 .

1231 1654 1418 1689 Barbariem
1441 1654 1534 1687 istam
1557 1654 1750 1697 proscribere
1768 1656 1866 1698 coepit
1880 1655 2061 1698 Imperator

1183 1704 1369 1740 Conrardus
1380 1703 1504 1738 Salicus
1517 1729 1526 1744 ‚
1540 1705 1580 1737 de
1591 1715 1657 1746 quo
1670 1715 1827 1748 magnum
1841 1705 1946 1750 Belgii
1960 1706 2067 1741 Chro-

1183 1754 1281 1788 nicon
1295 1766 1302 1785 :
1331 1755 1444 1787 Multas
1468 1755 1516 1787 ille
1529 1754 1604 1798 leges
1616 1756 1750 1787 condidit
1762 1777 1772 1793 ‚
1800 1756 1834 1788 <9⁸
1842 1764 1947 1797 pacem
1968 1763 1999 1790 in
2010 1767 2068 1791 ter-

1182 1810 1226 1836 ris
1248 1802 1420 1846 conservare
1440 1811 1560 1846 cupiens
1573 1829 1584 1844 ‚
1604 1804 1712 1844 statuit
1734 1813 1768 1837 ut
1780 1810 1951 1848 quicumque
1974 1809 2069 1840 Prin-

1182 1860 1278 1895 cipum
1298 1853 1476 1897 infringeret
1494 1862 1600 1895 pacem
1618 1878 1629 1894 ‚
1654 1860 1751 1896 capite
1767 1855 1946 1895 plecteretur
1968 1883 1975 1889 .
2003 1857 2066 1891 Le-
2093 1885 2103 1891 ,

1184 1915 1258 1947 gem
1272 1903 1353 1936 adeo
1376 1904 1564 1937 constanter
1585 1915 1738 1938 executus
1759 1904 1804 1939 est
1819 1929 1828 1943 ‚
1856 1906 1970 1949 utejus
1991 1918 2066 1950 prae-

1186 1954 1343 1986 varicator
1365 1953 1534 1996 Lupoldus
1547 1953 1669 1987 Comes
1691 1955 1786 1989 fuerit
1807 1957 1940 1989 coaetus
1952 1958 2066 2003 sugere

1186 2005 1216 2035 in
1240 2003 1475 2036 solitudinem.
1505 2003 1608 2037 Addit
1627 2004 1668 2038 ad
1692 2004 1859 2038 undecimi
1883 2006 1987 2040 saeculi
2010 2019 2066 2041 an-

1186 2064 1263 2085 num
1276 2052 1553 2097 quadragesimum
1567 2054 1707 2096 primum
1720 2053 1842 2088 Glabcr
1857 2055 2062 2100 Rudolphus:

1184 2102 1264 2135 Obiit
1278 2103 1451 2135 Com-ardus
1463 2108 1645 2145 Imperator.
1672 2107 1728 2136 Cui
1734 2103 1859 2147 succeffit
1881 2112 1915 2138 in
1928 2109 2067 2149 Regnum

1183 2155 1323 2185 Henricus
1345 2158 1450 2186 tertius
1463 2155 1563 2185 Filius
1588 2152 1675 2194 ipsius
1686 2178 1697 2193 ‚
1715 2156 1788 2194 jam
1800 2154 1838 2186 ab
1862 2156 1959 2188 eodem
1971 2159 2064 2190 Patre

1183 2201 1349 2242 constitutus
1367 2206 1451 2234 Rex.
1480 2207 1611 2244 Contigit
1635 2201 1779 2246 veroipfia
1801 2209 1993 2247 intempore,
2018 2213 2065 2242 in-

1178 2250 1314 2295 spirante
1326 2255 1449 2285 Divina
1460 2258 1564 2295 gratia
1576 2277 1586 2291 ,
1609 2259 1752 2294 primitus
1775 2256 1958 2298 inpartibus
1972 2261 2066 2300 Aqui-

1183 2306 1292 2335 tunicis
1306 2325 1317 2341 ,
1344 2303 1450 2335 deinde
1469 2303 1618 2343 paulatim
1635 2311 1690 2343 per
1700 2303 1872 2346 universum
1893 2307 2063 2341 Galliarum

1183 2356 1366 2384 territorIum
1386 2376 1397 2392 ‚
1429 2351 1549 2393 firmari
1564 2353 1688 2393 pac‘lum
1709 2362 1831 2395 propter
1853 2362 1986 2389 timorem
2007 2359 2064 2390 Det

1179 2408 1295 2444 pariter
1314 2403 1348 2436 o·
1359 2413 1486 2435 amorem
1499 2427 1505 2433 .
1533 2403 1644 2435 Taliter
1655 2413 1688 2436 ut
1701 2415 1783 2436 nemo
1803 2408 1970 2439 mortalium
1983 2409 2003 2439 ἃ
2010 2407 2062 2448 fe·

1180 2457 1235 2485 riae
1260 2460 1379 2494 quartae
1400 2451 1521 2495 vespere
1539 2451 1628 2495 usque
1648 2453 1978 2496 adsi-cundamferiam
1990 2463 2063 2492 inci·

1176 2507 1275 2544 piente
1295 2503 1355 2535 luce
1377 2526 1388 2542 ,
1414 2501 1487 2545 ausu
1509 2508 1662 2535 temerario
1678 2503 1875 2546 praesumeret
1905 2512 2060 2548 quippiam

1179 2553 1266 2584 alicui
1276 2551 1423 2585 bominum
1433 2560 1490 2594 per
1503 2560 1569 2584 vim
1582 2552 1699 2594 auferre
1712 2578 1722 2593 ‚
1749 2566 1841 2596 neque
1863 2555 1980 2589 ultionis
1992 2563 2061 2590 vin-

1179 2602 1292 2634 die‘lam
1309 2604 1330 2634 ἃ
1354 2613 1531 2644 quocumque
1554 2608 1671 2635 inimico.
1692 2609 1808 2648 exigere
1820 2630 1829 2644 ‚
1857 2618 1907 2639 nec
1925 2613 2015 2640 etiam
2036 2610 2057 2639 ἁ

1175 2651 1340 2695 fideiuffbre
1362 2653 1569 2687 vadimonium
1585 2651 1707 2696 sumere.
1736 2657 1830 2698 ,Quod
1840 2654 1870 2695 fi
1901 2657 1940 2689 ab
1959 2659 2056 2698 aliquo

1176 2702 1245 2744 fier}
1257 2702 1414 2744 contigisset
1421 2712 1524 2735 contra
1546 2702 1596 2735 boc
1607 2705 1753 2737 decretum
1762 2706 1912 2746 publicum
1923 2729 1932 2744 ‚
1957 2716 2007 2738 aut
2019 2707 2056 2738 de

1182 2757 1250 2784 vita
1262 2759 1452 2792 componeret,
1467 2760 1519 2784 aut
1535 2753 1555 2783 ἁ
1567 2752 1797 2793 Christianorum
1809 2754 1945 2797 confhrtio
1955 2757 2059 2797 expul-

1179 2799 1232 2843 sus
1259 2803 1368 2833 Patria
1383 2803 1560 2842 pelleretur.
1591 2802 1756 2846 Hoctnsper
1763 2806 1876 2846 placuit
1889 2804 2055 2847 universis,

1164 2852 1166 2874 ⁴
1183 2852 1278 2884 veluti
1299 2852 1388 2894 vulgo
1413 2852 1539 2892 dicitur,
1564 2862 1598 2885 ut
1617 2862 1721 2897 tregua
1749 2858 1869 2887 Domini
1882 2865 2034 2888 vocaretur
2046 2880 2054 2887 .

1182 2903 1263 2944 ,Quae
1283 2902 1418 2934 videlicet
1449 2913 1504 2934 non
1527 2902 1665 2935 humanis
1680 2903 1776 2946 solum
1793 2905 2032 2946 fultapraefidtls
2044 2930 2055 2947 ‚
2074 2913 2190 2951 5553,
2206 2928 2228 2945 ι,

1182 2952 1285 2984 verum
1300 2956 1391 2984 etlam
1401 2953 1546 2985 multoties
1561 2956 1688 2986 Divinis
1695 2952 1731 2995 fit
1755 2964 1862 2997 rogata
1875 2956 2032 2988 terroribus
2046 2982 2053 2989 .

1182 3004 1268 3032 Nam
1271 3002 1406 3043 plerique
1417 3001 1524 3044 vesani
1535 3004 1643 3035 audaci
1660 3010 1826 3036 temeritate
1843 3004 2054 3047 praescriptum

1178 3050 1300 3092 pal-'um
1311 3062 1368 3083 non
1381 3055 1504 3084 timuere
1514 3050 1684 3093 transgredi
1695 3076 1706 3091 ‚
1734 3058 1766 3084 in
1776 3053 1880 3094 quibus
1898 3065 1950 3087 aut
1962 3059 2055 3089 Divi·

1182 3111 1222 3131 na
1243 3100 1358 3131 vindex
1379 3106 1428 3131 ira
1454 3124 1464 3139 ,
1485 3099 1537 3142 seu
1558 3099 1706 3135 humanus
1725 3102 1844 3145 gladius
1864 3106 1939 3137 ultor
1966 3106 2057 3146 exsti-

1183 3156 1238 3182 tit.
1267 3152 1312 3181 Et
1322 3148 1371 3180 hoc
1388 3150 1489 3189 paffim
1513 3149 1755 3192 tamfrequenter
1776 3159 1897 3197 contigit
1911 3179 1921 3194 ,
1948 3164 1979 3187 ut
1987 3165 2055 3197 prae

1179 3197 1229 3242 sus·
1239 3199 1427 3231 multitudine
1441 3197 1614 3240 singulatim
1636 3212 1694 3233 non
1702 3212 1813 3244 queant
1823 3211 1979 3238 annotari.
2009 3211 2054 3239 Et

1182 3248 1231 3281 hoc
1246 3246 1325 3291 satis
1341 3247 1437 3288 juste.
1466 3251 1552 3281 Nam
1565 3248 1639 3290 ficut
1659 3251 1724 3284 dies
1743 3255 1913 3287 Dominicus
1930 3264 2054 3298 propter

1185 3302 1367 3331 Dominicam
1387 3296 1633 3340 Refice-rechonem
1652 3302 1830 3336 venerabilis
1844 3304 1968 3338 babetur
1979 3331 1989 3345 ,
2019 3309 2053 3339 (5

1181 3349 1305 3380 oetavas
1315 3354 1552 3391 cognominatur,
1566 3355 1610 3382 ita
1619 3357 1754 3392 quintus,
1764 3352 1871 3395 sextus
1884 3379 1893 3393 ‚
1921 3357 1955 3388 ¹&
1962 3354 2054 3396 septi-

1180 3409 1243 3430 mus
1257 3396 1290 3430 ob
1305 3400 1465 3430 Dominicae
1479 3410 1567 3432 coenae
1576 3400 1610 3432 ὢ·
1620 3399 1748 3443 eiusdem
1761 3403 1902 3442 Paffionts
1914 3415 2054 3438 reveren·

1184 3453 1259 3481 tiam
1272 3446 1378 3481 debent
1387 3447 1424 3482 ab
1436 3454 1545 3491 iniquis
1559 3449 1717 3485 notionibus
1729 3452 1908 3495 effejeriati.
1922 3456 2056 3498 Contigit

1906 3512 1984 3535 emm
1994 3530 2006 3547 ‚

2084 1886 2112 1914 1⁴.
2138 1893 2201 1918 τοι..
