2352 3736
399 131 501 183 406

329 203 509 247 quandoin
522 192 743 234 patriarcham
764 196 992 239 promoverint
1013 218 1026 235 ,
1051 196 1146 232 nullo
1170 197 1218 231 ni-

330 255 411 288 titur
434 249 648 286 fundamento
663 255 720 279 aut
733 245 927 280 testimonio
940 269 951 286 ,
978 244 1120 291 ideoque
1139 248 1214 283 San·

328 305 397 338 &us
408 296 563 335 Pontifex
586 293 704 333 merito
718 306 786 330 non
799 293 938 329 credidit
949 320 957 328 .
987 295 1065 330 Erat
1084 298 1215 342 popula.—

329 354 371 386 ris
384 352 416 383 in
442 357 565 381 novum
578 355 659 386 tunc
675 346 870 380 Graecorum·
881 344 1019 381 schisma
1030 346 1212 384 sarcasmus.

328 400 422 434 Hinc
434 396 566 435 interim
582 396 669 432 lucet
691 394 790 428 etiam
805 394 965 439 Papiriam
979 397 1140 440 Joannam
1151 399 1214 433 effe

327 447 532 487 manifestam
557 445 718 482 fabulam.
748 445 839 487 Nam
863 446 885 480 si
908 447 988 491 quid
1016 447 1086 482 veri
1110 448 1215 484 subes-

326 500 373 535 set
385 522 398 539 ,
423 496 595 542 quomodo
606 494 765 530 Pontifex
778 507 847 531 non
861 496 1015 531 timuisset
1027 498 1185 534 talionem
1195 501 1212 532 ,ἒ

255 583 258 585 Α
325 547 512 596 Qomodo
534 544 684 581 Michael
706 544 914 588 Patriarcha,
941 547 1077 589 Nicetas
1097 547 1210 583 Pedio-

150 849 212 883 Lib.
221 854 246 884 6.

143 1354 201 1389 501,
213 1363 276 1388 ιη.

159 3119 244 3161 Epist.
252 3124 297 3156 87.

164 3389 224 3421 Fol.
232 3401 246 3430 3
252 3400 265 3428 3
273 3402 298 3423 ι.

324 609 413 636 ratus
425 622 436 640 ,
461 606 518 638 aut
529 595 601 640 quis
614 596 697 631 alius
710 594 840 633 Graecus
866 597 962 632 illum
978 608 1046 632 non
1059 597 1213 640 reddidis÷

324 649 396 690 set?
422 649 460 683 lu
485 647 623 682 Latinos
647 647 753 685 Graeci
774 644 954 683 horrendas
981 648 1131 683 &varias
1152 650 1212 684 fin-

323 709 442 739 xerunt
465 698 646 733 calumnias
672 710 683 733 :
709 697 810 733 Hane
843 708 885 732 ne
909 698 960 733 vel
991 699 1210 734 somniarunt.

325 747 473 789 Nullum
495 748 578 786 novi
603 746 699 790 hujus
718 746 838 783 fabulae
860 758 1111 784 memoratorem
1129 749 1210 784 Grae-

321 810 398 834 cum
424 823 437 841 ,
463 798 521 833 nisi
546 797 652 836 solum
673 797 845 835 noviorem
871 798 1063 843 scriptorem
1088 800 1211 835 Laoni-

320 860 397 888 eum
434 847 706 890 Chalcondylam
744 858 751 879 :
778 846 902 887 Constat
943 851 1095 884 mulierem
1113 860 1210 893 ‘quan-

319 901 393 934 dam
405 898 497 942 suff*
513 896 694 942 subveHam
720 901 753 928 in
766 897 998 941 Pontificatum,
1022 908 1096 943 quia
1115 899 1208 945 ftxus

321 948 518 994 ignorabatur
532 973 540 980 .
570 952 656 981 Nam
679 948 778 984 ltaliae
790 949 992 984 occidentales
1008 952 1088 992 pene
1107 963 1207 986 omnes

322 999 436 1033 barbas
461 999 596 1033 radunt.
623 996 765 1033 Videtur
789 997 934 1034 fabulam
955 999 1146 1043 admittere,
1172 1012 1208 1036 ut

322 1050 479 1085 Latinam
495 1047 711 1086 Sacerdotalis
724 1046 828 1083 barba:
842 1050 982 1085 rasuram
995 1049 1107 1086 reddat
1116 1050 1208 1086 odio-

321 1100 436 1142 fiorem
451 1125 458 1132 .
486 1099 570 1137 Eam
583 1097 666 1139 adeo
675 1098 818 1134 oderunt
831 1100 935 1135 Graeci
947 1123 956 1139 ,
969 1110 1006 1135 ut
1017 1101 1058 1139 de
1071 1101 1207 1136 patriar-

322 1149 385 1185 cha
413 1148 556 1194 Josepho
581 1150 682 1185 tertio
701 1174 711 1189 ,
738 1149 795 1194 qui
818 1150 860 1185 ad
882 1148 1088 1187 Mahometis
1109 1152 1207 1187 Baflae

321 1211 431 1244 preces
454 1200 628 1238 admittere
649 1201 799 1237 noluerat
824 1200 991 1244 cujusdam
1027 1202 1204 1241 Christiani

322 1251 430 1290 Ducis
441 1250 655 1296 illegitimum
667 1250 917 1286 matrimonium
933 1277 944 1292 ‚
964 1252 1081 1288 scribat
1094 1253 1207 1288 deseri-

321 1309 375 1344 pta
387 1312 442 1345 per
455 1301 705 1338 Emmanuelem
715 1301 891 1338 Malaxum
906 1302 1136 1340 patriarchalis
1145 1304 1207 1341 Hi·

321 1352 422 1386 storia
443 1363 451 1383 ε
478 1351 572 1396 Baffa
591 1353 676 1397 apud
697 1353 854 1386 sultanum
873 1377 885 1394 ,
911 1351 1141 1389 Mahometem
1165 1355 1208 1388 se·

325 1400 471 1438 cundum
483 1425 494 1442 ,
518 1402 645 1436 obtinuit
665 1411 700 1435 ut
724 1401 911 1437 Patriarcbae
921 1403 1017 1437 barba
1031 1405 1208 1448 precidere-

322 1461 392 1486 tur.
421 1452 495 1488 Nec
506 1452 595 1487 enim
619 1452 724 1496 major
745 1453 794 1490 illi
806 1462 935 1498 poterat
957 1455 1071 1490 inferri
1093 1466 1208 1490 contu-

322 1503 438 1542 melia.
466 1502 510 1538 Et
523 1502 603 1541 hinc
615 1504 649 1540 in
662 1503 756 1546 ipsius
770 1503 899 1538 laudem
910 1505 1081 1540 concludit
1091 1505 1206 1540 eadem

322 1551 481 1591 historia:
503 1557 534 1599 J
539 1552 660 1597 osephus
675 1576 687 1593 ,
712 1559 759 1588 cul
783 1553 912 1587 barbam
925 1557 1054 1595 praecidt
1065 1557 1207 1588 Saltanus

318 1603 418 1644 juffit.
447 1603 526 1638 Sine
552 1601 769 1640 fundamento
792 1602 885 1636 addit
906 1602 1075 1638 Laonicus
1094 1629 1105 1645 ‚
1133 1610 1209 1639 con-

314 1651 377 1693 stat
391 1677 398 1689 ,
424 1652 586 1692 Fabulam
607 1652 697 1685 enim
718 1650 850 1684 abunde
866 1652 1006 1686 revincit
1030 1663 1073 1684 ex
1084 1652 1209 1684 Graecis

323 1700 531 1745 scriptoribus
554 1701 625 1738 Leo
646 1699 809 1733 Allat‘ius.
838 1698 943 1744 Qod
964 1698 1069 1742 ipsum
1080 1699 1159 1734 fecit
1169 1710 1210 1734 ex

323 1751 398 1786 aliis
418 1748 643 1788 fundamentis
676 1746 828 1794 Jossnnes'
853 1746 1019 1784 Gerardus
1052 1748 1181 1785 voffius
1199 1775 1210 1791 ‚

324 1800 430 1837 homo
452 1800 639 1837 Calvinista
660 1824 667 1831 .
696 1797 884 1834 Cardinalis
909 1798 1120 1834 Humbertus
1142 1799 1210 1834 duo

322 1850 494 1887 damnavit
519 1851 553 1885 in
580 1848 702 1883 Graecis
719 1874 726 1884 ,
754 1846 892 1889 Primo,
920 1848 1011 1892 quod
1034 1849 1211 1887 Valefiano

324 1913 418 1940 more
438 1910 507 1934 non
521 1900 595 1935 ssios
619 1899 786 1941 hospites,
814 1898 868 1933 sed
893 1897 969 1934 suos
991 1901 1154 1935 Innoxios
1176 1901 1211 1935 &

323 1950 493 1996 Augustos
504 1960 581 1987 cum
593 1948 686 1985 omni
698 1948 841 1992 ipsorum
853 1948 994 1984 mascula
1005 1951 1097 1993 prole
1119 1949 1211 1986 Prin·

323 2003 412 2045 cipes
423 1996 595 2044 tyrannice
615 1998 862 2039 exscinderent,
888 1997 1080 2043 &ipsorum
1100 2001 1212 2036 exscis-

324 2053 412 2093 sores
433 2061 593 2094 tyrannos
610 2048 824 2086 admitterent
847 2072 858 2088 ,
887 2048 1059 2085 adorarent
1082 2077 1093 2093 ,
1119 2063 1213 2087 coro-

326 2112 442 2140 narent
463 2099 655 2139 solemniter
675 2123 686 2142 ‚
712 2097 894 2142 &mystice
917 2110 1078 2147 ungerent
1102 2102 1137 2136 in
1151 2102 1215 2137 lm-

327 2163 489 2200 peratores
510 2179 517 2187 .
547 2151 605 2187 Est
627 2151 717 2187 enim
730 2176 742 2194 ,
769 2150 846 2188 licet
871 2149 906 2186 in
931 2152 1093 2196 privatum
1113 2162 1214 2197 patre·

326 2216 398 2248 tur,
429 2204 567 2249 capitale
581 2204 703 2241 crimen
718 2228 729 2244 ,
755 2215 825 2239 non
840 2202 971 2238 tantum
992 2215 1048 2248 per
1059 2201 1214 2239 Christia-

326 2267 411 2297 nos,
438 2256 600 2294 sedetiam
620 2267 676 2301 per
698 2253 850 2289 Gentiles
874 2253 1109 2290 Romanorum
1122 2253 1214 2288 Prin-

326 2307 415 2352 cipes
436 2305 628 2343 severiffime
648 2306 862 2341 damnatum,
884 2303 930 2339 Et
951 2304 1136 2351 gravislime
1156 2304 1213 2341 fibi

327 2357 497 2402 displicere
507 2357 636 2392 Divina
658 2356 788 2392 bonitas
809 2353 1046 2392 demonstravit
1061 2356 1096 2391 in
1120 2356 1210 2391 Con·

327 2408 475 2444 ssantino
487 2433 498 2450 ,
518 2407 725 2451 Imperatoris
737 2406 862 2441 Leonis
881 2405 1054 2449 Armenii,
1081 2417 1139 2452 per
1148 2406 1214 2442 Mi·

328 2457 474 2495 chaelem
488 2458 719 2493 Amoriensem
739 2456 832 2501 ejecti
851 2455 1048 2493 &trucidati
1063 2482 1075 2499 ,
1101 2456 1216 2492 castra·

329 2518 366 2544 to
378 2509 469 2545 filio:
495 2508 601 2556 Qod
616 2507 764 2544 violenta
777 2507 916 2542 exseffio
930 2506 1026 2544 illum
1046 2507 1149 2542 etiam
1159 2518 1214 2541 vo-

327 2569 368 2593 ce
390 2560 565 2602 privaverit
587 2583 598 2599 ,
624 2557 711 2592 hanc
733 2556 908 2592 reddiderit
929 2558 1036 2593 Sancti
1059 2557 1213 2602 Gregorii

329 2607 537 2648 Nazianzeni
560 2607 695 2642 salutata
715 2606 828 2650 imago
842 2630 853 2645 ,
879 2614 978 2651 atque
994 2608 1040 2642 ita
1062 2606 1214 2650 juvenem

329 2656 372 2693 ab
388 2656 624 2693 lcouoclastica
639 2656 780 2702 parentis
789 2655 893 2691 haerefi
904 2656 945 2691 ad
959 2658 1080 2692 redium
1091 2657 1215 2703 dogma

331 2708 485 2748 duxerit,
511 2706 657 2751 pluribus
678 2707 775 2741 refert
786 2705 953 2751 Georgius
963 2706 1133 2742 Cedrenus
1146 2732 1154 2740 .

381 2757 570 2795 secundum
581 2756 624 2792 ab
633 2755 822 2792 Humberto
841 2755 874 2790 in
889 2755 1010 2791 Graecis
1019 2756 1213 2792 damnatum

330 2811 455 2846 crimen
466 2808 511 2844 est
525 2807 627 2842 nimia
640 2807 673 2840 in
685 2804 863 2842 evehendis
876 2806 1048 2842 Eunuchis
1059 2807 1216 2848 facilitas,

331 2858 604 2906 &praevaricatio
628 2857 759 2894 Nicaeni
774 2856 940 2891 Canonis.
967 2857 1038 2892 Hic
1059 2859 1151 2893 enim
1174 2857 1217 2892 fa·

333 2913 402 2947 stos
432 2911 453 2946 ὲ
467 2907 616 2944 Barbaris
638 2917 694 2942 aut
715 2906 861 2942 Medicis
881 2906 1064 2943 Eunuchos
1085 2907 1219 2952 quidem

333 2962 494 3006 permittit
511 2968 643 2997 manere
669 2959 702 2992 in
716 2958 837 2998 Clero,
859 2966 892 2991 at
905 2956 940 2991 in
963 2957 1068 3003 ipsum
1090 2969 1219 3002 promo-

336 3014 401 3047 veri
414 3022 526 3056 vetat,
553 3009 613 3045 nisi
633 3008 694 3043 sint
705 3007 783 3042 clari
797 3007 992 3048 virtutibus,
1015 3008 1133 3053 quibus
1142 3020 1220 3043 con-

338 3061 425 3098 sueta
457 3061 656 3100 Excisorum
688 3058 767 3094 vitia
789 3068 982 3103 expungant
1008 3059 1042 3094 &
1065 3070 1220 3103 compen-

339 3110 424 3145 sent.
453 3112 576 3156 Etjure
599 3110 737 3148 merito.
766 3107 858 3143 Nam
875 3109 971 3153 quale
991 3110 1027 3144 sit
1049 3109 1219 3154 peffimum

340 3158 426 3194 istud
436 3159 612 3199 hominum
622 3172 728 3208 genus
739 3184 750 3201 ‚
775 3158 906 3195 abunde
916 3170 977 3193 nos
988 3158 1105 3194 docere
1125 3158 1219 3204 poffit

340 3208 460 3246 unicus
482 3212 518 3248 in
539 3213 635 3246 variis
657 3211 739 3249 locis
761 3208 908 3255 Magnus
938 3209 1070 3244 Basilius
1095 3234 1103 3243 .
1132 3207 1220 3245 Vide

341 3257 511 3302 epistolam
522 3260 562 3295 ad
573 3262 778 3305 simpliciam
790 3259 993 3298 haereticam.
1021 3258 1070 3295 At
1092 3257 1170 3295 vero
1180 3258 1221 3294 de

343 3307 717 3349 Constantinopolitano
731 3309 916 3348 Patriarcha
940 3310 1108 3346 Eussratio
1129 3308 1221 3344 Gari·

342 3358 387 3393 da
405 3356 514 3392 scribit
525 3356 674 3394 Michael
689 3361 829 3401 Glycas:
856 3366 893 3398 In
903 3359 1019 3405 Cosmae
1031 3358 1223 3395 Patriarchae

344 3410 436 3449 locum
449 3405 590 3458 summas
611 3405 648 3448 est
662 3407 860 3454 διῴκηκε,
886 3412 986 3459 spado
998 3435 1010 3456 ,
1028 3409 1155 3460 fimplict
1171 3415 1224 3446 vir

918 114 1577 164 Dlssexrarlo

1277 202 1392 242 ingenio
1404 221 1415 237 ‚
1441 198 1477 231 θ
1489 197 1602 240 dignus
1624 200 1676 240 qui
1687 201 1728 239 fin
1749 201 1854 242 angulo
1880 202 2015 247 degeret.
2041 207 2153 242 Veram

1276 249 1311 282 <st
1323 249 1372 282 ille
1378 244 1442 289 post
1450 251 1614 280 triennium
1634 241 1837 287 administrate
1846 250 2038 292 Pomtfieams
2049 280 2061 297 ,
2086 269 2152 292 con-

1275 308 1327 332 tra
1346 299 1532 331 voluntatem
1548 295 1639 341 suam
1658 320 1681 336 ,r
1695 304 1820 340 propter
1841 302 1970 341 ignum
1996 308 2151 345 quandam

1274 346 1392 392 causam
1410 347 1607 381 deturbatur.
1633 347 1811 382 occultam
1820 349 1948 383 causam
1962 352 2072 393 prodit
2082 355 2153 392 An.

1276 409 1318 433 na
1341 397 1539 438 Comnena,
1564 398 1731 433 affirmans
1751 398 1874 435 Italum
1884 397 2151 448 Philosophum,

1275 459 1374 492 quem
1396 446 1437 483 dc
1459 446 1615 483 undecim
1636 449 1766 483 accusat
1790 446 1980 492 haerefibus,
2005 451 2156 489 crudien-

1274 499 1354 539 dum
1375 499 1470 533 fuisse
1479 498 1636 534 traditum
1653 498 1839 540 Eustratio,
1866 500 1981 534 &non
2007 501 2102 537 illum
2112 503 2157 539 ab

1274 548 1337 584 hoc
1356 551 1536 584 corrcstum
1559 573 1571 590 ,
1597 549 1652 584 sed
1676 548 1765 583 hunc
1786 548 1830 584 ab
1848 549 1911 584 illo
1930 550 2025 586 fuisse
2047 563 2157 588 corru-

1273 611 1365 643 ptum
1394 599 1430 635 &
1453 599 1618 635 seductum
1643 625 1655 641 ‚
1683 600 1827 644 ideoque
1859 600 1895 634 δι
1916 599 2151 646 degradatum.

1272 649 1383 684 Plures
1405 650 1566 695 ejusmodi
1600 649 1780 694 Episcopos
1809 650 1916 685 Graeci
1943 650 2128 688 habuerunt
2145 678 2155 687 .

1272 699 1317 734 Et
1339 700 1382 735 ad
1408 711 1559 745 quartum
1596 698 1801 734 Trullanum
1836 700 2013 736 Canonem
2039 703 2155 739 scribit

1271 748 1474 786 Theodorus
1501 750 1695 785 Balsamon:
1724 751 1803 784 olim
1821 753 1987 785 Camarum
2005 754 2075 787 ordo
2094 764 2157 788 non

1270 811 1309 834 ex
1331 801 1491 836 Eunucbts
1506 800 1626 846 solam,
1653 809 1688 834 ut
1709 801 1748 843 fit
1769 799 1879 839 hodie,
1902 802 2152 845 constituebatur,

1265 849 1325 894 sed
1346 863 1387 886 ex
1405 857 1466 894 iis,
1492 853 1548 895 qui
1570 863 1628 884 non
1646 860 1736 885 erant
1758 849 1928 895 hujusmodi
1950 876 1957 884 .
1984 852 2156 888 Videntur

1270 901 1375 935 Graeci
1392 902 1533 945 gratiosa
1563 912 1646 935 voce
1665 900 1808 935 donatos
1831 900 2094 938 adolescentulos
2103 915 2157 939 ex-

1271 949 1414 990 scidiss'e,
1441 948 1587 984 &hosce
1607 951 1694 984 solos
1715 949 1913 993 promovisse
1936 952 1973 985 in
1996 952 2158 989 Ecclesia-

1271 1001 1367 1035 sticos
1378 999 1557 1034 Cantores.
1581 997 1625 1031 Et
1640 996 1707 1032 haec
1719 998 1834 1033 omnia
1853 1000 1972 1038 merito
1984 1001 2167 1041 damnavit

1271 1050 1459 1091 Cardinalis
1483 1047 1690 1084 Humbertus
1703 1072 1711 1084 2

1496 1165 1513 1177 O*

1409 1220 1835 1273 CRIMEN
1906 1223 2017 1269 111.

1270 1341 1396 1389 Graecl
1406 1377 1420 1401 ‚
1456 1356 1499 1388 ut
1512 1341 1650 1388 Ariani
1666 1375 1681 1400 ‚
1714 1339 1956 1408 rebaptizant
1969 1343 2007 1388 in
2018 1345 2159 1391 nomina

1350 1408 1500 1481 sanflae
1512 1413 1724 1459 Trinitatis
1736 1411 1955 1479 baptizatos
1965 1445 1980 1474 ‚
2002 1415 2063 1458 <9⁴

1531 1478 1702 1532 'maximi’
1715 1483 1877 1532 Latinos
1890 1518 1905 1530 .

1343 1599 1460 1642 Rimi,
1485 1601 1543 1645 qui
1568 1603 1603 1635 in
1617 1601 1794 1636 Catholica
1819 1603 1965 1639 Ecclcfia
1976 1602 2159 1648 baptizato!

1368 1652 1635 1693 presumpserunt
1644 1651 1864 1695 rebaptizare,
1890 1653 2041 1687 videntur
2063 1653 2159 1688 fuisse

1273 1696 1539 1732 Novatianenses
1560 1723 1568 1730 .
1596 1698 1790 1734 Anteriores
1815 1701 1906 1736 istius
1931 1701 2085 1737 facinoris
2111 1711 2159 1737 at-

1273 1745 1452 1782 tentatores
1463 1747 1601 1793 ignoro.
1627 1748 1718 1791 Ipsos
1737 1747 1946 1793 rebaptizasse
1966 1750 2102 1785 testatur
2121 1749 2159 1784 in

1275 1797 1389 1832 litteris
1400 1797 1441 1832 ad
1456 1796 1652 1843 Jubajanum
1663 1798 1862 1843 Episcopum
1877 1800 2011 1834 Sandius
2021 1799 2160 1844 Cypria-

1275 1858 1336 1882 nus
1358 1860 1366 1880 ε
1402 1852 1469 1881 Nec
1491 1859 1544 1881 nar
1569 1857 1670 1883 movet
1695 1848 1941 1894 Novatiaenenses
1967 1849 2159 1893 rebaptizare
2176 1840 2316 1882 Epist-73·

1272 1908 1317 1931 eos
1330 1921 1341 1939 ‚
1371 1908 1444 1940 quos
1465 1897 1580 1932 anobis
1599 1896 1769 1946 solicitant,
1795 1901 1915 1943 quando
1938 1900 1983 1933 ad
1990 1911 2045 1934 nos
2067 1903 2159 1934 omni·

1274 1950 1311 1982 nc)
1340 1957 1399 1981 nan
1417 1952 1572 1991 pertineat
1597 1971 1610 1989 ,
1636 1950 1716 1992 quod
1743 1948 1834 1989 hostes
1855 1947 1988 1991 Ecclefiae
2011 1949 2158 1993 faciunt,

1274 1998 1438 2034 dummodo
1449 2007 1602 2032 teneamus
1626 1996 1683 2042 ipfi
1699 1997 1853 2040 potestatis
1877 1999 1980 2039 nasim
1999 1998 2158 2041 honorem,

1275 2050 1445 2084 &rationis
1468 2059 1505 2082 ac
1527 2052 1656 2083 unitatis
1675 2047 1856 2092 firmitatem
1872 2070 1881 2081 .
1910 2048 2065 2084 Affirmat
2086 2059 2159 2085 non

1276 2098 1362 2134 solos
1377 2099 1644 2133 Novatianenses
1655 2122 1666 2139 ,
1693 2099 1747 2134 sed
1759 2099 1867 2143 ipsum
1883 2099 1986 2134 etiam
1998 2097 2161 2133 Novatia·

1276 2160 1356 2184 num
1368 2148 1567 2193 rebaptizare
1580 2173 1590 2190 ,
1601 2160 1639 2184 ac
1650 2148 1750 2183 edicit
1759 2150 1890 2184 causam
1902 2162 1910 2182 :
1937 2153 2134 2184 novatianus
2145 2174 2160 2191 ‚

1274 2201 1433 2233 simiarum
1443 2210 1522 2234 more
1535 2223 1547 2240 ,
1572 2210 1640 2241 quae
1651 2210 1717 2233 cum
1737 2199 1867 2232 homines
1887 2209 1947 2233 non
1961 2198 2043 2241 fint,
2069 2198 2162 2232 bom!-

1275 2262 1327 2284 nes
1346 2259 1448 2284 tamen
1467 2254 1625 2283 imitantur
1646 2274 1658 2290 ,
1678 2252 1746 2283 vult
1765 2247 1900 2291 Ecclefiae
1922 2248 2085 2283 catholicae
2106 2261 2162 2283 au-

1276 2300 1449 2336 thoritatem
1462 2299 1520 2344 fibi
1543 2302 1579 2335 Θ
1601 2306 1747 2333 unitatem
1771 2301 1930 2342 vendicare
1949 2323 1961 2340 ,
1987 2300 2106 2343 quando
2126 2305 2161 2333 in

1276 2350 1403 2393 Ecclesia
1425 2363 1482 2385 non
1486 2349 1544 2393 fit,
1572 2356 1662 2384 immo
1679 2350 1776 2384 adhuc
1795 2350 1917 2396 infiiper
1939 2357 2044 2385 contra
2061 2350 2162 2384 Exse-

1270 2402 1344 2446 fiam
1355 2401 1472 2437 rebellas
1495 2403 1530 2436 ό·
1541 2400 1629 2442 bostis
1639 2399 1784 2441 exstiterit
1795 2426 1803 2433 .
1828 2403 1929 2435 Sciens
1947 2405 2056 2435 etenim
2069 2410 2162 2434 unum

1275 2454 1325 2497 ff·
1336 2451 1487 2496 baptisma
1499 2476 1509 2493 ,
1535 2451 1587 2487 boc
1606 2463 1700 2486 unum
1712 2451 1768 2494 sibi
1792 2452 1930 2486 vindicat
1942 2476 1953 2492 ,
1978 2460 2013 2485 ut
2034 2451 2121 2494 apud
2124 2447 2160 2493 se

1275 2503 1325 2547 effe
1334 2502 1492 2546 Ecclefiam
1504 2503 1587 2537 dicat
1595 2527 1607 2544 ‚
1630 2504 1665 2537 Θ
1676 2513 1727 2535 nos
1740 2501 2006 2544 Haereticosfact'at
2019 2525 2026 2533 .
2053 2496 2160 2545 Quod

1276 2553 1417 2589 Pontica
1429 2553 1575 2588 Ecclefia
1600 2553 1715 2588 datum
1740 2552 1782 2588 ab
1794 2551 1967 2587 Haereticis
1987 2557 2044 2584 aut
2054 2545 2162 2583 schis-

1276 2605 1407 2639 maticis
1417 2602 1613 2649 baptismum
1623 2604 1746 2647 semper
1755 2613 1797 2637 ex
1808 2600 1999 2645 Apostolica
2011 2597 2161 2632 traditio-

1277 2667 1318 2689 ne
1339 2654 1559 2690 exsufflaverit
1585 2663 1683 2699 atque
1693 2653 1816 2688 iterarit
1834 2675 1846 2691 ‚
1870 2649 2059 2685 constanter
2076 2648 2161 2683 affir-

1277 2715 1344 2740 mat
1367 2706 1403 2740 in
1429 2705 1547 2741 litteris
1569 2704 1610 2738 ad
1623 2704 1776 2737 Sanstum
1797 2697 2009 2743 Cyprianum'
2023 2697 2162 2733 Sanetus

1276 2755 1486 2790 Firmilianus
1514 2751 1722 2788 Caesareenfis
1756 2749 2035 2793 Archiepiscopus
2057 2772 2067 2781 .
2092 2747 2161 2783 Ve-

1276 2805 1349 2840 rum
1367 2816 1409 2838 ex
1420 2804 1544 2847 impetu
1568 2803 1602 2836 in
1626 2803 1779 2836 Sanstum
1804 2796 2007 2843 Stephanum
2019 2796 2163 2841 Pontifi->

1277 2865 1348 2890 cem
1365 2853 1487 2897 scripsit
1498 2877 1508 2893 ,
1535 2851 1676 2895 ideoque
1695 2851 1742 2885 ira
1754 2849 1815 2885 viri
1827 2849 1984 2894 justitiam
2000 2846 2036 2882 δε
2048 2849 2163 2883 verita·

1277 2913 1342 2939 tem
1369 2903 1435 2937 Dei
1449 2901 1575 2937 videtur
1601 2913 1670 2936 non
1692 2901 1786 2936 fuisse
1807 2909 1956 2944 operata.
1983 2896 2160 2945 Quidquid

1276 2955 1338 2994 fit,
1363 2951 1594 2997 Apostolicam
1608 2952 1643 2987 in
1667 2949 1782 2987 Africa
1803 2949 1970 2984 adversam
1989 2948 2162 2994 consuetu·¹

1279 3005 1390 3039 dinem
1416 3003 1591 3038 immutare
1609 3026 1621 3043 ,
1658 3002 1693 3036 δι
1715 3001 1757 3036 ab
1777 2999 1947 3035 Haereticis
1978 2997 2162 3041 baptizatos

1279 3053 1478 3098 rebaptizare
1499 3053 1601 3097 coepit
1611 3050 1918 3097 Carthaginensium
1931 3046 2164 3092 Archiepiseo·

1280 3116 1338 3148 pus
1349 3115 1426 3139 cum
1437 3105 1497 3138 suo
1511 3102 1707 3146 Presbytero
1716 3100 1930 3136 Tertulliano
1940 3096 2164 3143 Agrippinas,

1280 3155 1440 3199 istamque
1463 3152 1737 3190 consuetudinem
1758 3149 1932 3185 innovavit
1951 3159 1989 3182 ac
2002 3146 2163 3191 stabilivit

1281 3207 1416 3241 Sanetus
1436 3204 1649 3249 Cyprianus,
1675 3214 1715 3237 ac
1735 3198 1869 3246 pacifice
1892 3196 2038 3233 traduxit
2060 3197 2161 3239 usque

1281 3255 1322 3291 ad
1342 3254 1584 3290 Pontificatum
1609 3254 1644 3289 &
1669 3257 1839 3296 potentem
1863 3247 2160 3285 contradictionem

1283 3304 1404 3341 laudati
1427 3302 1608 3350 Stephani.
1635 3300 1961 3345 Pseudo-Papatum,
1985 3308 2082 3342 quem
2104 3293 2162 3328 ad-

1283 3357 1391 3392 versus
1403 3356 1557 3390 Sanstum
1569 3351 1765 3389 Cornelium
1776 3359 1916 3395 coeperat
1925 3374 1938 3391 ,
1962 3347 2026 3383 isto
2049 3343 2160 3401 adhuc

1283 3416 1430 3453 tempore
1441 3405 1558 3452 agebat
1569 3402 1803 3443 Novatianus,
1826 3402 1860 3436 ἀ
1876 3399 2038 3436 aNovato
2048 3395 2164 3451 nescio

2022 3454 2113 3492 cuius
