2352 3736
540 126 597 168 *De
631 112 829 156 Rama
864 112 1236 158 ΑΝτΙςτΊτυΜ
1270 118 1723 153 ΝοΜῙΝΑτΙοΝε.

234 198 291 244 pio
311 196 408 232 etiam
419 193 571 229 odoacer
588 193 664 227 Rex
683 192 725 227 de
747 193 846 227 solius
859 192 1006 228 Romani
1025 190 1104 234 Epi-

234 245 324 290 scopi
341 245 476 289 persona
496 243 602 278 voluit
627 244 712 278 intra
724 243 853 277 Italiam
874 245 937 277 effe
955 244 1103 279 securus,

234 295 373 338 ideoque
394 294 490 329 illum
513 293 619 329 solum
629 293 694 327 fine
714 294 773 327 suo
784 293 905 327 assensu
924 289 1103 332 &justione

231 356 303 381 non
315 344 493 380 consecrari
503 357 514 378 .·
535 343 622 389 quod
633 342 702 385 ejus
713 344 746 376 in
759 342 915 386 potestate
926 341 1024 375 essent
1034 350 1103 373 om-

233 406 294 430 nes
305 395 456 438 Episcopi
465 395 519 428 alii
529 419 540 434 ,
566 403 662 437 atque
672 391 738 434 ejus
760 391 892 425 arbitrio
903 389 938 424 in
949 388 1103 423 omnibus

232 455 427 490 agerentur.
449 445 560 492 Qam
581 442 771 478 violentiam
792 440 979 484 prosecutus
1001 439 1046 473 est
1060 449 1105 473 et-

232 496 301 530 iam
310 494 455 529 Odoacri
468 495 502 528 &
509 492 708 528 Herulorum
717 488 863 523 devistor
874 499 972 534 atque
983 490 1105 533 ejector

234 543 465 579 Theodericus
487 542 673 578 Gothorum
696 540 730 573 in
742 538 836 574 Italia
857 540 955 580 Rex,
982 538 1052 574 ime>
1070 539 1104 573 &

232 592 425 629 Gothorum
448 589 683 634 Triumphator
700 588 870 634 Augustus
882 589 1081 634 Justinianus
1096 612 1103 620 .

233 643 303 678 Hic
311 645 420 682 enim,
443 639 599 675 habendae
609 639 646 673 in
659 639 836 674 Ecclesiam
854 639 1022 684 potestatis
1040 638 1107 673 avi·

230 694 396 731 diffimus,
421 690 507 725 dixit
519 688 795 724 nihilaseinduci
826 701 977 730 novum,
1002 688 1104 723 sedin

231 742 422 778 Gothorum
444 739 512 783 jura
522 739 693 774 dumtaxat
705 740 849 774 succedi.
877 740 960 783 Jusa
981 738 1106 773 violen-

230 793 277 828 tia
289 802 355 826 non
365 788 514 824 distinxit
526 813 533 821 .
560 789 702 824 Duravit
714 789 841 824 miseria
852 791 953 833 usque
964 787 1005 823 ad
1015 789 1105 823 Con-

231 841 410 876 stantinum
422 849 573 885 quartum
584 839 816 883 Imperatorem
825 864 837 881 ,
864 839 905 873 de
915 850 982 883 quo
996 839 1031 872 in
1046 837 1108 872 Be-

230 889 348 926 nediffl
367 889 499 925 secundi
521 888 694 924 Pontificis
707 890 775 924 vita
788 888 975 924 Anastafius
983 887 1107 922 Biblio-

224 939 390 975 thecarius
412 954 423 973 .·
459 939 641 974 Benedillus
661 938 787 982 suscepit
822 940 944 974 divales
971 940 1106 981 Jufflones

222 990 432 1030 clementiffimi
467 988 653 1030 Constantini
677 1013 689 1029 ,
726 995 827 1034 magni
855 992 1006 1031 Principis
1030 1013 1042 1029 ‚
1066 989 1110 1021 ad

227 1039 430 1075 venerabilem
444 1041 563 1074 elerum
583 1041 617 1074 ὀ*
626 1040 784 1082 populum,
812 1049 901 1083 atque
917 1039 1108 1081 felictffimum

228 1096 393 1125 exercitum
403 1093 547 1124 Romana·
568 1094 723 1129 civItatis,
750 1099 807 1131 per
828 1101 904 1132 quas
927 1090 1051 1129 conceffit
1075 1097 1107 1121 ut

225 1138 357 1183 persona
368 1165 379 1180 ,
397 1146 449 1183 qui
459 1138 668 1180 eleausfuerit
678 1140 722 1172 ad
740 1140 842 1173 Sedem
854 1139 1042 1182 Apostolicam
1053 1164 1064 1180 ,
1091 1139 1108 1173 ἒ

229 1190 349 1234 vestigio
368 1188 480 1233 absque
500 1191 646 1223 tarditate
676 1189 821 1230 Pontifirx
858 1191 1011 1223 ordinetur
1030 1212 1037 1220 .
1064 1188 1108 1223 Et

229 1238 313 1274 hinc
342 1239 493 1284 intellige
511 1239 653 1274 eundem
682 1237 888 1273 Anastafium
914 1238 1107 1273 scribentem

228 1290 272 1324 de
283 1288 420 1334 Pelagio
430 1289 574 1323 secundo
589 1302 600 1322 .·
628 1294 685 1324 Hic
698 1290 855 1322 ordinatur
866 1288 975 1332 absque
984 1289 1105 1330 juffione

229 1342 385 1380 Principis
406 1364 418 1379 ,
452 1339 532 1381 quod
551 1338 740 1382 Longobardi
765 1338 924 1381 obsiderent
941 1343 1109 1372 Romanam

51 1399 209 1439 mmup.
226 1394 384 1424 civitatem
395 1413 403 1422 .
430 1388 542 1436 Qam
553 1387 715 1430 Principis
725 1388 1000 1430 juffionemfuisse
1010 1388 1108 1422 etiam

53 1448 102 1475 ⁴0·
229 1438 428 1484 postulatam
449 1449 509 1481 pro
532 1436 697 1481 Gregorio
718 1437 870 1483 Magno,
898 1438 1066 1482 ipsumque
1075 1438 1110 1472 fi-

231 1499 276 1524 ne
300 1488 356 1522 illa
383 1486 562 1522 consecrari
588 1497 658 1520 non
687 1488 826 1529 potuisse
852 1512 864 1528 ,
891 1486 926 1522 in
953 1487 1020 1530 eius
1041 1488 1108 1523 vita

229 1538 369 1573 affirmat
387 1536 528 1580 Ioannes
547 1536 720 1571 Diaconus
738 1561 746 1569 .
783 1537 895 1582 Pergit
920 1537 1108 1571 Anastasius

227 1587 274 1623 de
286 1586 437 1631 proximo
460 1583 627 1621 Benedicti
647 1586 779 1621 secundi
790 1587 972 1621 Successore
983 1589 1108 1631 Joanne

233 1638 376 1683 quinto.-
403 1641 458 1670 Hic
472 1636 535 1678 post
545 1637 700 1670 multorum
713 1637 886 1679 Pontificum
906 1646 1037 1680 tempora
1058 1639 1112 1671 vel

233 1698 397 1728 annorum,
417 1688 514 1728 juxta
531 1685 662 1730 priscam
685 1685 921 1730 confitetudinem
941 1690 1110 1732 agenerali-

232 1746 299 1773 tate
319 1743 351 1769 in
365 1735 492 1777 Ecclesia
501 1738 669 1770 salvatoris
691 1737 794 1770 elec‘lus
804 1738 842 1778 est
857 1763 866 1778 ‚
893 1747 982 1781 atque
1000 1739 1110 1771 exinde

232 1792 268 1821 in
289 1785 467 1830 Episcopum
488 1786 690 1821 introducvus.
724 1786 855 1831 Utique
877 1788 942 1822 fine
973 1788 1110 1830 juffione

234 1836 413 1880 Principis.
443 1835 568 1870 Verum
589 1836 762 1880 Justiniani
786 1838 919 1872 secundi
934 1838 1109 1872 insolentia

234 1888 363 1928 fretus,
389 1886 423 1920 &
447 1886 650 1928 quorundam
675 1886 871 1929 populorum
893 1887 1110 1922 ambientium

234 1934 462 1979 inquietudine
484 1945 594 1970 motus
617 1936 783 1970 Ravennae
795 1936 962 1971 Exarchus
979 1961 990 1977 ,
1016 1939 1111 1972 servi-

234 1991 321 2019 tute's
344 1994 488 2028 reparare
506 1995 643 2019 conatus
662 1985 708 2019 est
729 1987 763 2018 in
776 1986 869 2029 Papae
881 1986 1029 2020 Canonis
1049 1987 1111 2021 ele-

232 2035 344 2069 {tione
356 2058 367 2074 ,
393 2034 587 2078 duravitque
601 2035 728 2069 miseria
741 2037 839 2079 usque
852 2036 893 2071 ad
913 2036 1109 2081 Gregorium

233 2084 412 2119 secundum
427 2109 439 2125 ,
463 2084 520 2128 qui
532 2085 653 2119 Leonis
665 2084 763 2122 Isauri
777 2086 944 2130 impietate
963 2086 1109 2130 compul-

233 2136 285 2167 sus
306 2159 318 2176 ,
343 2134 704 2179 constantinopolitani
724 2134 856 2179 Imperii
877 2135 992 2181 jugum
1014 2135 1110 2181 plene

233 2185 387 2218 excussit.
425 2192 427 2194 ’

231 2254 234 2257 -
284 2232 318 2267 A
332 2234 513 2277 Iustiniano
536 2235 644 2279 primo
654 2235 805 2279 expulsos
814 2235 948 2271 Gothos
966 2236 1110 2271 subsecu-

235 2283 262 2315 ti
289 2283 323 2316 in
337 2283 428 2317 Italia
451 2285 527 2318 sunt
538 2285 774 2328 Longobardi,
794 2285 835 2319 de
855 2297 995 2329 quorum
1016 2287 1109 2331 Rege

230 2329 420 2376 ·Agilulpho
442 2332 551 2366 scribit
561 2334 602 2368 ad
610 2334 867 2369 Mediolanensis
882 2348 936 2379 per
949 2335 1108 2371 Constan-

229 2382 275 2415 tii
297 2382 451 2426 Episcopi
472 2391 610 2417 mortem
634 2385 780 2419 vacantis
802 2385 949 2420 Ecclefiae
972 2385 1107 2420 Clerum

56 2455 108 2487 nb
126 2458 141 2486 3
159 2457 200 2495 Ep
227 2431 269 2465 ἀ
288 2432 446 2474 populum
473 2433 621 2477 Magnus
644 2434 822 2478 Gregorius
843 2448 850 2467 ι
880 2437 959 2469 Illud
982 2445 1083 2470 autem
1096 2460 1107 2477 ,

58 2478 117 2530 ις]
146 2477 152 2485 “
201 2478 208 2485 ”
230 2484 312 2524 quod
332 2482 418 2515 vobis
439 2479 477 2514 ab
486 2482 639 2526 aigilulpho
652 2485 802 2524 ‚iudicatis
820 2483 964 2528 scriptum
991 2511 1002 2527 ,
1028 2486 1107 2520 Dile-

234 2531 356 2564 Hionem
366 2530 494 2569 vestram
506 2543 562 2564 non
574 2543 692 2566 moveat
706 2559 712 2565 .
741 2538 828 2567 Nam
838 2546 891 2568 nos
901 2540 934 2568 in
945 2535 1089 2570 hominem
1096 2562 1107 2577 ‚

229 2586 281 2623 qui
293 2582 312 2613 ὰ
323 2593 379 2614 non
397 2581 555 2614 Catholicis
566 2607 577 2623 ,
604 2584 638 2616 (5
662 2586 794 2618 maxime*
812 2586 831 2617 ἃ
843 2586 1044 2629 Longobardis
1055 2587 1108 2619 eli-

230 2634 308 2672 gitur
319 2653 329 2668 ,
354 2632 436 2665 nulla
451 2632 623 2673 praebemus
639 2640 755 2667 ratione
778 2633 944 2678 consensum
963 2662 970 2668 .
1001 2640 1069 2670 Nec
1082 2635 1112 2678 fi

234 2677 354 2718 aliquus
362 2680 601 2724 pra-sumptionis
619 2682 917 2726 usurpatIOnefat‘lus
925 2685 1024 2727 fuerit
1037 2711 1048 2726 ,
1074 2690 1106 2718 in

233 2729 323 2759 Iocum
335 2729 384 2760 vel
389 2733 531 2765 ordinem
543 2735 562 2765 5
564 2735 708 2766 acerdotIs
722 2736 804 2767 illum
810 2733 984 2778 suscipimus
998 2759 1008 2775 ‚
1035 2742 1106 2778 quia

233 2780 369 2809 Vicarius
402 2779 497 2812 San&
519 2782 653 2824 Ambrofii
673 2786 815 2828 indignus
839 2788 994 2819 evidenter
1017 2785 1107 2826 osten-

231 2826 336 2865 ditur,
357 2824 492 2867 fieleiius
513 2832 532 2861 ἃ
553 2832 662 2865 talibus
685 2835 834 2869 ordinetur
846 2860 853 2867 .
880 2840 946 2869 Nec
967 2842 1046 2870 enim
1066 2836 1104 2876 est

231 2876 314 2917 quod
332 2887 385 2908 vos
397 2875 452 2908 hac
463 2888 500 2910 ex
520 2880 605 2922 causa
616 2883 762 2917 deterreat
775 2909 786 2924 ‚
813 2887 865 2919 vel
874 2888 1006 2928 aIIquam
1018 2886 1103 2919 vobis

232 2925 423 2965 necessitatem
445 2931 568 2960 incutiat
587 2952 594 2959 .
622 2933 705 2973 ,Quia
726 2935 805 2967 unde
835 2937 938 2977 pffm
959 2937 1103 2969 alimenta

232 2975 338 3007 Saniio
349 2974 489 3017 Ambrosio
501 2974 701 3019 servientibus
711 2985 830 3016 clericis
843 2985 1007 3025 ministrari
1023 3009 1035 3026 ,
1061 2992 1104 3019 m.

232 3023 319 3056 bilin
331 3023 450 3064 bostium
473 3026 562 3066 Iocis,
583 3025 680 3069 sedin
694 3033 792 3066 Sicilia
816 3036 892 3068 &in
914 3037 984 3069 aliis
994 3039 1102 3078 Reipu.

233 3073 460 3115 blicaepartibus
477 3100 487 3116 ,
515 3079 575 3109 Deo
580 3084 771 3121 protegente,
795 3083 930 3124 confistit.
959 3086 1102 3120 Deusde-

232 3123 283 3157 dit
292 3124 481 3160 Diaconum
492 3126 526 3159 in
540 3126 725 3161 Constantii
739 3129 848 3163 locum
858 3133 1028 3169 Canonice
1039 3136 1102 3170 ele-

233 3183 325 3217 gerat
335 3173 592 3210 Mediolanensis
606 3177 745 3211 Ecclefia
756 3203 766 3218 ,
796 3189 828 3212 at
839 3182 917 3215 vero
929 3184 1029 3218 alium
1045 3195 1102 3218 no·

233 3222 372 3257 minarat
393 3247 403 3263 ‚
449 3224 484 3257 &
507 3227 727 3261 consecratum
751 3228 878 3264 volebat
899 3230 1102 3276 Agilulphus

232 3271 530 3317 Longobardorum
552 3274 625 3309 Rex
646 3301 657 3318 ,
693 3278 862 3313 minitatus
883 3291 1017 3315 manum
1041 3282 1102 3317 Re-

232 3322 324 3367 giam
347 3323 382 3356 in
393 3333 508 3358 omues
518 3324 664 3360 Ecclefiae
686 3327 872 3362 facultates.
899 3330 1025 3365 Verum
1044 3334 1102 3366 mi-

233 3372 375 3407 nasistas
387 3397 398 3413 ‚
425 3373 512 3418 quod
535 3374 639 3417 plures
651 3378 853 3419 poffeffiones
874 3380 959 3424 apud
976 3381 1101 3417 Siculos

284 3452 287 3455 ,
330 3421 437 3464 Christ.
452 3426 530 3466 Lupi
541 3428 624 3468 oper.
639 3428 714 3458 Tom,
730 3432 780 3462 1V.

1867 106 1895 154 '1
1904 124 1934 155 2
1944 126 1965 165 3

1166 187 1297 224 haberet
1318 189 1602 224 sanstiAmbrofii
1615 189 1778 229 Ecclesia,
1803 186 1854 222 uti
1866 197 1962 223 vanas
1971 188 2036 224 rifit

1165 240 1300 273 Sanstus
1321 240 1499 285 Gregorius
1522 264 1533 281 ‚
1558 239 1743 275 Deusdedit
1772 237 1980 273 confirmavit
1999 240 2037 273 in

1165 289 1379 332 Episcopum,
1388 290 1538 332 juffitque
1547 288 1727 325 consecrari
1737 301 1748 321 :
1765 289 1937 331 praesertim
1947 288 2038 331 quod

1166 349 1235 372 non
1248 337 1355 373 solum
1364 339 1647 385 Longobardus&
1658 337 1817 373 Barbarus
1833 363 1844 378 ,
1868 338 1923 373 sed
1935 340 2038 376 etiam

1167 388 1349 422 Haereticus
1360 390 1438 423 esset
1450 389 1666 434 Agilulphus,
1677 389 1815 433 ideoque
1827 389 1922 421 omni
1933 390 2038 434 gratia

1167 439 1200 472 &
1212 435 1446 482 dispensatoria
1457 439 1713 474 diffimulatione
1735 437 1908 483 indignus.
1935 439 2040 484 Qod

1168 486 1371 532 Agilulphus
1380 512 1392 529 ,
1417 489 1546 532 ejusque
1558 491 1644 523 Foro
1656 508 1667 516 ·
1680 487 1826 532 Julienfis
1837 487 1919 521 Dux
1931 487 2041 521 Gisul-

1167 536 1248 582 phus
1267 539 1369 573 etiam
1381 537 1596 581 Aquileiensis
1608 539 1755 573 Ecclefiae
1778 537 1929 572 elestioni
1940 538 1972 571 se
1984 537 2044 571 irn-

1168 587 1354 622 miscuerint
1368 611 1380 627 ‚
1404 595 1502 630 atque
1512 588 1557 621 ita
1571 587 1662 621 istius
1673 588 1709 621 in
1718 589 1800 622 duos
1810 587 2042 631 Metropolitas

1167 636 1309 672 secandae
1331 637 1515 671 Provinciae
1524 638 1635 671 ansam
1645 636 1795 671 dederint
1808 661 1819 678 ,
1845 637 1992 671 scribunt
2008 637 2045 671 in.

1167 687 1287 732 Magni
1306 687 1460 731 Gregorii
1489 687 1557 721 vita
1576 687 1717 730 Joannes
1745 686 1935 728 Diaconus,
1963 686 2045 721 &in

1168 738 1221 770 sua
1245 736 1286 770 ad
1308 736 1505 780 Eutropium
1529 736 1708 780 appendice
1723 735 1845 770 Paulus
1857 736 2046 780 Aquileien-

1166 787 1223 820 fis.
1251 787 1338 831 Regi
1365 787 1445 821 item
1466 786 1656 827 Defiderio,
1683 785 1723 820 ad
1746 785 1976 820 Ravennatem
1986 787 2046 821 Ec-

1166 836 1295 871 clesiam
1316 837 1506 872 nominanti
1538 837 1650 872 nescio
1671 847 1770 880 quem
1802 834 2045 876 Michaelium‚

1169 886 1285 931 infigni
1323 886 1506 921 constantia
1541 886 1691 922 obviavit
1717 883 1900 930 Stephanus
1933 885 2050 919 tertius

1168 936 1349 972 Pontifex:
1376 936 1537 972 advocato
1562 936 1697 981 Pippini
1719 937 1921 971 Francorum
1945 935 2050 979 Regis

1169 984 1304 1022 brachio
1319 988 1453 1022 extrusit
1464 987 1673 1023 nominatum
1685 1011 1696 1028 ,
1721 986 1871 1030 juffitque
1893 984 2053 1021 celebrari

1170 1037 1376 1072 Canonicam
1398 1037 1612 1079 electionem,
1640 1038 1689 1072 uti
1712 1038 1746 1071 in
1762 1037 1879 1072 litteris
1899 1034 1940 1069 ad
1953 1034 2052 1070 Caro·

1170 1088 1238 1121 lum
1248 1087 1412 1132 Magnum
1424 1088 1558 1123 testatur
1571 1089 1738 1123 Adrianus
1748 1087 1871 1131 primus
1881 1112 1888 1119 .

1219 1137 1331 1171 Etiam
1342 1139 1540 1183 Hispaniam
1555 1139 1692 1173 intravit
1714 1136 1776 1179 hec
1788 1138 1960 1179 iniquitas.
1989 1135 2054 1170 Lu.

1169 1197 1219 1222 cet
1229 1199 1271 1222 ex
1282 1187 1421 1223 Canone
1431 1189 1528 1224 tertio
1538 1187 1666 1231 Synodi
1676 1185 2054 1227 Barchinonenfis‚man-

1170 1238 1267 1271 dante
1290 1238 1419 1274 nullum
1429 1239 1582 1282 deinceps
1593 1239 1732 1274 Laicum
1759 1236 1896 1282 provehi
1919 1235 1962 1272 ad
1979 1235 2056 1280 Epi-

1171 1288 1337 1331 scopaturn
1357 1295 1412 1330 per
1437 1291 1528 1323 Sacra
1545 1291 1690 1333 Regalia.
1718 1287 1757 1322 Id
1777 1288 1823 1322 est
1838 1312 1849 1328 ‚
1876 1297 1931 1331 per
1953 1287 2054 1321 sacras

1171 1336 1333 1381 Principis
1354 1338 1497 1380 litteras,
1525 1339 1580 1373 seu
1605 1350 1662 1382 per
1686 1337 1802 1383 Regiae
1814 1335 2056 1371 nominationis

1170 1387 1342 1422 codicillos
1354 1413 1361 1420 .
1389 1388 1457 1422 Sub
1468 1388 1656 1424 Richaredo
1680 1387 1774 1433 Rege
1789 1386 1903 1422 habita
1923 1386 1982 1421 ista
1995 1387 2053 1429 Sy-

1172 1437 1277 1472 nodus
1298 1439 1486 1472 conversam
1509 1449 1653 1473 recenter
1682 1437 1724 1471 ab
1734 1437 1819 1471 Ario
1830 1437 1871 1471 ad
1884 1435 2056 1471 Christum

1171 1497 1304 1532 gentem
1329 1485 1518 1521 Gothorum
1544 1487 1807 1529 &Hispanicam
1819 1485 1998 1520 Ecclesiam
2009 1496 2056 1520 re.-

1173 1540 1291 1571 format
1304 1561 1315 1577 ‚
1342 1534 1481 1578 ideoque
1493 1537 1627 1571 mandat
1642 1537 1762 1571 Laicos
1781 1535 1935 1580 deinceps
1947 1536 2056 1580 Regia

1172 1586 1406 1621 nominatione
1437 1587 1472 1620 in
1497 1586 1678 1632 Episcopos
1695 1596 1811 1621 contra
1834 1585 2058 1621 Sardicensem

1172 1639 1345 1673 Canonem
1367 1647 1435 1671 non
1459 1638 1611 1672 exaltari.
1639 1636 1802 1682 Supponit
1828 1648 1907 1682 ergo
1919 1637 2057 1671 abusum

1173 1687 1268 1722 illum
1279 1685 1374 1721 antea
1386 1687 1523 1731 viguisse
1538 1713 1546 1720 .
1573 1688 1618 1722 Et
1634 1689 1710 1732 quia
1722 1689 1816 1723 Sacra
1827 1687 1966 1732 Regalia
1979 1686 2057 1721 solis

1173 1738 1283 1773 Laicis
1305 1736 1373 1770 vult
1386 1737 1537 1781 deinceps
1552 1749 1618 1772 non
1633 1737 1851 1782 patrocinari,
1880 1737 2057 1780 Presbyte-

1173 1798 1283 1823 rorutn
1296 1799 1333 1821 ac
1346 1787 1574 1822 Diaconorum
1589 1789 1623 1822 in
1642 1788 1822 1832 Episcopos
1833 1787 2056 1821 nominando-

1173 1848 1243 1874 rum
1265 1837 1540 1872 consuetudinem
1563 1838 1688 1872 videtur
1722 1848 1832 1872 recens
1853 1835 2059 1871 Orthodoxo

1175 1886 1261 1932 Regi
1273 1912 1283 1928 ‚
1311 1899 1353 1921 ne
1366 1887 1464 1921 nimis
1485 1887 1663 1923 offenderet
1676 1912 1687 1928 ‚
1715 1898 1783 1921 non
1796 1886 1961 1922 abstulisse
1975 1913 1982 1919 .
2012 1886 2059 1921 Et

1173 1936 1250 1971 hinc
1263 1936 1304 1971 ad
1316 1936 1528 1971 Braulionem
1542 1938 1646 1972 Caesar
1656 1955 1669 1964 —
1679 1935 1836 1983 Augusta
1856 1937 2060 1981 Episcopum

1173 1986 1282 2021 scribit
1304 1986 1435 2020 Sandus
1449 1986 1586 2022 Isidorus
1609 1999 1650 2022 eo
1673 1997 1820 2031 ternpore
1838 1987 2059 2032 Metropolita

1173 2036 1390 2080 Hispalenfis:
1416 2039 1462 2070 De
1473 2036 1666 2078 constituendo
1692 2037 1838 2082 Epist-opo
1849 2037 2063 2078 Tarraconensi

1163 2097 1230 2121 non
1240 2097 1305 2120 eam
1315 2112 1326 2128 ,
1343 2097 1433 2130 quam
1442 2086 1548 2129 petisti
1558 2113 1571 2129 ‚
1592 2087 1672 2131 sensi
1670 2086 1853 2131 sententiam
1865 2092 1958 2131 RegIs
1967 2109 1979 2126 ,
2000 2084 2060 2128 sed

1172 2146 1272 2170 tamen
1296 2139 1330 2171 ὢ·
1351 2134 1413 2179 ipse
1423 2136 1521 2171 adhuc
1530 2138 1581 2173 ubi
1603 2144 1712 2171 certius
1722 2146 1878 2171 convertat
1899 2142 2059 2177 animum,

1173 2195 1272 2220 manet
1281 2187 1326 2220 illi
1336 2191 1507 2219 incenium.
1536 2186 1662 2221 Lucide
1686 2187 1842 2231 supponit
1856 2187 1944 2232 Regi
1963 2186 2059 2222 fuisse

1173 2247 1298 2271 morem
1318 2235 1538 2271 constituendi
1562 2239 1617 2271 seu
1639 2236 1836 2272 nominandi
1858 2262 1866 2269 .
1893 2236 2059 2281 Loquitur

1172 2286 1212 2320 de
1229 2286 1323 2331 Rege
1350 2286 1560 2331 Seginando.
1587 2287 1814 2334 Qamobrem
1837 2296 1972 2331 quarta,
1998 2285 2059 2323 sub

1171 2336 1288 2371 eodem
1298 2336 1392 2380 Rege
1406 2336 1563 2371 celebrata
1578 2362 1589 2377 ,
1614 2337 1783 2373 Toletana
1796 2338 1951 2381 Synodus
1961 2345 2060 2382 gene.-

1171 2387 1265 2421 ratim
1276 2385 1388 2420 statuit
1400 2399 1411 2419 .·
1438 2386 1492 2420 Ille
1502 2388 1639 2428 deinceps
1654 2389 1792 2420 sacerdos
1807 2399 1864 2420 non
1879 2393 1937 2421 erit
1949 2412 1959 2428 ‚
1972 2397 2059 2430 quem
2074 2406 2146 2445 Cap.
2159 2416 2202 2444 ¹9·

1171 2447 1221 2470 nec
1237 2437 1344 2471 clerus
1367 2447 1419 2470 nec
1431 2442 1562 2478 propria
1572 2442 1710 2471 civitatis
1726 2438 1855 2480 populus
1868 2438 1955 2481 elegit
1968 2461 1980 2477 ,
2006 2437 2060 2471 vel

1169 2486 1337 2520 authoritas
1350 2488 1593 2529 Metropolitum,
1618 2488 1671 2521 vel
1693 2488 1995 2530 comprovincialium
2005 2489 2060 2520 sa-

1169 2536 1317 2571 cerdotum
1328 2535 1454 2579 assensus
1466 2548 1524 2570 non
1543 2536 1702 2580 exquifivit
1715 2563 1722 2570 .
1750 2539 1896 2573 Statuere
1918 2539 1950 2572 sc
1961 2537 2056 2581 profi-

1168 2595 1253 2621 tetur
1266 2586 1418 2621 adversus
1428 2587 1648 2630 perniciosam
1659 2588 1932 2623 consuetudinem
1946 2610 1956 2626 ‚
1983 2598 2052 2631 quae

1168 2637 1334 2680 Majorum
1355 2637 1472 2672 statuta
1500 2637 1680 2682 praeteriens
1697 2663 1707 2678 ,
1734 2638 1853 2674 Laicos
1868 2664 1878 2679 ‚
1906 2637 2050 2677 milites,

1167 2686 1357 2721 ambitiosos
1367 2711 1377 2726 ,
1404 2687 1597 2722 criminosos
1608 2699 1677 2722 non
1692 2688 1814 2722 destitit
1826 2689 1922 2722 etiam
1937 2698 1991 2730 per
2004 2686 2050 2719 Si·

1168 2737 1315 2771 moniam
1328 2734 1463 2771 evehere
1475 2738 1509 2770 in
1523 2736 1699 2773 Cathedras
1712 2738 1923 2772 Pontificales
1942 2761 1948 2767 .
1975 2735 2050 2769 Ma-

1165 2787 1272 2829 jorum
1296 2786 1414 2820 statuta
1438 2786 1492 2822 hic
1510 2788 1651 2821 omnino
1662 2790 1736 2822 sunt
1756 2787 1883 2822 laudata
1897 2783 2049 2828 Synodus

1167 2835 1457 2871 Barchinonensis.
1486 2836 1674 2872 Permissam
1692 2838 1748 2872 sibi
1761 2836 1956 2872 nominandi
1972 2846 2048 2868 con-

1165 2887 1370 2922 suetudinem
1393 2899 1461 2921 non
1483 2888 1636 2922 cessarant
1663 2888 1765 2923 etiam
1790 2888 1831 2922 ad
1854 2895 2048 2930 promoven-

1164 2937 1223 2972 dos
1251 2937 1371 2971 Laicos
1393 2939 1569 2973 extendere
1593 2939 1723 2983 Reges,
1751 2936 1890 2978 ideoque
1903 2934 2048 2969 Canoni-

1163 2999 1216 3021 cas
1241 2988 1413 3022 electiones
1434 2988 1529 3031 plene
1554 2989 1716 3027 restituit,
1742 2985 1928 3029 &Regiam
1941 2984 2047 3019 nomi-

1165 3037 1336 3071 nationem
1348 3037 1490 3072 omnino
1501 3039 1647 3071 exrinxit
1670 3034 1797 3069 laudata
1808 3034 1974 3069 Toletana
1989 3035 2046 3076 Sy-

1167 3086 1285 3120 nodus.
1312 3086 1376 3120 Sed
1408 3097 1515 3129 neque
1527 3085 1604 3119 huic
1615 3087 1724 3130 Reges
1746 3084 1959 3119 obedierunt.
1988 3085 2045 3118 Et-

1164 3137 1252 3170 enim
1275 3135 1495 3169 inillustrium
1512 3137 1657 3169 virorum
1682 3134 1845 3179 Catalogo
1872 3133 1978 3168 scribit
2002 3133 2043 3168 de

1165 3185 1318 3230 Eugenio
1348 3184 1489 3218 secundo
1512 3184 1683 3218 Toletano
1697 3182 1955 3228 Archiepiscopo
1967 3184 2043 3217 Suc-

1164 3237 1265 3269 cessor
1277 3235 1343 3276 eius
1354 3234 1487 3267 Sanctus
1500 3233 1768 3277 Hildephonsus:
1795 3237 1948 3278 Eugenius
1957 3240 2041 3276 prin·
2056 3257 2130 3295 Cap·
2143 3265 2176 3293 14

1163 3286 1251 3327 cipali
1275 3282 1529 3318 chindasvinthi
1552 3284 1655 3328 Regis
1667 3285 1807 3318 violentia
1830 3290 1862 3317 in
1885 3284 2041 3326 Pontifica-
2179 3279 2185 3287 '

1165 3344 1229 3368 tum
1251 3333 1288 3373 est
1311 3333 1462 3376 adscitus.
1495 3334 1539 3368 Et
1558 3334 1599 3368 de
1627 3334 1695 3376 ipso
1713 3333 1913 3369 Hildefonso
1940 3334 2039 3366 habet

1165 3385 1198 3418 in
1232 3383 1311 3419 dicti
1332 3382 1485 3430 Catalogi
1517 3383 1696 3428 appendice
1719 3384 1875 3421 successor
1896 3382 2037 3426 ejusdem

1565 3434 1612 3483 Q
1648 3446 1670 3472 2
1895 3431 1989 3476 Julia-
