2352 3736
548 179 867 222 ’15ιῇΑο
934 175 1338 221 Rzmstx
1410 171 1787 217 SYNODO.
1911 186 2005 229 ²03

261 271 368 300 autem
381 261 558 299 Ecclesiam
569 273 625 306 per
635 262 763 296 Sixtum
777 258 994 304 primumase
1005 256 1137 290 missum
1181 257 1273 298 {vim
1300 260 1377 288 inter
1402 266 1473 297 quos
1498 263 1586 288 erant
1611 253 1813 294 Trevirenfis,
1837 255 2074 297 Moguntinusts·

254 314 473 349 Remenfibus
483 313 736 356 Metropolitam
748 310 906 350 erexerit,
935 305 1077 342 refundit
1103 307 1137 339 in
1183 304 1372 358 'Colonienfis
1401 304 1631 349 Arcbiepiscopi,
1655 302 1713 346 [αἱ
1736 305 1779 336 illi
1806 315 1864 336 non
1901 312 2074 345 acceptave·
2095 328 2145 361 1³01
2180 331 2249 368 3333

257 364 428 399 Remenfis
448 364 596 398 Ecclefiae
620 361 768 396 Historia
792 358 966 401 Presbyter
988 355 1140 392 Flodoar·
1182 360 1289 389 'rum‘v
1317 355 1442 392 Partim
1480 355 1568 399 quod
1607 353 1764 400 grassanti
1797 364 1876 386 tunc
1912 351 2076 389 schismati
2148 352 2153 358 “

80 420 147 453 Li,
170 431 234 461 ας.
256 413 335 448 dus.
362 415 492 448 Sixtum
517 414 611 447 fuifl'e
634 408 884 453 Metropolitam
910 415 1010 443 errat,
1051 405 1140 439 Nam
1204 403 1332 438 nollent
1370 406 1493 438 misceri
1515 431 1525 446 ‚
1561 404 1677 448 partim
1716 403 1806 447 quod
1850 402 2078 440 Cardinalibus

257 466 357 507 usque
369 457 955 503 adConstantinitemporaTrevirim
966 456 1059 490 fuiffe
1071 456 1140 492 uni·
1208 454 1375 497 Episcopis
1402 456 1433 488 se
1459 457 1592 488 nossent
1619 454 1773 497 aequales.
1800 453 1894 487 Hinc
1920 454 2078 493 itemUr-

255 526 328 548 cam
340 514 448 558 Belgii
471 512 689 556 Metropolim
704 533 715 549 ‚
739 507 785 541 est
809 508 908 541 nimis
928 516 1070 542 certum.
1102 505 1141 539 ln
1204 504 1308 538 banus
1318 506 1471 544 anavus,
1495 504 1574 537 dum
1584 504 1750 538 Dominos
1770 503 1959 538 Cardinales
1976 515 2018 539 ex
2039 505 2080 540 iI-

256 563 546 607 Romanilmperii
557 560 710 595 notitiam
722 558 776 591 seu
801 557 994 592 laterculum
1015 556 1140 600 potiori
1204 554 1393 589 lustriffimis
1415 554 1493 590 fecit
1514 553 1810 595 Eminentiffimos,
1836 554 1978 589 eundem
2002 555 2080 590 titu-

254 615 323 657 jure
347 611 489 649 refundit
513 611 646 645 sanetus
667 606 839 643 Fulbertus
861 634 870 641 .
911 608 964 641 Ex
989 617 1029 640 eo
1050 606 1140 639 enim
1205 604 1348 647 lumjam
1361 602 1455 637 dictis
1468 602 1729 646 Archiepiscopis
1740 604 1890 638 indulsit.
1917 603 2082 649 Magden-

255 664 399 707 Maiores
408 660 506 697 nostri
526 659 624 693 etiam
647 657 864 693 Ecclefiarum
885 657 1084 701 dignitatem
1106 656 1140 689 <Sc
1204 653 1371 699 burgenfis
1392 651 1702 696 Archiepiscopatus
1721 664 1810 687 anno
1831 654 1975 689 Domini
2000 660 2078 703 969.

257 714 414 748 Ordinem
429 709 671 745 constituerunt
684 734 691 741 ,
1205 703 1267 737 fuit
1290 705 1433 738 erectus.-
1470 704 1559 736 Inter
1585 701 1776 736 cardinales
1801 703 1979 747 Episcopos
1998 715 2079 741 tunc

341 760 449 796 uaessio
475 759 519 793 est
532 784 544 799 ,
582 756 768 806 Qomodo
792 757 930 800 Ioannes
951 755 1140 790 Portuenfis
1205 753 1322 790 habere
1335 754 1444 787 locum
1458 752 1518 786 fuit
1530 752 1735 795 quorundam
1748 750 2079 797 Archiepiscoporum

254 809 589 851 EeclofiaeCardinalis
597 808 777 852 Episcopus
788 805 901 841 sederit
914 806 1034 839 ultimo
1048 805 1139 839 loco?
1204 803 1325 848 grande
1337 802 1552 848 privilegium
1564 827 1574 843 ,
1602 802 1742 845 ideoque
1752 802 1857 836 caeteri
1879 813 1993 839 omnes
2014 805 2079 840 illis

253 863 347 897 Licet
356 861 447 895 enim
463 859 642 901 Presbyteri
653 869 691 892 ac
702 858 847 892 Diaconi
860 855 1052 891 Cardinales
1065 866 1139 889 ante
1205 853 1346 887 omnino
1356 851 1513 887 cedebant
1522 878 1530 886 .

251 911 388 946 aliarum
409 910 625 944 Ecclefiarum
647 907 827 951 Episcopos
846 907 881 940 δε
911 903 1139 948 Archiepisco-
1255 904 1411 947 Superius
1422 903 1582 943 adducta,
1608 902 1727 945 quibus
1743 901 1935 937 Cardinales
1948 902 2081 947 Episco-

251 971 312 1005 pos
334 969 414 994 tunc
437 959 557 995 nedum
582 957 768 1001 obtinerent
791 958 924 996 locum,
961 956 1138 990 obtentum
1203 964 1262 997 pos
1286 954 1386 988 etiam
1397 952 1592 988 patriarchis
1618 954 1790 998 anteponit
1810 953 1945 986 Sanstus
1965 953 2080 988 Petrus

251 1009 495 1045 tamenfuiffia
512 1007 743 1043 Cardinalibus
769 1008 941 1050 Episcopis
963 1005 1080 1040 diserte
1104 1005 1138 1038 in
1205 1002 1381 1044 Damiani,
1408 1004 1504 1037 verba
1527 1016 1699 1048 exponunt
1719 1003 1805 1047 apud
1826 1000 1996 1038 Othonem
2012 1005 2082 1042 Fri-

250 1059 365 1095 litteris
387 1059 429 1094 ad
451 1057 634 1094 Cadaloum
657 1083 668 1098 ‚
705 1070 748 1094 ex
774 1057 939 1091 Parmensi
974 1055 1140 1099 Episcopo
1203 1055 1384 1099 fingensem
1416 1053 1615 1098 Episcopum
1646 1056 1681 1088 in
1713 1053 1805 1087 libris
1826 1053 1868 1087 de
1887 1054 1985 1098 gestis
2006 1055 2082 1092 Fre-

250 1109 452 1154 Antipapam
463 1110 658 1146 Honorium
678 1105 859 1141 secundum
872 1130 883 1147 ,
909 1105 1043 1141 testatur
1062 1106 1141 1140 San·
1203 1103 1302 1141 derici
1317 1103 1411 1148 primi
1423 1104 1631 1147 Imperatoris
1647 1128 1658 1145 ‚
1683 1116 1720 1138 ac
1730 1101 1925 1141 modificant
1938 1104 2081 1151 Eugenii

250 1163 317 1194 ssus
330 1160 444 1195 Petrus
467 1159 644 1193 Damiani:
674 1158 763 1200 ,Quid
782 1156 837 1188 tibi
858 1158 895 1189 de
920 1155 1139 1189 Cardinalibus
1203 1154 1290 1188 tertii
1327 1154 1517 1190 Cardinales
1549 1155 1718 1189 adversum
1749 1153 1952 1188 clandestina
1972 1155 2082 1189 Sancti

250 1212 372 1244 videtur
382 1209 538 1253 Episcppis
552 1232 563 1248 ‚
587 1212 638 1250 qui
650 1209 787 1242 videlicet
798 1209 832 1240 (ν
844 1211 1009 1239 Romanum
1036 1207 1139 1238 Ponti·
1203 1204 1357 1240 Bernardi
1368 1215 1442 1238 cum
1453 1205 1636 1239 Gallicanis
1648 1203 1819 1249 Episcopis
1829 1203 1915 1240 circa
1937 1204 2082 1241 Gilberti

245 1258 541 1301 ficemprincipaliter
550 1259 659 1301 eligunt
674 1282 684 1297 ,
709 1259 743 1290 (τ
767 1254 945 1299 quibusdam
967 1257 1037 1289 aliis
1056 1263 1138 1297 prae-
1202 1254 1373 1288 Porretani
1395 1254 1523 1289 causam
1544 1256 1612 1289 aila
1633 1253 1866 1297 protestantes.-
1911 1254 2083 1298 Episcopis

246 1314 398 1354 togativis
411 1334 424 1350 ‚
447 1320 506 1342 mm
517 1310 600 1340 modo
612 1306 807 1350 quorumlibet
827 1304 1039 1349 Episcoporum
1052 1329 1062 1345 ‚
1083 1304 1140 1347 sed
1202 1304 1383 1340 Gallicanis
1406 1305 1437 1339 se
1459 1304 1634 1339 asseverant
1654 1304 1813 1347 majores,
1850 1302 2083 1339 Alexandrino

247 1358 550 1393 &span-imbuam
570 1367 659 1400 atque
683 1360 854 1390 Primatum
882 1358 958 1397 jura
990 1353 1136 1398 transcen·
1203 1365 1310 1388 autem
1323 1355 1357 1388 ὃ(
1380 1353 1598 1389 Antiocheno
1619 1352 1817 1390 Patriarchis
1836 1352 1979 1391 fatentur
2001 1355 2084 1393 inse-

248 1411 327 1443 dum
341 1410 358 1441 ἓ
385 1409 595 1450 Salvoquippe
605 1405 786 1449 universalis
815 1404 950 1445 Ecclefiae
971 1407 1138 1437 sacramen·
1202 1405 1317 1438 riores.
1352 1402 1496 1439 Proinde
1520 1403 1560 1442 de
1575 1405 1653 1439 solis
1675 1402 1898 1447 Aquilejenfi,
1937 1404 2084 1442 Cantua-

247 1467 279 1493 to
289 1458 336 1499 isti
350 1457 424 1501 sunt
440 1459 510 1492 oculi
521 1463 607 1490 unius
622 1457 733 1498 lapidis
744 1480 755 1496 ,
781 1456 818 1487 id
835 1454 874 1495 est
884 1479 896 1496 ,
919 1459 1068 1488 Ramanae
1080 1457 1138 1488 Ec·
1201 1453 1291 1487 rienfi
1305 1476 1316 1492 ,
1339 1453 1474 1496 aliisque
1489 1454 1522 1487 id
1535 1464 1638 1497 genus
1653 1454 1781 1488 Latinae
1792 1451 1938 1487 Ecclefiae
1958 1453 2084 1489 Prima·

68 1521 136 1551 Μὴ.
156 1531 183 1551 1,
247 1507 334 1549 clefi‘ae
357 1533 365 1540 .
406 1509 530 1542 Eorum
563 1506 759 1551 dignitatem
795 1504 966 1548 insigniter
994 1505 1133 1539 exaltat.
1201 1502 1287 1536 tibus
1303 1526 1312 1542 ,
1338 1501 1530 1538 Patriarchae
1543 1501 2082 1547 tituloinfignirituncconsuetis,

76 1563 124 1597 ἴῳ,
139 1573 184 1592 ω.
250 1557 355 1604 Qod
368 1559 473 1601 ipsum
485 1557 565 1591 facit
579 1556 610 1588 in
627 1555 727 1597 prima
740 1554 884 1597 Epistola
897 1554 937 1586 ad
952 1554 1134 1596 Episcopos
1201 1553 1343 1595 loquitur
1356 1552 1505 1586 laudatus
1518 1551 1633 1587 Petrus
1650 1551 1811 1586 Damiani
1822 1576 1830 1584 .
1857 1552 1947 1588 Nam
1971 1555 2005 1588 ἀ
2032 1555 2084 1598 Jo-

246 1607 455 1645 Cardinales.
482 1606 553 1640 Nec
566 1604 748 1638 hesternam
776 1605 956 1637 novitatem
971 1626 980 1641 ‚
1009 1602 1061 1636 sed
1086 1613 1135 1636 ve·
1200 1601 1297 1645 sepho
1321 1600 1515 1637 Patriarchae
1539 1602 1917 1646 Constantinopolitano
1939 1605 2083 1648 priorem

149 1685 161 1695 ,
244 1657 365 1691 tustam
376 1656 525 1693 Ecciefiae
540 1657 679 1689 sormam
692 1652 800 1688 lucide
813 1653 925 1687 laudat
937 1654 985 1686 vir
999 1652 1135 1686 Sanffls·
1199 1652 1232 1685 in
1258 1652 1397 1694 Synodo
1420 1652 1614 1687 Florentina
1637 1654 1750 1688 locum
1774 1653 1932 1690 cefferunt
1966 1665 2084 1690 omnes

66 1715 121 1756 Ep.
146 1726 159 1749 χ
244 1706 342 1751 {imus
359 1731 367 1740 .
395 1707 465 1742 Cur
476 1718 556 1751 ergo
567 1704 615 1738 illi
628 1715 756 1739 coaevus
769 1703 842 1737 Leo
856 1714 964 1736 nonus
976 1701 1132 1735 Pontifex
1198 1702 1340 1736 Domini
1353 1702 1561 1736 cardinales.
1591 1703 1630 1737 In
1642 1703 1848 1747 diplomate,
1875 1715 1946 1747 quo
1970 1705 2081 1748 Sylve-

246 1755 410 1799 Ioannem
422 1754 634 1792 Cardinalem
647 1754 848 1797 Episcopum
863 1777 874 1793 ‚
899 1753 992 1786 suum
1007 1762 1063 1796 per
1082 1762 1133 1785 tot
1198 1752 1252 1786 stri
1265 1751 1397 1788 secundi
1409 1752 1605 1787 electionem
1619 1753 1828 1790 confirmavit
1840 1777 1851 1793 ,
1881 1753 1967 1788 istud
1989 1754 2086 1789 Con-

242 1806 363 1841 3tinera
377 1807 526 1844 socium,
553 1805 588 1839 in
602 1804 663 1838 hac
672 1803 811 1847 Synodo
822 1802 1004 1847 postposuit
1029 1802 1134 1834 omni·
1197 1802 1331 1835 stantini
1354 1802 1506 1836 Edistum
1529 1804 1592 1837 effe
1614 1803 1801 1839 fabulosum
1826 1805 1909 1838 reste
1941 1805 2083 1839 affirmat

245 1855 308 1890 bus
321 1856 490 1900 Episcopis
513 1853 718 1890 Gallicanis?
746 1853 945 1896 Respondeo
970 1851 1134 1885 Domino·
1196 1852 1373 1895 Imperator
1385 1850 1481 1887 Otho
1493 1853 1633 1894 tertius,
1659 1854 1779 1889 fatetur
1789 1863 1900 1888 tamen
1922 1856 1986 1889 effe
1997 1854 2084 1889 anti·

247 1917 319 1940 rum
328 1906 557 1941 Cardinalium
574 1929 586 1947 ‚
611 1904 785 1948 praesertim
804 1903 1045 1945 Episcoporum
1058 1926 1068 1941 ,
1087 1901 1133 1934 di·
1194 1913 1296 1944 quum
1309 1926 1318 1941 ,
1344 1900 1456 1935 dicens
1483 1904 1661 1937 conficiam
1680 1905 1699 1938 a
1729 1904 1856 1947 Joanne
1888 1903 2049 1939 Diacono
2070 1929 2083 1945 ,

243 1956 407 2000 gnitatem
430 1966 468 1989 ac
501 1952 726 1988 Eminentiam
761 1955 823 1986 effe
858 1951 1110 1993 antiquissimam
1132 1974 1137 1981 .
1194 1962 1421 1996 cognomento
1435 1952 1630 1996 Digitorum
1645 1978 1656 1995 ‚
1681 1954 1799 1996 quires
1821 1953 1946 1988 futuras
1963 1966 2085 1999 nequa·

244 2005 349 2040 Lucet
360 2017 401 2040 ex
413 2005 529 2039 Edicto
541 2003 756 2039 Constantini
770 2002 889 2045 Magni
905 2013 963 2044 pro
978 2001 1131 2036 Romana
1195 2012 1293 2044 quam
1318 2001 1463 2044 scripsit,
1501 2002 1552 2036 sed
1577 2003 1635 2038 sno
1655 2011 1805 2047 tempore
1827 2011 1973 2047 coeptum
1995 2028 2006 2044 ,
2044 2004 2082 2039 &

242 2054 408 2090 Ecclesia:
435 2058 612 2095 Summus,
639 2063 671 2086 ut
695 2058 758 2087 viri
783 2050 993 2095 religiofiffimi‚
1028 2050 1132 2083 multo·
1193 2050 1300 2084 adhuc
1313 2050 1521 2086 vacillantem
1533 2053 1763 2088 Romanorum
1785 2053 1992 2087 Clericorum
2020 2053 2080 2088 sta·

243 2116 311 2138 rum
322 2107 458 2139 ordinum
470 2106 599 2146 Clerici,
627 2109 679 2146 qui
688 2103 804 2136 Sanc‘lae
826 2105 971 2134 Romame
997 2099 1131 2140 Ecclefiae
1193 2112 1262 2135 tum
1276 2101 1382 2136 voluit
1394 2098 1503 2136 fabula
1529 2102 1587 2137 ista
1611 2101 1801 2147 adjunctum
1821 2103 1854 2136 ὃς
1881 2101 2078 2139 stabilitum.

244 2153 419 2196 destrviunt
432 2180 442 2195 ,
469 2153 802 2189 ornentur-&habeant
818 2153 901 2186 illam
915 2149 1132 2194 sublimitatem
1191 2151 1315 2186 Fabula
1326 2161 1436 2186 tamen
1450 2153 1600 2196 processit
1613 2164 1655 2186 ex
1678 2153 1793 2193 variae,
1819 2151 1875 2186 hic
1886 2164 1954 2187 non
1965 2154 2079 2189 edine-

247 2205 282 2239 (ν
301 2206 583 2249 Magnificentiam,
611 2216 671 2246 qua
691 2211 814 2237 ornatus
836 2201 873 2242 est
894 2212 1021 2244 magnus
1043 2198 1148 2252 noster*
1191 2200 1318 2241 rendae,
1346 2199 1502 2235 admixtae
1516 2203 1659 2237 veritatis
1670 2201 1907 2237 fundamento.
1935 2203 1980 2237 Et
1994 2202 2076 2239 hinc

246 2255 373 2288 senatus
389 2278 401 2295 ‚
427 2258 552 2290 Patricia
575 2263 678 2296 nempe
700 2256 735 2289 <ff
757 2250 919 2295 Consules,
957 2252 991 2285 (a
1011 2251 1135 2291 reliquae
1190 2249 1416 2285 Cardinalium
1451 2252 1690 2295 Episcoporum
1719 2252 1947 2287 Eminentiam
1979 2254 2078 2289 fuisse

245 2304 412 2348 dignitates
427 2329 434 2337 .
462 2307 547 2352 Qae
559 2306 654 2338 verba
672 2304 747 2337 solis
758 2300 987 2337 Cardinalibus
999 2299 1132 2342 Episco·
1190 2302 1289 2335 etiam
1299 2302 1317 2335 ὲ
1332 2301 1445 2334 Leone
1458 2312 1550 2336 nono
1563 2303 1728 2337 Pontifice
1739 2302 1887 2347 agnitam
1910 2304 1944 2338 δε
1965 2303 2077 2338 defen-

241 2354 293 2397 pis
304 2356 339 2387 in
350 2353 478 2389 laudata
490 2355 531 2389 ad
543 2354 629 2397 ipsos
654 2353 804 2397 Epistola
829 2351 974 2395 applicat
988 2373 999 2389 ,
1036 2357 1132 2394 atque
1192 2352 1258 2385 sam
1273 2350 1416 2386 ostendit
1429 2352 1461 2384 in
1474 2353 1538 2385 suis
1552 2352 1728 2387 Chronicis
1740 2352 1941 2388 Guilielmus
1964 2353 2077 2388 Thor-

243 2404 290 2438 ita
300 2403 426 2448 deipsis
441 2405 519 2439 solis
547 2402 761 2448 intelligenda
785 2403 894 2437 censet
918 2401 1050 2435 Sanetus
1074 2399 1135 2434 Pe·
1194 2413 1232 2435 ne
1246 2426 1256 2442 ‚
1282 2401 1466 2436 Cantuariae
1478 2402 1518 2436 ad
1532 2403 1682 2437 sanctum
1704 2403 1929 2448 Augustinum
1952 2404 2073 2439 Mona-

241 2463 311 2488 trus
330 2456 491 2489 Damiani
512 2479 519 2487 .
562 2454 617 2487 Ex
642 2452 958 2498 Magdenburgenfis
980 2449 1127 2484 Ecclesiae
1191 2449 1294 2491 chus,
1321 2450 1460 2486 scribens
1481 2452 1522 2486 de
1545 2453 1687 2496 praesenti
1707 2453 1868 2496 synodo.-
1898 2458 1957 2488 Leo
1981 2457 2075 2497 Papa

241 2515 344 2539 manu
357 2505 476 2548 scripto
487 2503 659 2539 Chronico
671 2504 899 2545 desumptum,
925 2501 967 2536 ab
978 2499 1126 2535 Henrico
1192 2504 1385 2535 simoniacam
1395 2501 1525 2543 baerefim
1547 2508 1579 2536 in
1606 2508 1737 2537 Francia
1761 2503 1946 2538 debellabat.
1976 2507 2073 2539 Mitti-

243 2554 433 2589 Meibomio
455 2555 657 2598 publicatum
680 2579 691 2594 ‚
721 2565 759 2587 ac
782 2550 980 2586 Witichindi
1003 2550 1129 2586 Corbe-
1192 2560 1242 2586 tur
1254 2552 1373 2585 adeum
1387 2550 1522 2595 consensu
1536 2557 1626 2598 Regis
1647 2554 1681 2590 ὁ·
1704 2557 1799 2598 Regni
1819 2554 1990 2596 Wulfricus
2012 2556 2071 2587 Ab.

244 2603 337 2646 jenfis
349 2604 508 2639 Monachi
520 2603 706 2639 Annalibus
714 2603 898 2646 adjunctum
906 2602 1123 2647 fragmentum
1188 2602 1245 2636 bas
1259 2626 1271 2643 ,
1292 2610 1349 2645 pro
1361 2608 1484 2646 negotiis
1497 2605 1636 2647 Regni&
1659 2602 1793 2645 Ecclesia
1817 2606 1987 2648 Anglii-ana.-
2012 2605 2072 2648 res2

244 2655 511 2700 consonat‚agens
522 2654 562 2688 de
575 2653 1124 2697 JoannedecimotertioPOntifice‚
1185 2651 1336 2695 ponsurur
1355 2677 1362 2685 .
1389 2655 1486 2694 CuJ'us
1509 2652 1640 2697 responso
1661 2657 1750 2696 Papa
1770 2655 1935 2697 intelligens
1959 2658 2069 2700 Anglos

244 2705 411 2744 eredioque
421 2705 589 2748 peripsum
601 2702 890 2747 Archiepiscopatu
900 2701 1123 2748 Magdenbur-
1187 2709 1306 2737 caeteris
1317 2708 1529 2737 innocentiores
1545 2728 1556 2744 ‚
1583 2706 1617 2738 (9'
1630 2706 1802 2748 Anglicanae
1814 2704 1948 2745 Ecclestae
1963 2705 2068 2747 profe-

244 2753 355 2798 gensi:
374 2757 514 2796 Joannes
541 2755 717 2793 ordinavit,
741 2755 775 2787 <y
798 2755 958 2797 Privilegio
986 2753 1122 2794 Apostoli·
1187 2754 1247 2786 c‘lui
1258 2754 1466 2796 congratulans
1480 2776 1490 2792 ,
1513 2759 1591 2787 inter
1604 2755 1665 2787 alia
1675 2756 1770 2791 multa
1780 2753 1993 2795 confirmabat,
2032 2763 2067 2788 ut

245 2814 289 2836 cae
316 2801 498 2835 audi‘oritatis
510 2802 613 2844 sanxit
629 2829 638 2843 ‚
662 2805 898 2847 ‹ic—confirmavit
924 2801 1120 2846 Archiepisco-
1186 2800 1424 2846 Arcbiepiscopus
1438 2802 1661 2845 Cantuariensi‘s
1680 2810 1712 2837 in
1724 2806 1861 2837 conciliis
1874 2805 1927 2837 vel
1945 2805 2065 2843 synodis

240 2860 315 2894 pum
326 2851 628 2895 Magdenburgenscm
642 2860 674 2886 in
695 2859 773 2887 omni
796 2856 908 2886 ordine
930 2851 1120 2895 Ecclefiastico
1184 2853 1369 2887 celebrandis
1379 2854 1493 2894 affidere
1517 2854 1622 2888 debeat
1634 2853 1767 2896 Pontifici
1780 2854 1898 2888 saneiae
1917 2855 2044 2896 Ruffinae
2056 2880 2063 2887 .

239 2908 408 2945 prImatum
434 2901 540 2934 habere
552 2908 678 2935 omnium
691 2901 995 2946 Archiepiscoporum,
1020 2909 1071 2945 qui
1087 2911 1120 2937 in
1186 2903 1322 2938 Grande
1348 2904 1413 2937 suit
1440 2903 1527 2938 istud
1554 2904 1787 2949 privilegium.
1823 2904 1957 2939 Etenim
1989 2907 2065 2939 San·
2080 2906 2234 2941 Axi-1055·

248 2955 410 2985 Germania
419 2948 491 2993 sunt
505 2951 658 2991 ordinati,
682 2958 712 2984 in
723 2955 825 2987 Gallia
837 2964 947 2995 quoque
969 2953 1118 2986 colonien·
1184 2956 1238 2988 &ae
1267 2953 1428 2996 Ruffinae‚
1467 2955 1520 2988 seu
1547 2955 1650 2997 Sylvae
1675 2954 1821 2989 candidae
1854 2953 2064 2990 cardinalem

242 3000 288 3043 fi,
316 3000 553 3045 moguntinensi,
579 3000 793 3043 &Trevirenfi
815 3001 1041 3045 Archiepiscopis
1062 3011 1119 3045 per
1186 3004 1387 3047 Episcopum
1416 3004 1507 3038 suiffe
1533 3004 1618 3038 inter
1643 3006 1764 3047 septem
1799 2999 1918 3038 ordine
1954 3006 2065 3040 secun-

247 3056 344 3083 omnia
356 3050 586 3093 honorefimilem
599 3051 670 3094 effe,
695 3058 786 3084 crucis
793 3051 971 3094 fignaculum
995 3062 1066 3086 ante
1084 3051 1119 3096 se
1185 3052 1288 3092 dum,
1315 3064 1351 3085 ac
1378 3054 1456 3087 feria
1481 3055 1606 3096 semper
1631 3053 1771 3087 secunda
1797 3052 1986 3088 solemniter
2010 3067 2065 3090 ce·

240 3099 347 3143 ferre,
371 3102 492 3135 &inter
504 3103 685 3134 Cardinales
698 3098 854 3142 Episcopus
866 3105 1008 3135 Romanae
1033 3104 1118 3135 Sedis
1188 3102 1365 3136 lebrassein
1390 3102 1526 3137 Basilica
1550 3101 1781 3143 Lateranenfi,
1808 3102 1947 3138 affirmat
1969 3105 2064 3140 Onu-

244 3148 419 3193 cons'ortium
445 3150 569 3186 habere.
597 3150 827 3185 Cardinalibus
841 3150 1010 3194 Episcopis
1029 3152 1120 3194 aequi-
1186 3153 1264 3187 frius
1278 3150 1488 3185 Panuinusin
1502 3152 1632 3186 erudito
1652 3151 1811 3195 opusculo
1833 3150 1875 3186 de
1894 3155 2063 3198 praecipuis

245 3200 350 3244 parari
376 3199 420 3232 est
448 3201 618 3243 antiquum
646 3199 875 3240 Colonienfis,
902 3201 1120 3244 Moguntini,
1186 3201 1334 3237 Ecclefiis
1344 3200 1428 3242 alme
1439 3199 1818 3248 urbis.Q1ibusqueergo
1829 3203 2062 3240 Cardinalibus

243 3261 284 3284 ac
309 3248 510 3283 Trevirenfis
537 3250 867 3293 Archiepiscoporum
889 3249 1119 3293 Priviiegium.
1188 3251 1355 3296 Episcopis
1379 3248 1673 3295 Archiepiscopum
1691 3252 1961 3289 cantuariensem
1988 3256 2061 3293 Leo

243 3298 339 3335 Hinc
363 3299 452 3333 enim
473 3297 515 3333 de
540 3298 699 3343 Adolpho
726 3300 952 3339 Moguntino,
979 3299 1120 3334 Frederi—
1184 3301 1388 3343 anteposuit.
1418 3300 1460 3334 Et
1482 3300 1560 3335 hinc
1582 3301 1617 3334 in
1638 3302 1765 3336 Barenfi
1788 3303 1926 3344 synodo
1952 3329 1963 3346 ‚
2001 3305 2059 3341 ubi

246 3361 288 3383 co
314 3349 506 3384 Coloniensi
520 3372 532 3389 ‚
556 3349 590 3383 ὅ(
617 3349 761 3383 Cunone
787 3350 823 3382 T
826 3349 972 3383 revirenfi
1010 3349 1119 3385 scribit
1182 3349 1419 3393 omnibussuum
1428 3351 1516 3384 locum
1528 3357 1696 3394 exantiquo
1708 3353 1956 3395 vindicantibus,
1982 3354 2060 3386 San·

243 3410 403 3445 magnum
428 3398 536 3444 Belgii
574 3396 798 3434 Chronicum:
839 3403 984 3432 Dominus
1026 3400 1118 3436 Urba·
1183 3404 1250 3435 stus
1286 3400 1460 3434 Ansclrnus
1494 3401 1735 3436 Cantuarienfis
1761 3402 2059 3446 Archiepiscopus,

243 3459 301 3482 nus
325 3452 414 3492 Papa
446 3447 552 3492 sextus
583 3447 789 3491 septemdecim
826 3449 1005 3487 cardinales
1043 3461 1117 3486 creo
1182 3449 1367 3486 humilitate
1381 3452 1543 3490 summus,
1570 3461 1750 3494 quapoterat
1760 3454 1886 3498 assedit,
1906 3451 1924 3482 ἓι
1938 3451 2060 3489 Graecis

344 3499 770 3542 christ.Lupi.0per.Tom.1V.
1515 3502 1545 3536 C
1570 3513 1587 3537 c
1637 3511 1663 3539 2
1906 3500 2010 3535 adver-

2101 1492 2258 1524 L.1.c57·
