2352 3736
43 1415 111 1446 ις.
134 1415 179 1444 tir.

47 1463 73 1490 ς.
88 1462 116 1484 C·
129 1460 175 1484 ²6·

54 2632 124 2669 cap.
149 2639 163 2667 3
168 2639 194 2667 ς.

276 172 330 201 De
367 156 595 200 SIMONIE
632 166 880 207 CRIMINe‚
932 164 981 200 ΕΤ
1016 167 1126 196 VARI
1147 166 1189 194 13
1225 165 1284 194 AD
1328 164 1461 194 IPSUM
1496 163 1839 194 SPECTANTIBUS.

217 242 261 283 μβ
267 240 427 282 plurimum
434 243 568 280 pecuniae
578 237 667 282 fuiffe
691 241 711 271 ἃ
730 241 908 281 parentibus
918 242 1045 276 datum,
1066 235 1100 279 se

220 301 323 327 tamen
335 295 488 334 ignorante
499 313 509 328 ,
536 301 623 331 eoque
643 292 752 331 adepto
774 292 914 323 nonnulla
927 286 1099 327 Ecclesiasti-

220 353 263 378 Μ·
286 341 417 384 religioni
438 344 585 372 contraria
607 339 757 383 admiſj‘ffl.
788 342 870 372 Unde
890 337 1048 381 adferebat
1068 334 1101 379 se

220 394 350 424 Divinae
361 392 479 423 ulti‘0nIs
504 390 672 422 vindiciam
689 387 905 431 pertimefiere.
934 388 1058 429 Ideoque
1075 385 1105 427 fi

219 443 347 474 Domino
360 438 648 482 Papae&praesenti
657 443 812 471 conventui
836 440 961 481 dignum
982 438 1098 470 videre-

224 499 291 531 tur,
318 492 397 524 idem
408 491 528 531 officium
549 489 625 526 velle
645 489 794 520 dimittere
811 488 912 529 potius
924 513 936 529 ‚
960 490 1051 530 qucim
1069 492 1101 519 in

219 543 285 582 eJ'us
298 547 457 574 retentione
467 536 693 579 an‘imamsiiam
711 538 915 580 pessumdare.
942 541 1023 582 ‚Quae
1049 535 1099 570 uhi

219 592 324 631 dixit,
351 590 498 631 Pastorale
507 588 619 624 Pedum
630 596 703 621 ante
719 590 817 629 pedes
843 588 930 631 ipstus
953 587 1101 630 Apostolici

216 639 335 683 posuit.

273 690 415 733 Pergunt
424 687 466 721 de
478 688 546 730 ipso
560 688 674 722 Sancto
686 689 851 723 Pontifice
862 689 944 723 Asta
956 685 1102 730 synoda·

221 739 289 775 lia.-
313 740 367 772 Ille
382 743 463 770 tanti
474 743 537 771 viri
544 737 641 777 flexus
662 741 839 778 devotione,
866 738 999 780 favente
1020 741 1103 776 syno-

222 792 280 830 do,
303 788 435 820 eumdem
447 812 457 827 ‚
483 790 563 830 quod
571 785 680 831 absque
686 788 740 831 suo
752 786 888 832 consensu
898 790 1003 822 eadem
1012 795 1099 829 pecu-

221 845 275 873 nia
284 838 358 874 data
361 836 461 878 fuerit
470 863 481 878 ,
507 840 696 872 sacramento
707 839 893 881 comprobare
894 839 969 881 fecit
976 863 986 879 ,
1009 837 1103 880 sicque

221 889 267 922 illi
272 895 328 929 per
348 887 434 920 aliud
456 888 571 920 Pedum
595 889 789 923 minilierium
811 888 987 933 Episcopale
1004 888 1102 921 reddi-

219 938 267 971 dit
278 962 285 969 .
298 936 457 972 Notanda
470 938 542 971 sunt
554 938 664 973 verba:
677 942 735 972 Per
745 940 830 972 aliud
839 941 955 973 Pedum
969 964 977 971 .
987 937 1104 973 Osten-

220 984 305 1022 dunt
318 987 409 1024 istius
423 988 604 1031 Episcopi,
615 989 704 1035 quod
716 990 883 1032 promotio
898 990 1014 1023 vitiosa
1027 988 1104 1022 fuis-

219 1038 266 1071 set
278 1048 315 1071 ac
326 1038 439 1077 irrita,
467 1037 641 1072 ceffionem
661 1040 754 1074 fuisse
777 1050 880 1074 ratam
902 1052 939 1074 ac
971 1038 1104 1073 necessa-

218 1087 302 1122 riam
322 1111 328 1119 .
350 1087 398 1122 At
417 1088 483 1131 ejus
505 1087 730 1129 humilitatem
756 1090 921 1124 miseratus
948 1088 1103 1123 Pontifex

218 1135 326 1181 ipsum
336 1138 476 1182 gratiose
489 1138 628 1173 restituit
640 1164 649 1179 ‚
660 1151 697 1173 ac
710 1151 764 1184 per
778 1140 867 1174 aliud
881 1140 1009 1174 Pedum
1021 1139 1104 1173 rein-

220 1188 374 1221 vestivit.
401 1189 451 1222 Ita
465 1189 574 1222 nescio
587 1189 641 1223 cui
652 1200 706 1232 per
729 1201 898 1232 parentum
917 1190 1103 1224 Simoniam

220 1246 374 1279 promoto
395 1249 494 1282 puero
518 1263 528 1279 ,
554 1240 610 1282 qui
633 1239 673 1272 ad
694 1239 898 1274 discretionis
918 1250 1024 1273 annos
1040 1250 1106 1282 per·

220 1287 336 1321 duetus
344 1287 553 1325 Praebendam
566 1289 764 1324 renuntiarat
774 1312 784 1328 ‚
810 1290 845 1323 ὃς
857 1290 966 1333 postea
980 1300 1034 1332 per
1047 1301 1108 1322 no·

220 1348 294 1371 vam
318 1337 533 1372 collationem
561 1336 671 1372 denuo
704 1350 870 1382 acceperat
893 1365 904 1381 ,
939 1339 1106 1383 respondit

220 1386 307 1431 apud
330 1388 528 1432 Gregorium
554 1399 679 1422 nonum
700 1386 856 1431 Clemens
880 1390 990 1423 tertius
1014 1401 1021 1420 ε
1058 1393 1106 1421 In-

222 1438 376 1479 dulgentia
401 1461 413 1477 ,
442 1450 534 1480 quam
545 1438 665 1479 fratres
683 1444 727 1471 tui
753 1438 917 1472 Canonici
940 1438 996 1471 tibi
1010 1437 1105 1481 fecisse

223 1485 398 1530 noscuntur,
424 1495 576 1520 contentus
589 1487 695 1527 existas
708 1511 718 1527 ,
731 1494 845 1521 ratione
851 1495 961 1529 primae
971 1494 1103 1530 receptio-

222 1542 271 1570 nis
296 1535 376 1568 nibil
399 1537 510 1570 audeas
536 1542 568 1569 in
595 1535 660 1580 ipsa
685 1537 810 1578 Ecclesia
836 1540 1006 1572 vindicare·
1039 1538 1106 1572 Pri-

223 1596 311 1620 mam
322 1587 543 1630 receptionem
566 1587 618 1620 seu
638 1587 832 1622 electionem
851 1587 992 1623 declarat
1013 1588 1106 1622 fuiffe

223 1635 347 1669 irritam
359 1660 370 1676 ‚
398 1636 558 1681 istumque
568 1638 615 1670 uti
627 1637 783 1671 ultimum
796 1639 1005 1673 Canonicum
1014 1638 1105 1681 jubet

221 1684 342 1720 ultimo
361 1685 482 1730 ubique
503 1687 578 1721 loco
601 1688 663 1721 effe
697 1698 894 1726 contentum
913 1716 921 1723 .
964 1687 1106 1723 Proinde

221 1734 473 1777 talisSimonia‚
499 1737 575 1771 licet
588 1737 768 1782 ignorantis
779 1739 1014 1774 conscientiam
1037 1750 1104 1772 non

221 1786 366 1821 maculet
390 1811 402 1827 ‚
439 1786 506 1830 ejus
529 1797 638 1821 tamen
660 1789 808 1830 adnullat
829 1790 1075 1833 promotionem
1099 1803 1106 1823 ;

221 1835 277 1871 sed.
298 1846 368 1871 non
381 1837 459 1871 facit
481 1837 706 1883 irregularem,
733 1851 775 1873 ne
799 1840 930 1883 quidem
955 1840 995 1873 ad
1021 1839 1107 1873 istud

222 1885 331 1929 ipsum
349 1885 543 1926 beneficium
563 1911 571 1919 .
599 1889 688 1923 Dico
709 1913 720 1930 ‚
746 1894 919 1933 Ignorantis
935 1904 945 1923 :
972 1890 1106 1924 Etenim

221 1936 396 1969 conscium
416 1937 480 1971 esse
501 1937 597 1981 plene
618 1939 867 1982 Simoniacum,
894 1941 929 1974 ὃς
950 1940 1106 1974 omnibus

222 1983 335 2028 subjici
347 1984 573 2022 Canonumac
585 1987 695 2034 legum
720 1991 844 2034 poenis,
870 1990 958 2024 lucet
982 1989 1105 2032 ibidem

196 2048 202 2055 ·
222 2045 264 2069 ex
276 2035 450 2079 Rescripto
460 2036 557 2072 Lucii
569 2039 660 2078 tertii
679 2064 686 2071 .

272 2086 355 2120 Duo
366 2087 562 2127 sunteasus,
588 2088 620 2121 in
634 2088 824 2132 quibusista
836 2090 985 2124 Simonia
1010 2090 1102 2135 igno·
1150 2108 1152 2110 v

186 2168 194 2175 ‚
222 2135 386 2170 rantinon
398 2147 514 2171 nocet.
542 2137 688 2172 Primum
699 2139 800 2173 edicit
831 2140 1020 2175 Caelestinus
1043 2150 1103 2174 ter-

221 2186 304 2219 tius:
325 2184 542 2228 Respondemus
556 2212 567 2229 ,
579 2190 657 2230 quod
664 2188 721 2231 nisi
725 2189 863 2229 constaret
874 2191 940 2224 illos
952 2215 962 2230 ,
981 2196 1030 2233 qui
1036 2197 1106 2231 pro·

214 2235 335 2277 missum
345 2238 405 2270 tale
409 2237 546 2281 fecerunt
557 2263 567 2278 ,
590 2246 644 2280 per
648 2238 796 2281 fraudem
805 2245 838 2274 in
853 2239 1042 2283 dispendium
1070 2239 1104 2271 il-

226 2283 283 2315 lius
294 2307 305 2323 2
328 2291 379 2325 qui
391 2288 539 2329 eligendus
554 2300 640 2329 erat,
666 2291 700 2322 id
708 2291 962 2333 malitiosefeciffie
972 2314 983 2330 ,
1004 2301 1104 2332 quam-

226 2338 276 2364 vis
288 2332 349 2375 ipse
354 2336 540 2375 promiffionis
551 2337 676 2380 conscius
690 2351 748 2372 non
767 2339 868 2380 fuerit
880 2365 891 2380 ,
917 2342 984 2381 ejus
1005 2348 1105 2373 tamen

225 2381 344 2422 eladio,
369 2392 514 2426 tanquam
536 2388 699 2421 simoniaca
717 2394 877 2429 pravitate
895 2388 1084 2433 praesumpta
1097 2413 1108 2430 ,

224 2430 262 2470 est
277 2433 397 2473 penitus
419 2435 606 2477 reprobanda
628 2461 635 2469 .
661 2437 753 2472 Dicit
775 2439 978 2480 simoniam,
1008 2452 1107 2485 quam

224 2481 491 2524 quisinimicoin
505 2485 606 2519 alium
632 2487 745 2521 animo
769 2488 882 2524 dolose
902 2486 1108 2532 committit,

223 2541 292 2566 non
305 2543 424 2567 nocere
436 2556 444 2566 .
471 2534 515 2569 Et
527 2534 643 2570 merito
660 2550 671 2570 .·
698 2538 839 2581 Alioquin
849 2564 860 2580 ,
883 2540 992 2584 inquit
1003 2540 1039 2574 in
1054 2533 1108 2575 lit÷

223 2581 300 2616 teris
311 2582 352 2616 ad
366 2582 529 2619 Abbatem
542 2585 812 2623 Gemblacensem
823 2589 1037 2625 Innocentius
1048 2599 1109 2625 ter-

225 2631 290 2665 tius
304 2657 314 2672 ,
340 2639 530 2677 contingeret,
546 2638 627 2679 quod
634 2637 760 2680 alicujus
764 2638 885 2680 fadum
896 2665 906 2681 ,
917 2639 1041 2682 infidias
1054 2646 1109 2679 in}-

229 2685 297 2712 mico
305 2690 468 2723 parantis,
490 2692 518 2719 ei
542 2686 717 2731 damnosum
740 2688 895 2730 exsseret,
922 2697 969 2725 cui
986 2692 1109 2733 penitus

229 2727 389 2771 displiceret
402 2758 413 2774 ,
438 2735 516 2777 &fic
536 2738 645 2780 aliquis
667 2740 702 2771 de
716 2739 834 2781 fraude
849 2739 908 2783 sua
930 2742 1110 2775 commodum

228 2786 408 2818 “portaret-
433 2785 591 2828 Iniquitas
603 2789 705 2831 posset
724 2791 872 2832 quemvis
885 2791 1090 2836 supplantare
1103 2816 1110 2823 .

229 2825 395 2882 lJbbatem
406 2831 666 2871 Gemblacensem
696 2839 918 2875 &Coloniensi
940 2842 1110 2886 Metropo-

228 2877 309 2918 hta,
335 2880 424 2921 quod
438 2881 617 2922 Leodienfis
629 2889 825 2934 suffraganea.
848 2891 991 2925 Ecclesia
1017 2904 1111 2926 vaca·

229 2936 278 2961 ret
296 2950 307 2966 2
333 2929 562 2968 confirmatum
583 2948 620 2971 ac
642 2939 772 2977 missum
794 2941 831 2977 in
861 2941 1087 2985 poffeffionem
1100 2967 1110 2983 ‚

229 2978 537 3036 novus-Leodienfis
560 2983 736 3032 Episcopus
757 2991 991 3039 extorquendae
1018 3003 1110 3036 pecu-

231 3038 417 3085 maeammo
430 3031 622 3074 lflfest²b²t›
649 3038 863 3080 postulansad
887 3053 1006 3077 novam
1033 3055 1111 3077 con-

231 3075 452 3133 firmationem
476 3105 486 3120 ,
507 3081 646 3126 ideoque
667 3085 766 3122 dinus
801 3090 913 3125 Abbas
931 3117 943 3133 ‚
978 3103 1020 3126 ne
1044 3093 1110 3127 ulla

233 3125 286 3159 isti
306 3127 474 3164 offerretur
495 3135 634 3175 pecunia
662 3159 673 3175 ‚
706 3139 827 3173 cunstis
848 3142 910 3175 suis
931 3141 1111 3177 Monachis

232 3173 291 3232 sul?
310 3177 515 3217 anathemate
546 3182 756 3220 interdixerat
774 3211 783 3218 .
821 3188 947 3225 Eorum
978 3193 1111 3227 interim

232 3225 368 3266 quidam
389 3252 399 3268 ,
426 3228 467 3263 ab
494 3231 653 3277 Episcopi
680 3234 804 3277 injuriis
831 3238 944 3274 volens
969 3243 1113 3284 quietare

232 3275 473 3332 Monasterium
493 3303 505 3320 ,
541 3283 732 3320 inconsulto
755 3285 886 3321 Abbate
906 3286 996 3324 dedit
1020 3302 1112 3335 pecu-

233 3337 306 3360 nias
327 3352 334 3359 .
378 3328 421 3362 Et
449 3327 504 3363 hic
526 3332 573 3367 est
600 3333 759 3371 secundus
785 3337 893 3373 noster
919 3340 1010 3373 casus
1029 3365 1041 3382 ,
1071 3340 1112 3376 de

231 3386 301 3420 quo
324 3376 365 3412 ad
390 3377 559 3416 laudatum
582 3381 748 3421 Abbatem
768 3386 889 3431 scripfit
901 3387 1112 3426 Innocentius

1920 160 1974 204 55

1163 234 1219 267 Ill.
1247 231 1569 278 ,Quamviss‘ecundum
1578 231 1730 275 sacrorum
1742 240 1898 268 canonum
1909 232 2042 272 instituta
2063 235 2092 264 L.
2120 243 2143 270 5.
2163 244 2188 265 c.

1162 291 1253 316 etiam
1270 288 1400 325 parvuli
1422 309 1433 324 ,
1458 289 1509 326 qut
1531 286 1696 325 cupiditate
1714 292 1875 325 parentum
1900 286 1929 324 Ε
1933 283 2043 325 cclesias
2064 282 2077 309 3
2084 282 2109 310 3·

1158 342 1209 375 per
1215 340 1372 375 pecuniam
1378 334 1452 376 sunt
1463 335 1590 376 adepti,
1616 346 1670 367 eas
1682 334 1830 366 dimittere
1860 342 2021 375 teneantur
2034 358 2046 375 ,

1162 389 1233 426 quia
1247 393 1346 415 tamen
1356 386 1382 416 lo
1387 384 1439 426 nge
1446 382 1552 427 divers
1548 396 1596 417 um
1607 383 1644 425 est
1658 395 1716 424 ‘non
1722 383 1859 425 praebere
1867 381 2047 427 consensum,

1162 431 1344 475 &expresse
1356 436 1474 476 aliquid
1491 434 1668 475 prohibere,
1694 434 1795 467 taliter
1819 434 1962 466 duximus
1988 433 2049 477 res-

1159 484 1351 525 pondendum
1373 508 1383 524 ‚
1409 490 1547 526 quoniam
1572 496 1609 517 ex
1622 496 1674 525 ea,
1701 484 1779 527 quod
1799 492 1902 517 contra
1918 483 2050 525 prohibt·

1163 539 1271 566 tionem
1287 534 1516 566 &voluntatem
1538 543 1622 565 tuam
1635 559 1644 574 ‚
1671 537 1691 567 ὰ
1714 546 1774 577 qua
1791 532 1973 576 postmodum
1996 539 2051 566 mi-

1163 586 1241 616 nime*
1252 582 1396 622 receffisti,
1423 585 1534 624 aliquis
1557 592 1586 615 te
1602 590 1727 623 penitus
1751 580 1902 628 ignoiante
1921 582 2051 625 promiſsi·

1161 634 1505 675 pecuniam&ex0lvit‚
1526 631 1699 675 praesertim
1708 645 1773 666 cum
1795 640 1821 666 is
1843 635 1923 667 nulla
1942 633 1997 667 tibi
2013 631 2054 674 fit

1163 682 1416 726 consanguinitate
1437 682 1606 723 conjunetus
1630 706 1642 722 ,
1668 682 1745 714 nihil
1764 684 1820 714 tibi
1844 684 1929 717 debet
1941 685 2053 726 adpoe·

1166 746 1237 766 nam
1261 733 1314 766 vel
1334 734 1451 774 culpam
1466 738 1630 775 imputari,
1659 731 1715 773 nisi
1736 732 1834 774 postet}
1856 732 2054 777 consenseris,

1162 790 1322 825 pecuniam
1338 781 1482 825 fhlvendo
1499 783 1670 825 promissam
1691 806 1702 822 ‚
1728 791 1783 814 aut
1809 783 1960 815 reddendo
1977 782 2056 826 solu·

1167 843 1231 866 tam
1241 857 1249 864 .
1279 832 1392 866 Abbas
1405 833 1463 866 iste
1474 834 1538 866 fuit
1551 832 1748 873 Guilielmus
1762 832 1887 875 primus
1901 855 1911 871 ,
1939 834 1986 865 vir
1999 843 2054 874 per

1166 883 1280 916 omnia
1291 882 1452 923 eximius,
1478 883 1512 917 &
1525 883 1677 918 Coloniae
1689 881 1804 916 Praesnl
1829 891 1898 916 erat
1919 883 2054 916 Sanetus

1168 934 1300 976 Mat-tyr
1313 933 1549 977 Engelbertus.
1576 934 1655 967 Tua
1669 932 1768 977 igitur
1787 932 1865 967 seria
1888 931 2052 966 contradi-

1167 983 1229 1017 ctio
1241 983 1318 1017 facit
1330 983 1391 1017 tibi
1401 984 1541 1018 alienam
1553 1009 1564 1025 ‚
1586 984 1685 1018 etiam
1699 983 1821 1023 amici,
1847 994 1918 1017 non
1938 992 2057 1017 nocere

1169 1033 1356 1067 simoniam.
1810 1030 1813 1033 ’

1219 1084 1263 1118 Et
1286 1082 1354 1118 haec
1374 1084 1510 1127 quidem
1531 1085 1573 1120 de
1595 1084 1826 1119 Ecclefiasticis
1853 1082 2022 1119 benefieiis
2045 1109 2055 1120 .

1172 1134 1295 1169 Eadem
1316 1134 1362 1169 est
1385 1137 1470 1170 ratio
1490 1136 1662 1170 Sacrorum
1686 1135 1855 1170 Ordinum
1876 1160 1883 1167 .
1922 1134 2061 1168 Etenim

1172 1196 1226 1219 eos
1252 1209 1262 1225 ‚
1290 1197 1373 1228 quos
1397 1197 1453 1230 per
1486 1187 1693 1221 commissam
1716 1185 1757 1219 ab
1781 1185 1854 1219 aliis
1876 1184 2062 1218 Simoniam

1171 1236 1349 1279 contigerit
1364 1236 1553 1280 ignorantes
1563 1235 1708 1271 ordinari
1720 1260 1732 1277 ‚
1744 1247 1813 1270 non
1827 1235 1891 1269 effe
1901 1234 2064 1269 Simonia-

1171 1296 1227 1318 cos
1237 1310 1247 1325 ‚
1273 1285 1415 1329 ideoque
1425 1286 1461 1320 in
1471 1297 1605 1330 accepto
1617 1287 1734 1322 ordine
1747 1287 1836 1330 posse
1851 1296 1906 1329 per
1930 1284 2065 1329 Episco-

1173 1334 1253 1378 palis
1264 1334 1514 1379 dispensationis
1534 1338 1675 1382 gratiam
1694 1347 1883 1380 permanere
1906 1347 1944 1369 ac
1968 1335 2066 1370 mini·
2083 1350 2163 1387 Cap,
2194 1358 2244 1380 μ,

1172 1384 1270 1418 strare
1282 1385 1448 1429 respondit
1457 1387 1544 1431 apud
1565 1387 1764 1431 Gregorium
1786 1395 1916 1419 nonum
1942 1385 2066 1420 Lucius

1173 1435 1302 1468 tertIus.
1328 1436 1431 1482 Qod
1444 1436 1688 1478 dispensatione
1701 1446 1820 1479 egeant
1830 1460 1840 1475 ,
1853 1436 1941 1469 lucet
1954 1437 1988 1468 in
2003 1438 2066 1470 De.

1172 1485 1250 1518 creti
1265 1483 1452 1528 Epigraphe
1464 1496 1470 1515 :
1486 1490 1562 1517 Cum
1573 1487 1735 1518 simoniace
1747 1486 1883 1517 ordinato
1894 1509 1904 1524 ,
1916 1486 1970 1526 qui
1978 1488 1997 1517 5
1999 1491 2070 1518 imo-

1172 1541 1274 1574 niqcus
1285 1544 1342 1565 non
1354 1533 1393 1573 est
1408 1558 1419 1574 ,
1445 1533 1613 1578 dispensari
1618 1535 1727 1576 potest.
1759 1533 1891 1577 Utique
1904 1546 1957 1577 per
1977 1536 2070 1579 Epis-

1172 1594 1312 1626 copum.
1341 1583 1500 1618 Canones
1510 1586 1599 1619 enim
1613 1611 1623 1626 ‚
1650 1585 1779 1628 quoties
1791 1584 2001 1628 dispensandi
2023 1586 2069 1620 fa.-

1173 1635 1330 1668 cultatem
1343 1633 1472 1668 faciunt
1486 1659 1496 1674 ,
1522 1647 1591 1669 non
1605 1635 1759 1669 Domino
1771 1634 1867 1678 Papae
1877 1660 1888 1675 ‚
1915 1636 1969 1669 cui
1988 1636 2071 1680 ipso-

1173 1695 1244 1718 rum
1258 1684 1449 1719 austeritate
1459 1696 1527 1719 non
1542 1687 1588 1720 est
1617 1697 1699 1729 opus
1715 1710 1726 1725 ‚
1752 1685 1804 1719 sed
1829 1687 2003 1731 Episcopis
2023 1688 2069 1721 fa·

1173 1736 1286 1768 ciunt.
1315 1733 1448 1769 Ethinc
1459 1736 1888 1779 perpatentumSimoniam
1915 1737 2071 1781 ignoran-

1177 1795 1224 1818 ter
1253 1786 1458 1820 consecratus
1483 1786 1617 1821 Sandius
1637 1787 1842 1822 Dominicus
1863 1786 2037 1822 Loricatus
2060 1812 2073 1828 ,

1175 1846 1344 1878 nunquam
1354 1835 1537 1870 ministrare
1549 1836 1656 1871 voluit
1678 1863 1684 1868 .
1700 1838 1751 1870 Ex
1763 1849 1830 1879 quo
1855 1837 1945 1871 vides
1959 1838 2071 1872 Cano-

1176 1896 1249 1919 nem
1261 1884 1351 1920 hunc
1368 1897 1437 1920 non
1449 1887 1513 1921 effe
1525 1887 1623 1922 Lucii
1636 1888 1721 1921 tertii
1735 1910 1746 1926 ,
1769 1887 1823 1922 sed
1834 1887 1974 1921 omnino
1986 1888 2073 1922 anti-

1175 1946 1276 1979 quum
1299 1961 1305 1967 .
1332 1936 1481 1971 Hircinae
1504 1938 1598 1981 pellis
1622 1937 1709 1972 aluta
1732 1946 1799 1971 erat
1820 1948 1869 1971 res
1890 1936 2071 1973 admodum

1175 1985 1305 2019 modica
1317 2011 1324 2017 .
1353 1986 1491 2021 Evincit
1501 1988 1686 2023 simoniam
1699 1988 1717 2022 ὲ
1726 1999 1823 2033 parva
1837 1989 1974 2024 materia
2001 2001 2072 2024 non

1175 2035 1245 2076 fieri
1257 2046 1387 2079 parvam
1400 2061 1407 2068 .

1383 2359 1737 2409 CAPUT
1808 2364 1863 2409 V.

1274 2525 1494 2591 Exponitur
1528 2527 1628 2591 origo
1677 2529 1871 2586 Simoniae,
1920 2545 1965 2572 ac

1524 2593 1695 2661 decursus
1705 2632 1717 2643 .

1176 2739 1369 2826 Slmoniae
1381 2742 1509 2777 facinus
1521 2744 1584 2779 effe
1594 2745 1730 2779 Simone
1743 2745 1849 2791 Mago
1863 2742 1964 2788 longe
1985 2741 2067 2777 anti-

1259 2792 1378 2835 quius,
1404 2792 1501 2828 docet
1511 2796 1665 2837 profanus
1676 2796 1771 2830 Giezi
1788 2821 1798 2837 ,
1823 2796 1863 2829 de
1889 2794 2007 2837 quibus
2028 2793 2064 2826 in

1174 2840 1290 2876 litteris
1311 2842 1354 2876 ad
1377 2842 1500 2878 Sanetae
1518 2844 1680 2880 Romanae
1704 2846 1851 2881 Ecclefiae
1871 2843 2063 2879 Cardinales
2083 2840 2146 2890 {ib-
2169 2852 2199 2878 to

1172 2892 1306 2926 Sanctus
1316 2891 1429 2933 Petrus
1440 2894 1620 2933 Damiani.
1648 2899 1898 2930 Duosimoniacae
1919 2891 2062 2936 haeresbos
2082 2883 2132 2921 ιΖΡ·
2154 2896 2181 2914 ²·

1172 2947 1361 2984 reperiuntur
1372 2944 1504 2981 auderes
1515 2971 1527 2986 ,
1550 2957 1629 2985 unus
1643 2952 1675 2980 in
1687 2953 1782 2981 veteri
1794 2946 1970 2985 Testamenta
1979 2967 1990 2984 ,
2017 2944 2062 2977 al-

1172 3001 1218 3026 ter
1231 2999 1264 3026 in
1274 3005 1350 3027 novo
1360 3018 1372 3034 ,
1398 3000 1449 3037 qui
1460 3002 1552 3029 etiam
1564 2998 1622 3030 duo
1629 3000 1856 3031 simoniacorum
1861 3006 1972 3038 genera
1990 3001 2061 3034 per-

1166 3042 1308 3084 fecerunt
1322 3068 1333 3084 ‚
1358 3046 1553 3079 vendentium
1571 3046 1684 3089 scilieet
1705 3047 1740 3078 &
1764 3051 1923 3078 ementium
1937 3068 1944 3076 .
1973 3046 2063 3077 Giezi

1170 3091 1310 3135 liquidem
1320 3096 1429 3127 donum
1443 3096 1545 3128 Sant‘li
1555 3098 1683 3137 spiritus
1695 3096 1837 3128 vendidit
1845 3119 1857 3135 ‚
1883 3096 1982 3128 simon
1994 3097 2061 3126 Ma·

1169 3154 1228 3185 gus
1239 3151 1571 3184 compararetentavit.
1600 3144 1866 3191 Qodipsumin
1890 3144 1958 3179 vita
1983 3145 2061 3178 San-

1174 3193 1215 3226 cti
1228 3192 1414 3227 Hilarionis
1423 3192 1521 3228 tradit
1531 3195 1668 3228 Sanetus
1688 3195 1920 3238 Hieronymus
1931 3220 1938 3228 .
1969 3194 2060 3229 Ven-

1175 3243 1326 3276 dentium
1357 3244 1520 3283 austorem
1554 3243 1686 3288 quidam
1719 3254 1851 3287 ponunt
1884 3246 2060 3289 profanum

1177 3293 1283 3330 Esau,
1308 3302 1420 3334 utpote
1444 3293 1499 3336 qui
1520 3292 1739 3339 primogeniti
1759 3295 1851 3339 jura,
1877 3296 1963 3329 inter
1988 3303 2060 3338 quae

1176 3351 1243 3377 erat
1263 3342 1296 3375 &
1320 3341 1541 3378 Sacerdotium
1560 3367 1571 3383 ‚
1608 3355 1666 3388 pro
1701 3345 1759 3379 vili
1784 3346 1872 3381 lente
1893 3343 2056 3380 distraxit-

1178 3393 1269 3426 Hinc
1279 3391 1367 3426 enim
1379 3391 1518 3430 habebat
1529 3393 1622 3429 domi
1646 3395 1798 3440 reposttas
1813 3420 1824 3437 ,
1850 3407 1930 3439 quas
1954 3401 2057 3474 mater

1910 3444 1984 3487 Jaco
