2352 3736
58 634 156 668 Late·
169 642 212 670 57-

49 1136 102 1170 tr·
112 1142 138 1165 ι·
146 1142 205 1169 <2³4-

43 1780 119 1816 C2P.
132 1789 160 1811 a.

43 2460 102 2495 ΙΛ-
112 2458 203 2491 tit-16

44 2508 135 2536 capa.

52 2992 122 3027 Lege
139 3001 185 3021 ιι.

50 3033 205 3069 Cap.7.15.

53 3217 124 3253 Lege
143 3217 187 3251 172·

619 178 1031 233 'REM-ense

230 268 322 307 libris
344 269 431 304 idem
453 269 678 316 Augustinus,
710 270 862 314 professus
892 267 1100 312 quaestionem

233 318 318 356 hanc
338 320 401 355 effe
411 321 641 359 difficillimam
654 345 665 361 ,
701 320 885 367 addensque
906 317 949 351 de
969 316 1038 361 ejus
1048 326 1101 359 per

232 370 367 415 scriptos
378 369 419 406 de
429 371 622 407 adulterinis
632 369 794 415 conjugiis
805 366 903 401 libros
916 366 1079 402 solutione
1092 378 1102 398 :

231 425 324 467 v,Quod
333 432 431 457 utrum
450 423 643 464 enodatiffime
656 419 778 463 fecerim
790 438 804 458 ,
828 415 941 459 nesi-105
966 421 1023 448 imo
1035 418 1104 450 verb

232 482 292 508 non
300 486 346 509 me
352 473 517 518 pervemffe
526 473 570 507 ad
587 472 677 512 hujus
696 474 739 503 rei
756 467 967 510 perfidionem
982 465 1080 509 sentio
1093 490 1104 506 ‚

232 530 374 568 quamvis
390 525 496 559 multos
502 521 584 567 finus
596 522 662 563 ejus
672 523 840 560 aperuerim
852 541 862 556 ‚
889 517 971 559 quod
967 517 1106 557 judicare

227 581 336 621 poterit
349 573 482 620 quisquis
494 571 690 616 intelligenter
701 568 788 612 legit.
816 567 910 601 Hinc
922 567 957 600 ἀ
983 567 1049 611 ipse
1071 566 1105 600 &

231 624 360 663 laudata
372 619 632 667 Carthaginiensis
640 618 794 665 synodus
801 618 993 651 censuerunt
1013 626 1105 653 tanto

220 677 347 712 :mimz
368 669 511 720 periculo
543 668 671 702 nullum
708 678 804 711 caput
835 665 1083 704 immittendum
1095 690 1106 706 ,

230 727 310 760 item
324 724 448 760 nullum
458 717 648 755 Christiana
673 718 878 763 simplicitate
901 716 965 760 jam
987 716 1107 752 immis-

229 775 382 810 sumlicet
394 770 475 805 solvi
488 768 595 810 nolit,
621 768 717 805 facile
738 766 985 803 damnandum.
1012 766 1107 800 Miti-

228 833 346 870 garunt
371 845 382 862 ‚
420 820 576 856 damnare
609 829 718 853 tamen
745 829 813 852 non
847 817 1105 861 presumpserunt

227 881 380 919 magnam
393 895 406 912 ‚
443 869 497 904 cui
519 868 683 906 Africanae
708 867 856 906 Ecclefiae
877 865 1104 903 Primates'ad·

225 926 375 963 fuerant,
401 920 576 964 Synodum
597 918 837 956 Areiatensem.
865 916 989 952 Eadem
1009 916 1108 950 licen·

225 973 270 1008 tia
283 972 368 1008 adeo
381 973 516 1018 grassata
527 970 590 1004 fuit
603 979 659 1013 per
669 966 859 1005 Gallicanas
876 967 1035 1002 Ecclefias
1047 991 1057 1007 ,
1068 975 1106 1001 ut

224 1032 298 1057 earn
309 1023 464 1058 damnare
487 1027 557 1054 nou
581 1019 812 1063 praesumpserit
825 1042 836 1058 ‚
861 1017 916 1051 sed
937 1016 1105 1062 Apostoli-

223 1084 296 1107 cam
307 1073 424 1108 Sedem
433 1070 667 1108 consulendam
679 1067 809 1105 duxerit
821 1068 954 1104 Sanetus
979 1067 1106 1111 Exupe-

222 1123 290 1160 rius
312 1124 494 1167 Episcopus
516 1118 732 1156 Tholosanus
745 1143 752 1150 .
781 1119 824 1153 Et
847 1118 923 1151 licet
944 1116 1105 1153 Innocen-

223 1175 288 1207 tius
302 1174 425 1217 primus
436 1171 595 1208 Pontifex
606 1167 806 1216 responderit
827 1167 928 1211 ipsam
949 1167 1103 1202 adversari

223 1223 431 1268 Evangelio,
442 1221 526 1257 adeo
538 1227 649 1254 tamen
660 1218 842 1252 Galliarum
853 1217 1024 1261 Episcopis
1039 1228 1104 1252 non

222 1274 347 1318 placuit
355 1273 425 1316 ejus
434 1271 593 1305 sententia
607 1293 617 1309 ,
643 1280 679 1303 ut
690 1268 859 1303 statuerint
883 1268 919 1301 in
942 1267 1103 1303 Venetica

222 1325 361 1369 synod„
372 1338 383 1359 ,τ
409 1324 472 1354 Eos
484 1345 495 1362 ,
521 1325 575 1363 qui
587 1319 698 1352 rellc‘lt‘s
710 1318 851 1353 uxoribus
871 1316 936 1360 suis
947 1341 958 1359 a
976 1316 1051 1361 ficut
1071 1323 1105 1349 in

224 1376 396 1418 Evangelio
412 1373 536 1410 dicitur,
567 1378 689 1412 excepta
698 1367 788 1411 causa
788 1367 1019 1413 fhrnicarioms,
1041 1365 1104 1408 fine

222 1426 367 1460 adulterit
372 1421 547 1467 probatione
559 1421 636 1453 altas
647 1420 790 1454 duxerint
800 1442 810 1457 ,
821 1417 979 1460 statuimus
990 1418 1011 1449 ἃ
1021 1419 1104 1449 Com-

221 1479 358 1509 muntone,
369 1471 511 1508 arcendo-t
521 1493 532 1510 ,
547 1480 584 1502 ne
591 1476 647 1511 per
660 1469 881 1512 indulgentiam
893 1466 1018 1507 nostram
1026 1473 1104 1507 pra·

220 1525 481 1568 termiffapeccaeta
490 1521 567 1553 altos
586 1520 631 1551 ad
647 1519 800 1553 licentiam
820 1521 925 1549 erroris
948 1521 1082 1548 invitent
1095 1539 1102 1548 .

220 1574 377 1609 Uxorem
388 1571 541 1612 deinceps
556 1579 625 1604 non
635 1578 677 1601 ex
689 1567 804 1610 quavis
816 1590 827 1606 ,
852 1574 910 1599 aut
931 1565 1017 1599 varia
1039 1575 1103 1599 cer-

220 1622 381 1665 teeausa‚
405 1618 517 1655 sedob
529 1617 634 1653 solum
646 1616 796 1664 legitime
815 1615 987 1659 probatum
1014 1614 1103 1649 adul·
1123 1618 1125 1623 “

215 1669 467 1708 teriumdimitti
481 1693 491 1709 ,
517 1668 657 1703 &aliam
668 1678 748 1702 tunc
760 1666 836 1702 duci
847 1663 954 1699 lucide
975 1665 1103 1708 permit·

216 1733 315 1757 tunt.-
340 1721 375 1755 &
396 1718 618 1763 Evangelium
640 1716 696 1752 fibi
727 1715 924 1760 patrocinari
960 1714 1103 1749 omnino

217 1769 425 1807 crediderunt
447 1794 455 1800 .
493 1767 595 1816 Quod
623 1766 730 1809 ipsum
765 1776 880 1799 eorum
915 1764 1104 1798 successores

216 1821 450 1856 confirmarunt
462 1818 496 1852 in
521 1815 658 1860 Synodo
682 1813 881 1859 Agathenfi.
908 1813 1102 1848 Romanum

217 1872 396 1916 Imperium
408 1866 609 1912 cespitabat,
634 1865 743 1899 &labi
768 1874 849 1898 tunc
870 1861 1044 1906 incipiebat
1067 1863 1100 1896 in

217 1919 350 1960 Gallia,
373 1918 514 1963 ideoque
540 1915 709 1951 adversum
731 1914 799 1957 ejus
823 1914 911 1957 leges
940 1914 984 1948 ita
1003 1912 1102 1947 libere

215 1969 412 2004 definierunt
423 1965 577 2010 Episcopi
594 1965 783 1999 Gallicani:
810 1962 1025 1998 Definierunt
1049 1962 1103 1996 ad-

215 2020 342 2055 versum
352 2015 567 2052 Constantini
578 2039 589 2055 ,
617 2012 775 2054 Arcadii,
790 2022 888 2056 atque
898 2011 1045 2045 Honorii
1062 2012 1103 2044 le-

215 2080 294 2114 geS,
322 2069 496 2110 datamque
515 2064 557 2100 ab
579 2064 646 2099 illis
667 2063 804 2098 nimiam
835 2061 1046 2105 repudiorum
1066 2061 1101 2094 ὅ(

217 2130 378 2155 novatum
388 2117 575 2162 nuptiarum
587 2114 757 2151 licentiam
780 2111 1041 2150 circumcidunt,
1066 2110 1100 2144 &

217 2168 259 2202 ad
272 2169 359 2204 fixos
378 2168 419 2202 ab
442 2165 629 2210 Evangelio
648 2164 793 2205 limites,
817 2170 855 2196 ut
880 2161 946 2195 illis
966 2160 1102 2204 quidem

215 2216 399 2257 visumest,
425 2218 628 2251 coarctarunt
645 2240 654 2249 .

266 2267 327 2301 Sui
340 2267 421 2300 item
433 2263 703 2309 Carthaginenfis.
715 2261 866 2297 Canonis
888 2260 1101 2294 confirmatri-

216 2317 407 2362 camlegem
419 2313 591 2349 adedolim
612 2324 682 2348 non
705 2313 917 2355 impetrarunt
943 2309 1100 2344 Afrorum

217 2366 397 2411 Episcopi,
416 2375 457 2399 ‘ut
468 2363 639 2399 adductam
661 2361 875 2397 Constantini
896 2360 1001 2404 legem
1023 2370 1099 2394 con·

217 2417 352 2451 firmarit
362 2413 572 2450 Theodofius
584 2412 700 2456 Junior
711 2411 881 2456 Augustus
894 2434 905 2450 ‚
930 2411 965 2444 δε
978 2411 1035 2444 suo
1046 2419 1100 2443 eo·

217 2467 284 2502 dici
297 2466 485 2500 inseruerit.
514 2463 626 2498 Etiam
658 2462 798 2496 Patruus
828 2460 895 2503 ejus
925 2459 1098 2494 Honorius

217 2526 377 2552 novarum
398 2514 469 2559 post
492 2513 680 2558 legitimum
705 2510 878 2554 repudium
910 2510 1097 2554 nuptiarum

218 2567 387 2601 licentiam
399 2564 584 2599 moderatus
594 2562 728 2606 quidem
740 2561 784 2594 est
796 2560 912 2603 scripta
934 2560 975 2594 ad
994 2559 1098 2594 Palla-

219 2614 658 2650 diumPraetoriiPraefestum
673 2611 765 2655 lege,
791 2619 899 2643 tamen
924 2610 958 2644 ὃς
980 2609 1094 2643 confir-

219 2665 322 2699 mavit
332 2689 340 2696 .
365 2666 454 2699 Data
465 2664 530 2698 suit
542 2664 597 2696 lex
608 2661 757 2696 Eustafio
770 2661 805 2694 δε
819 2660 979 2704 Agricola
1003 2661 1095 2694 Con-

218 2712 343 2749 sulibus
353 2736 365 2752 2
381 2724 472 2749 anno
481 2712 624 2748 Domini
633 2711 927 2755 quadrigentesimo
938 2710 1094 2754 vigesimo

218 2765 326 2808 primo
336 2787 349 2806 ‚f
373 2772 467 2805 atque
478 2763 523 2797 ita
536 2763 627 2798 vides
641 2761 804 2795 Africanae
815 2760 962 2794 Ecclefiae
986 2770 1097 2803 preces

219 2812 307 2847 nihil
337 2811 515 2848 obtinuisse
537 2836 545 2845 .
580 2812 662 2857 Qae
690 2811 806 2846 omnia
828 2811 863 2843 in
890 2809 1022 2845 novella
1052 2810 1092 2844 ad

217 2864 381 2908 Joaunem
415 2861 595 2898 orientalis
626 2860 769 2895 Praetorii
799 2859 987 2895 Praefectum
1020 2860 1093 2905 lege

219 2913 394 2948 confirmat
415 2910 594 2956 Imperator
612 2909 830 2953 lastinianus,
869 2910 977 2944 virum
992 2909 1091 2944 etiam

220 2962 267 2996 ob
290 2961 487 2997 adulterium
511 2958 699 3003 permittens
717 2959 840 2994 dimitti
861 2984 872 3000 ‚
907 2959 1095 3002 addensque

222 3010 332 3047 hostili
352 3010 539 3056 captivitate
570 3019 639 3042 non
659 3007 740 3042 solvi
766 3009 957 3053 conjugium
978 3033 990 3049 ‚
1030 3010 1088 3043 nili

223 3061 292 3106 post
305 3061 449 3103 quinque
459 3070 564 3094 annos
577 3057 817 3093 incertitudinis
826 3059 866 3092 de
877 3059 943 3092 vira
953 3059 986 3092 δε
1006 3059 1090 3094 statu

223 3109 364 3155 captivi.
389 3110 427 3145 ln
438 3110 501 3144 alia
515 3109 555 3145 ad
566 3106 788 3142 Theodotum
809 3107 950 3149 ejusdem
975 3109 1090 3144 Praeto-

221 3161 262 3194 rii
289 3158 477 3195 Praefeetum
495 3160 569 3204 lege
591 3159 714 3193 rursum
736 3156 842 3190 firmat
865 3156 923 3191 ista
955 3158 1090 3199 omnia,

221 3209 361 3244 castrans
371 3218 479 3242 tamen
499 3208 594 3243 bonae
617 3206 726 3252 gratiae
746 3205 912 3240 licentiam
932 3229 943 3245 ,
966 3206 1000 3240 id
1019 3207 1064 3241 est
1079 3231 1091 3249 ,

221 3260 408 3297 facultatem
425 3268 541 3293 mutuo
558 3258 719 3294 consensu
740 3255 888 3293 solvendi
920 3256 1092 3292 Matrimo-

221 3309 289 3344 nii.
326 3309 401 3342 Hac
421 3308 475 3341 via
495 3307 577 3341 solvi
597 3316 704 3346 vetat,
743 3307 799 3340 nifi
823 3305 920 3339 subsit
943 3305 1090 3351 legitima

219 3360 315 3394 causa
328 3383 339 3399 ‚
363 3358 468 3400 qualis
481 3357 526 3390 est
541 3356 693 3390 voluntas
715 3355 855 3391 intrandi
877 3355 1091 3398 Monasterii‚

221 3418 277 3443 aut
294 3409 404 3443 saltem
426 3406 513 3442 caste
544 3406 676 3441 vivendi
700 3431 707 3438 .
744 3407 836 3453 Qas
858 3405 945 3451 leges
965 3406 999 3439 in
1028 3407 1092 3440 suis

219 3458 260 3494 ad
273 3459 423 3502 quintum
436 3458 470 3494 &
481 3455 756 3503 quadragesimum
768 3456 939 3501 septimum
951 3456 1093 3502 Aposto-

1102 184 1660 231 C-ONCILIUM.

1877 199 1966 240 191

1163 264 1281 306 licum,
1307 265 1348 300 ad
1360 265 1635 312 quadragelimum
1659 267 1810 301 octavum
1828 265 1861 302 δε
1883 269 2035 315 octogena

1162 327 1252 349 mum
1265 316 1435 358 septimum
1454 318 1678 357 Trullanum‚
1705 318 1738 351 &
1759 316 1798 350 ad
1823 319 2036 355 centesimum

1160 367 1311 409 quintum
1345 365 1654 411 Carthaginensem,
1673 367 1847 405 Canonern
1873 368 1983 405 laudat
2002 371 2036 405 δε

1163 415 1276 459 probat
1288 414 1488 451 Theodorus
1510 418 1681 454 Balsamon
1695 442 1707 457 ,
1732 417 1773 451 de
1790 417 1879 451 dieto
1901 418 2037 454 Cartha-

1160 466 1307 510 ginenfi,
1343 467 1398 507 qui
1420 466 1465 501 est
1489 468 1581 508 supra
1599 468 1755 502 adductus
1774 467 1921 502 decimus
1944 471 2037 513 septi-

1162 527 1232 550 mus
1244 540 1254 556 ,
1281 515 1462 560 adjungens
1479 528 1486 547 :
1513 519 1593 560 ‚Qua
1604 523 1636 550 in
1647 518 1697 550 hoc
1710 523 1831 551 eamme
1840 524 2037 560 continentur,

1161 578 1223 602 mm
1235 564 1296 607 fint
1319 566 1409 599 multo
1431 571 1601 608 antiquiora
1622 591 1632 606 ‚
1656 570 1844 601 exoleverunt
1858 593 1866 602 .
1890 569 2037 618 Qosvis

1162 616 1344 660 conjugalis
1356 615 1478 650 vinculi
1499 616 1697 650 solutionem
1719 617 1911 653 damnantes
1926 619 2039 654 Cano-

1165 677 1219 702 nes
1241 664 1461 701 schismaticus
1472 664 1561 700 laicae
1582 666 1751 708 potestatis
1770 668 1917 703 adulator
1936 670 2038 714 garrit

1163 716 1277 751 cedere
1296 713 1443 750 adductis
1465 714 1638 759 Ju-stiniani
1670 714 1795 759 legibus
1816 739 1826 754 ‚
1860 720 2037 763 conjugem

1165 766 1273 800 invito
1297 764 1441 808 conjuge
1461 765 1580 801 definit
1601 766 1733 798 tranfire
1754 766 1841 808 poffe
1862 768 1902 800 ad
1915 769 2037 803 statum

1165 814 1409 855 Momsticum,
1435 825 1542 858 eoque
1565 815 1699 849 tranfitu
1721 814 1915 859 conjugium
1936 818 2035 851 solvi.

1163 865 1314 910 Rogatus
1324 865 1406 899 olim
1418 888 1429 904 ‚
1455 867 1486 898 51·
1506 866 1630 907 aliqu‘us
1642 876 1715 898 uxor
1733 863 1844 908 spiritu
1865 872 2038 908 corripitur,

1164 925 1198 948 ut
1202 914 1317 958 ferreos
1330 921 1420 949 etiam
1430 917 1581 957 compedes
1593 917 1626 949 (θ’
1638 921 1771 950 manicas
1777 914 1869 959 gestet
1879 941 1889 957 ‚
1908 922 1966 962 *vir
1986 928 2039 949 au-

1163 976 1223 1000 tem
1247 967 1350 1006 dicat,
1376 969 1449 998 Non
1469 966 1579 1008 poffum
1597 971 1760 1007 continere,
1787 967 1822 999 (δ’
1842 966 1933 999 vellet
1943 968 2039 999 altam

1165 1021 1290 1058 accipere
1303 1041 1315 1058 ‚
1341 1015 1484 1050 debeatne
1495 1017 1587 1051 aliam
1598 1022 1746 1059 accipere,
1773 1027 1814 1049 an
1825 1018 1909 1049 non?
1938 1017 2038 1050 Hanc

1165 1066 1301 1110 inquam
1320 1090 1332 1107 ,
1370 1066 1583 1110 quaestionem
1618 1077 1751 1111 rogatus
1773 1068 1905 1101 Sanetus
1919 1066 2039 1100 Timo-

1131 1125 1136 1131 ·
1165 1114 1257 1150 theus
1268 1115 1452 1151 patriarcha
1465 1116 1713 1151 Alexandrinus
1724 1116 1906 1162 respondit:
1935 1121 1972 1150 In
1982 1116 2039 1149 bac

1163 1178 1194 1199 re
1205 1167 1322 1208 quidem
1342 1167 1526 1202 adulterium
1552 1170 1730 1207 intercedit,
1755 1177 1807 1200 nec
1826 1171 1944 1200 invenio
1963 1167 2040 1209 quid

1165 1219 1200 1250 de
1211 1228 1246 1252 ea.
1256 1215 1442 1259 respondeam
1456 1241 1463 1251 .
1485 1217 1588 1263 Qod
1600 1217 1786 1259 responsum
1797 1224 2040 1251 commentatur

1164 1267 1264 1302 etiam
1285 1266 1480 1302 Teodorusz,
1508 1265 1657 1309 Responsio
1675 1265 1710 1309 se
1731 1266 1811 1299 nihil
1824 1266 1900 1309 poffi·
1919 1267 2015 1299 dicere
2029 1290 2040 1305 ‚

1163 1316 1200 1356 est
1222 1322 1301 1350 enim
1326 1316 1526 1356 adulterium,
1545 1315 1576 1358 fi
1594 1316 1740 1357 constante
1772 1322 1960 1349 matrimonio
1988 1321 2041 1349 vir

1166 1368 1261 1399 aliam
1282 1368 1433 1401 mulierem
1453 1368 1542 1401 ducar
1556 1390 1563 1396 -
1588 1370 1642 1399 Ex
1668 1366 1785 1401 novella
1805 1375 1903 1398 autem
1921 1369 2041 1397 Domini

1166 1418 1274 1449 Leonts
1287 1414 1454 1458 Philosophi
1465 1421 1572 1448 marito
1582 1417 1733 1458 concessum
1745 1415 1782 1456 est
1799 1416 1925 1448 mulieris
1936 1439 1946 1455 ‚
1972 1425 2041 1458 quae

1161 1474 1305 1509 perpetua
1315 1464 1436 1508 insania
1448 1465 1560 1500 laborat
1570 1490 1580 1505 ‚
1587 1463 1703 1508 solvere
1714 1468 1952 1497 Matrimonium.
1993 1466 2013 1496 5
2014 1476 2043 1497 o·

1164 1517 1224 1549 luto
1233 1523 1333 1548 autem
1359 1518 1546 1546 Matrimonia
1559 1539 1570 1554 ‚
1597 1516 1663 1547 licet
1685 1520 1791 1547 marito
1812 1516 1906 1547 aliam
1923 1515 2040 1547 ducere.

1164 1564 1312 1598 Alteram
1323 1561 1364 1598 de
1386 1564 1517 1604 mariti,
1543 1563 1678 1597 alteram
1699 1564 1741 1598 de
1763 1564 1875 1597 uxoris
1898 1564 2044 1607 superve-
2058 1579 2132 1614 Lege
2152 1588 2220 1608 ΙΝ,

1164 1614 1385 1648 nientifurore
1411 1614 1515 1657 legem
1526 1614 1628 1647 edidit
1643 1613 1713 1647 Leo
1725 1613 1879 1657 Sapiens:
1906 1623 2045 1658 utraque
2065 1629 2130 1649 ιη.

1163 1674 1335 1706 utrumque
1356 1663 1551 1708 conjugium
1571 1664 1606 1697 in
1639 1664 1734 1698 certis
1771 1664 1892 1698 cafibus
1923 1664 2021 1699 solvit
2036 1689 2046 1697 .

1167 1715 1209 1748 Et
1230 1714 1324 1748 omni
1347 1713 1480 1747 istarum
1502 1713 1612 1758 legum
1636 1713 1705 1756 jure
1726 1714 1909 1748 etiamnum
1940 1713 2044 1749 hodie

1164 1763 1267 1797 Graeci
1283 1763 1416 1797 vivunt.
1445 1763 1488 1797 Et
1500 1761 1580 1798 hinc
1590 1763 1711 1807 deipsis
1727 1764 1882 1807 antiquus
1893 1764 2045 1809 incogni-

1164 1814 1188 1848 ti
1199 1814 1339 1849 auctoris
1350 1838 1360 1853 ,
1388 1813 1683 1857 Constantinopoli
1697 1814 1732 1847 in
1743 1812 1876 1848 Parrum
1888 1813 2045 1849 Praedica-

1164 1873 1273 1897 torum
1309 1863 1490 1898 Conventu
1524 1873 1667 1906 repertus
1688 1888 1699 1904 ,
1736 1865 1889 1898 trattatus
1923 1865 2045 1899 merito

1163 1912 1270 1946 scribit
1292 1927 1303 1946 .·
1341 1917 1406 1945 Viri
1438 1914 1472 1946 cb·
1498 1913 1627 1946 mulieris
1662 1915 1886 1948 sacramentum
1920 1916 2046 1959 conjugii

1159 1969 1214 2002 pro
1218 1961 1307 2003 futili
1317 1970 1457 2003 reputant
1477 1987 1484 1993 .
1510 1966 1599 1994 Nam
1611 1969 1722 2004 quoties
1749 1965 1824 1995 alter
1848 1962 1983 2006 displicet
2002 1966 2046 1998 al-

1163 2017 1241 2052 teri,
1268 2022 1366 2044 coram
1380 2014 1509 2044 Praetore
1519 2011 1629 2044 urbano
1640 2012 1846 2045 voluntatibus
1871 2024 1972 2047 eorum
1993 2026 2046 2048 ex·

1157 2059 1274 2103 pofitls,
1303 2060 1504 2102 instrumentis
1525 2063 1560 2095 (Ὗ
1577 2061 1702 2106 singulis
1722 2062 1851 2104 praecifis
1865 2087 1876 2102 ‚
1894 2062 1959 2104 fine
1979 2074 2044 2097 con-

1162 2110 1339 2145 tradtfflone
1349 2116 1412 2145 vlri
1422 2123 1551 2152 uxores,
1578 2113 1756 2145 &mulieres
1767 2119 1850 2146 vlros
1867 2121 1926 2154 pro
1955 2113 2044 2147 libitu

1161 2166 1309 2202 accipiunt
1334 2183 1345 2200 ,
1383 2170 1486 2194 contra
1507 2162 1686 2194 mandarum
1707 2163 1789 2204 quod
1809 2163 1881 2194 dicit
1903 2176 1914 2196 .·
1951 2164 2046 2206 ,Quod

1162 2214 1242 2242 Deus
1254 2212 1412 2250 conjunxit
1425 2234 1434 2249 ‚
1459 2209 1541 2243 homo
1553 2222 1609 2243 non
1616 2209 1756 2253 separet.
1786 2211 1896 2246 Etiam
1908 2213 1942 2246 in
1969 2213 2044 2248 Flo-

1161 2260 1291 2294 rentino
1304 2260 1459 2295 Concilio
1470 2260 1511 2294 ab
1523 2262 1586 2295 suis
1598 2262 1666 2304 post
1678 2261 1868 2296 conclusam
1881 2263 2043 2298 unionem

1162 2309 1364 2353 postularunt
1389 2310 1501 2344 Latini
1516 2335 1525 2350 ‚
1553 2322 1617 2352 qua
1628 2311 1818 2345 austeritate
1831 2322 1896 2346 rata
1917 2313 1951 2346 ἀ
1963 2325 2044 2347 con-

1160 2361 1317 2394 summata
1336 2359 1490 2403 conjugia
1514 2360 1703 2395 dirimerent
1723 2387 1728 2394 .
1772 2361 1815 2395 Et
1837 2362 1915 2396 licet
1932 2363 2042 2398 Doro-

1160 2409 1235 2444 thus
1246 2409 1475 2452 Mitylenenfis
1491 2411 1708 2455 Metropolita
1732 2412 1911 2455 nequiverit
1931 2413 2040 2447 diffol·

1160 2471 1232 2494 vere
1242 2460 1477 2504 quaestionem,
1502 2460 1552 2493 illi
1565 2470 1675 2495 tamen
1689 2472 1780 2496 more
1800 2462 1858 2496 suo
1877 2462 1951 2497 duri
1971 2474 2042 2506 per-

1156 2509 1306 2545 stiterunt
1330 2535 1340 2551 ,
1389 2511 1508 2544 iteratae
1540 2511 1684 2555 Eugenii
1715 2512 1821 2555 quarti
1862 2512 2039 2547 Pontificis

1157 2559 1279 2604 dogma
1292 2559 1377 2594 istud
1390 2561 1452 2594 effe
1461 2572 1597 2594 enorme
1607 2562 1641 2595 δε
1653 2561 1835 2606 Evangelio
1846 2561 2014 2597 adversum
2025 2588 2039 2604 ,

1158 2610 1297 2654 ideoque
1309 2610 1483 2645 necessario
1496 2609 1740 2646 reformandum
1751 2613 1909 2656 urgentis,
1917 2613 2039 2647 instan-

1154 2660 1206 2693 tiae
1218 2659 1309 2694 aliud
1319 2670 1389 2694 non
1402 2671 1617 2703 reponentes,
1641 2672 1739 2705 quam
1756 2660 1790 2704 se
1812 2674 1869 2695 non
1873 2661 1935 2703 fine
1945 2664 2038 2706 legitt-

1155 2722 1205 2742 ma
1235 2708 1323 2752 causa
1333 2715 1524 2743 matrimonia
1531 2710 1693 2753 separare.
1725 2710 1858 2755 Utique
1868 2723 1908 2746 ex
1929 2713 2035 2745 aueto-

1156 2761 1250 2793 ritate
1261 2759 1327 2802 jam
1339 2758 1548 2793 adductarum
1562 2760 1693 2804 legum.
1721 2761 1854 2796 Etenim
1867 2760 1955 2805 quod
1980 2761 2038 2804 Ju-

1154 2807 1314 2843 stinianus
1335 2808 1502 2854 Augustus
1526 2809 1784 2845 Ecclefiasticam
1811 2809 2035 2845 Christianita-

1154 2860 1195 2893 tis
1207 2857 1412 2903 disciplinam
1425 2870 1596 2904 tangentes
1610 2860 1698 2904 leges
1706 2872 1766 2895 nec
1776 2862 1948 2903 concipere
1968 2861 2033 2895 fine

1152 2909 1407 2944 dostiffimorum
1438 2909 1677 2954 Episcoporum
1701 2910 1811 2945 assessu
1831 2912 1863 2944 &
1885 2911 2032 2952 assensu,

1153 2971 1214 2995 nec
1234 2959 1439 3005 promulgare
1450 2961 1673 3001 consueverit,
1696 2961 1782 2994 lucet
1803 2971 1844 2993 ex
1858 2959 2033 3006 'Procopio

1152 3009 1362 3048 Caesareenfi,
1385 3010 1524 3053 ideoque
1535 3010 1620 3055 leges
1642 3010 1715 3042 istas
1725 3009 1908 3053 Evangelio
1920 3009 2031 3044 adver·

1153 3059 1212 3094 sari
1235 3070 1302 3092 non
1338 3060 1425 3102 poffe
1448 3059 1554 3093 Graeci
1575 3059 1765 3092 constanter
1794 3058 1999 3094 crediderunt
2018 3084 2027 3091 .

1154 3109 1260 3143 Etiam
1272 3108 1314 3141 de
1325 3108 1494 3141 Armeniis
1503 3132 1514 3148 ‚
1543 3108 1730 3141 Graecorum
1739 3108 1838 3142 ritum
1849 3107 1927 3143 hinc
1948 3109 2027 3145 inde

1153 3157 1359 3201 sequentibus
1372 3181 1383 3197 ‚
1408 3156 1520 3191 scribit
1545 3158 1579 3191 in
1598 3157 1768 3192 Historiali
1789 3158 1919 3202 speculo
1941 3159 2026 3194 Vin·

1153 3209 1278 3242 centius
1315 3207 1494 3250 Episcopus
1532 3207 1748 3241 Belluacenfis
1768 3221 1775 3240 :
1802 3210 1834 3241 51
1861 3220 1935 3242 uxor
1970 3211 2026 3243 all-

1150 3261 1232 3299 cujus
1243 3258 1457 3292 adulteraverit
1467 3281 1478 3297 ,
1483 3255 1586 3296 statim
1597 3256 1762 3302 Episcopus
1774 3259 1830 3291 dat
1839 3264 1867 3293 ei
1875 3261 2024 3294 licentiam

1151 3308 1312 3350 accipiendi
1323 3306 1469 3340 aliamEt
1480 3307 1612 3351 infignis
1625 3307 1767 3351 ipsorum
1779 3307 1970 3348 Patriota‚&
1981 3322 2025 3343 ex

1152 3358 1393 3399 predicatorum
1401 3356 1528 3390 Ordine
1535 3358 1661 3392 Doctor
1670 3357 1811 3400 Joannes
1820 3358 2024 3394 Chetnacen·

1152 3408 1188 3439 fis
1198 3406 1390 3450 in‘Epistola
1401 3406 1441 3440 de
1451 3416 1564 3440 eorum
1577 3407 1749 3441 erroribus:
1762 3408 1887 3443 Paroclu'
1899 3411 1933 3441 cb·
1947 3410 2023 3447 Ept-

1147 3456 1226 3500 scopi
1237 3455 1359 3499 faciunt
1371 3462 1447 3491 inter
1464 3461 1564 3494 virum
1585 3460 1621 3492 <v
1641 3469 1762 3493 uxorem
1783 3454 2025 3548 divortiumslfnff

1888 3517 1940 3539 stul
1955 3518 1974 3537 ιτ
