2352 3736
90 2814 125 2841 A.
140 2820 220 2848 1119.

90 2930 222 2962 A.1143.

92 3043 124 3069 F·
144 3049 210 3076 533·

445 180 497 212 DE
535 168 729 211 SlMONJAE
765 178 978 220 camme,
1015 178 1063 207 ET
1098 174 1242 206 vfflms
1280 176 1339 206 AD
1375 174 1499 206 IPSUM
1534 174 1865 206 SPECTANTIBUS.

1939 170 2005 213 6'9

244 251 367 287 dudum
381 250 556 293 grassatum
578 249 612 284 in
627 246 781 281 Ecclefiis
796 270 806 285 ‚
831 246 865 280 ὃς
876 245 918 280 ab
932 245 1002 288 ipso
1011 245 1134 285 semper
1193 242 1255 284 five
1268 245 1287 277 ἃ
1293 251 1428 285 paupere
1437 268 1447 284 ,
1466 241 1530 286 five
1539 244 1559 274 ci
1571 243 1666 276 divite
1676 269 1685 283 ,
1698 242 1749 284 s'ed
1747 242 1776 285 fi
1783 244 1860 287 quid
1862 248 1963 288 gratis
1971 243 2076 276 datum

244 300 470 336 alienissimam
481 298 575 333 fuisse
595 296 771 332 Ecclesiam
790 297 977 330 Romanam
991 317 998 324 ·

1191 293 1288 332 fuerit
1297 298 1445 335 accipiant
1457 319 1464 326 .
1491 291 1595 344 Qiod
1609 293 1712 335 ipsum
1726 294 1865 329 statuisse
1875 292 2076 327 Turstinum

295 348 399 398 Qod
420 347 519 383 etiam
543 349 578 382 in
604 348 670 390 ipsa
696 345 972 383 Confirmatione
1004 340 1135 386 quidam
1201 342 1438 377 Eboracensem
1478 343 1767 387 Archiepiscopum
1791 341 1900 378 laudat
1924 341 2078 377 Thomas

246 401 329 434 olim
341 399 496 443 Episcopi
508 398 677 441 exegerint
698 420 709 436 ,
735 397 821 429 lucet
831 405 872 431 ex
883 394 991 428 Sansti
1015 391 1135 428 Gelasii

247 450 421 487 Pontificis
432 447 646 485 decretalibus
656 444 771 480 litteris
785 443 825 477 ad
841 443 992 477 Lucaniae
1005 443 1137 485 Episco-

246 512 305 544 pos
328 513 334 532 ε
363 499 576 543 Confignandis
593 494 732 540 fidelibus
753 499 855 535 pretia
879 494 964 527 nulla
994 489 1138 535 Epiftopi

240 550 421 594 praefigant.
448 545 494 584 >Et
506 546 679 584 undecima
691 543 859 579 Toletana
872 542 1024 586 Synodus
1040 566 1051 583 ‚
1067 553 1134 575 non

246 612 306 644 pro
328 600 510 637 Chrismate
533 620 544 636 ,
571 594 625 628 sed
648 605 707 638 pro
731 592 967 639 consignandis
986 590 1136 626 fidelibus

246 661 334 684 vetat
361 646 483 691 aliquid
509 644 617 687 accipi
640 667 650 683 ,
677 643 736 677 nisi
758 644 935 687 spontanee
963 642 1112 677 oblatum
1128 666 1134 673 .

246 700 377 742 Nempe
403 695 473 740 post
492 694 684 728 damnatum
711 694 728 727 ὲ
749 693 1007 734 Barchinonensi
1036 693 1070 726 &
1094 693 1136 725 se-

246 748 352 785 cunda
364 745 542 782 Bracarenfi
557 743 697 787 Synodo
707 768 718 785 ,
729 744 785 788 qui
800 756 859 788 pro
871 742 1058 777 Chrisrnate
1068 742 1136 776 exi-

247 798 379 846 gebatur
390 807 444 840 per
453 795 633 839 Episcopos
643 794 684 828 ab
696 795 850 831 Ecclesiis
860 792 1109 829 parochialibus
1125 816 1136 832 ‚

245 847 418 883 tremissem
430 856 595 890 coeperant
607 844 648 879 ab
662 845 736 888 ipsis
756 844 991 889 consignandis
1011 842 1134 886 aliquid

244 897 376 941 exigere
389 896 530 940 Hispani
545 895 717 938 Episcopi:
747 895 791 928 Et
803 894 888 933 istud
912 893 1046 928 damnat
1065 894 1130 926 lau-

243 948 319 981 data
331 947 481 989 synodus
509 945 677 983 Toletana
692 969 701 978 .
728 943 821 978 Alibi
844 944 1020 989 grassatum
1043 941 1136 981 fuisse

252 996 343 1032 hunc
353 996 486 1031 abusum
501 1007 571 1029 non
584 996 659 1040 lego
669 1021 676 1032 -

294 1047 447 1081 Tertium
474 1046 720 1084 Sacramentum
744 1045 788 1079 est
817 1045 1045 1079 Sacro-sanna
1070 1043 1135 1076 Eu2

243 1095 395 1136 charistia
409 1121 420 1137 ,
445 1096 486 1131 de
499 1108 562 1141 qua
574 1098 673 1131 etiam
689 1120 700 1136 ‚
726 1094 816 1140 quod
828 1095 911 1128 olim
924 1106 999 1128 cum
1012 1093 1134 1136 Baptis-

243 1159 302 1185 mo
330 1146 478 1187 daretur,
507 1146 648 1182 omnino
670 1145 905 1194 intelligendus
923 1144 968 1178 est
988 1143 1136 1178 sanstissi-

244 1208 342 1239 mus,
368 1196 459 1241 supra
479 1196 635 1234 addustus
658 1220 668 1236 ,
695 1195 816 1229 Canon
841 1194 1030 1229 Eliberinus
1045 1218 1052 1225 .
1080 1193 1134 1226 De

246 1247 434 1283 adultorum
459 1245 667 1284 Eucharistia
689 1245 802 1279 statuit
825 1245 996 1289 vigesimus
1021 1244 1133 1277 tertius

246 1298 368 1332 Canon
382 1296 565 1330 Trullanus
577 1310 587 1329 .·
604 1300 642 1328 Ut
657 1295 754 1328 nullus
769 1319 780 1335 ,
801 1294 864 1334 sive
876 1292 1041 1337 Episcopus
1053 1318 1061 1333 ,
1070 1292 1134 1334 five

245 1348 403 1388 Presbyter
425 1371 435 1386 ,
457 1345 522 1388 five
547 1350 695 1379 Diaconus
721 1369 732 1385 ‚
752 1345 974 1377 immaculatam
995 1344 1129 1378 tribuens

245 1403 472 1435 communionem
486 1420 497 1436 ,
523 1396 563 1429 ab
573 1407 603 1429 eo
614 1400 666 1437 qui
688 1400 900 1434 communicat,
928 1396 993 1434 ejus
1007 1398 1131 1434 partici-

241 1454 378 1493 pationis
394 1451 499 1490 gratia
511 1469 522 1485 ,
548 1446 644 1478 obulos
655 1446 707 1477 vel
717 1443 878 1489 quamlibet
892 1445 985 1475 aliam
1001 1441 1082 1485 speci
1089 1455 1133 1478 em

246 1503 350 1541 exigat
362 1522 369 1529 .
398 1496 611 1531 Exaetionem
627 1494 760 1527 damnat
773 1493 814 1527 de
824 1492 971 1530 Simonia
985 1514 996 1532 ,
1019 1493 1053 1527 &
1064 1504 1135 1527 exa·

244 1549 368 1582 &orem
389 1542 526 1582 mandat
551 1554 587 1577 ut
608 1543 832 1581 Simoniacum
866 1541 1032 1587 degradari
1054 1567 1062 1574 .
1090 1543 1134 1577 Et

245 1597 344 1632 istum
357 1596 527 1632 Canonem
541 1594 583 1628 sic
594 1604 837 1629 commentatur
847 1592 1049 1629 Theodorus
1059 1592 1134 1625 Bal·

245 1650 360 1683 samon
375 1660 386 1681 .·
412 1643 575 1687 Cumsatis
586 1645 668 1688 longo
678 1643 716 1676 ab
727 1642 797 1677 hinc
813 1652 940 1684 tempore
951 1649 983 1675 in
1006 1644 1133 1684 quodam

246 1698 303 1732 loco
316 1721 327 1738 ,
355 1701 405 1739 qui
431 1694 606 1732 Calobycbas
628 1695 797 1736 appellatur
807 1717 817 1732 ‚
845 1696 881 1727 (Ὺ
910 1700 941 1725 in
966 1691 1138 1735 Chersonefi

245 1754 362 1792 regione
366 1745 475 1788 pofitus
486 1744 523 1785 est
537 1769 546 1784 ,
574 1745 683 1777 saneta
697 1748 852 1777 Dominica
877 1742 1000 1787 Pascbae
1023 1742 1132 1783 Christi

247 1797 480 1842 Resurrec‘iianis
492 1792 661 1837 diversarer
675 1819 685 1834 ,
713 1796 781 1829 vidi
792 1792 938 1837 quasdam
952 1794 1030 1826 illius
1043 1799 1134 1837 reglo-

248 1855 298 1882 ms
309 1847 493 1880 mulierculas
507 1869 517 1884 ,
545 1846 579 1878 (ν
591 1843 734 1888 quosdam
749 1843 932 1879 homunculos
943 1867 952 1882 ,
963 1843 1025 1885 post
1035 1853 1132 1881 matu-

249 1905 347 1932 tinam
365 1901 512 1930 Divinam
521 1893 722 1938 Psalmodiam
746 1896 791 1927 ad
812 1894 974 1927 catholica
997 1893 1131 1935 Ecclefiae

248 1949 391 1989 templum
400 1945 571 1984 confluentes
584 1969 594 1985 ,
619 1956 685 1978 cum
699 1950 765 1977 ovis
770 1945 898 1987 gallinae
905 1950 999 1986 panis
1006 1943 1131 1984 fermen-

248 2008 278 2031 to
288 2001 392 2030 mixtis
405 2020 415 2035 ,
441 1996 476 2029 (π
488 1997 560 2029 alits
581 1993 758 2038 quibusdam
776 1993 946 2036 esculentis,
975 1995 1027 2026 vel
1040 2000 1131 2026 etiam

248 2049 292 2080 ad
300 2046 418 2090 aliquid
429 2046 513 2078 aliud
525 2050 605 2087 aptis
620 2070 630 2084 ,
657 2046 692 2078 (Ὗ
713 2050 895 2088 interrogavi
914 2053 1076 2086 quamnam
1096 2043 1132 2075 obv

247 2096 365 2140 causam
378 2096 429 2130 boc
437 2095 521 2138 fieret
532 2119 543 2135 ‚
569 2096 603 2128 (5
623 2095 732 2127 audivi
750 2096 831 2135 quod
848 2091 1043 2136 unusquisque
1065 2099 1103 2124 its
1119 2117 1129 2133 ,

246 2148 355 2191 quibus
363 2145 472 2188 potest,
499 2146 681 2178 sacerdotem
691 2145 775 2178 donis
788 2168 798 2185 ,
825 2150 876 2186 qut
883 2144 992 2186 populo
1013 2145 1130 2178 Divina

247 2201 441 2231 Sacramenta
455 2200 584 2238 porrigit
612 2218 622 2234 ,
653 2192 841 2237 prosequitur
865 2220 871 2225 .
911 2197 1018 2234 Neque
1052 2198 1129 2224 enim

249 2248 335 2280 aliter
365 2251 500 2289 cuiquam
512 2246 577 2281 licet
584 2246 769 2280 Sacerdotem
783 2245 868 2278 adire
878 2268 888 2282 ‚
913 2246 946 2276 eb·
961 2245 1079 2275 Divina
1089 2242 1127 2274 ab

249 2308 282 2330 eo
292 2298 311 2328 5
313 2306 482 2331 atramenta
490 2301 634 2337 percipere
648 2320 655 2327 .
683 2298 713 2326 Ε
716 2304 728 2327 t
741 2304 809 2326 tunc
819 2295 936 2336 quidem
948 2291 1123 2333 reprebendi

249 2347 330 2388 quod
349 2344 442 2387 fiebat
461 2370 467 2375 .
496 2346 639 2377 Damnat
661 2344 702 2377 de
726 2344 873 2379 Simonia
892 2368 898 2374 .
927 2340 1029 2389 Quod
1048 2341 1128 2383 judi-

249 2395 337 2429 cium
351 2395 450 2429 etiam
461 2394 495 2428 in
511 2393 628 2426 Latina
643 2393 785 2426 Ecclesia
798 2394 919 2435 semper
930 2393 1066 2436 viguiffe
1077 2392 1133 2426 ad-

249 2444 379 2480 versum
391 2443 508 2477 similes
518 2443 734 2486 quorumdam
745 2440 983 2476 parochialium
997 2441 1132 2484 Presby-

249 2505 391 2530 terorum
404 2492 519 2527 abusus
533 2517 544 2533 ‚
571 2492 604 2524 in
618 2492 695 2526 dicii
715 2492 862 2526 Canonis
875 2492 1002 2527 scholio
1025 2492 1131 2526 osten·

250 2547 284 2579 di
301 2571 307 2577 .
335 2544 459 2581 Similis
469 2543 559 2577 enim
568 2542 696 2577 oblatio
710 2553 778 2577 non
794 2543 840 2576 est
854 2543 1029 2589 spontanea
1041 2565 1051 2580 ‚
1078 2542 1131 2579 sed

252 2605 378 2629 extorta
391 2618 398 2626 .

302 2645 470 2692 Qijntum
481 2643 727 2679 Sacramentum
740 2643 783 2677 est
798 2643 954 2678 Extrema
978 2643 1109 2678 Unstio
1120 2668 1132 2686 2

259 2692 298 2724 de
315 2705 379 2736 quo
392 2694 424 2727 in
439 2694 588 2729 Remensi
601 2693 736 2737 Synodo
751 2694 863 2727 statuit
889 2695 1022 2728 Sanetus
1044 2694 1131 2736 Papa

260 2740 330 2775 Leo
356 2754 459 2777 nonus
470 2758 480 2777 .·
509 2748 560 2777 Ne
585 2750 653 2787 quis
675 2752 732 2785 pro
757 2743 940 2786 infirmorum
965 2743 1131 2786 vificatione

262 2790 481 2837 aliquidexigat
494 2818 501 2827 ,
527 2794 629 2841 Qud
642 2793 792 2836 ipsumin
805 2795 868 2827 alia
882 2794 1004 2828 ibidem
1026 2794 1130 2836 Syno-

261 2839 306 2874 do
318 2839 450 2874 sanxisse
461 2843 627 2878 Calixtum
640 2845 816 2878 secundum
829 2844 984 2879 testantur
997 2843 1131 2878 Richar-

260 2887 319 2924 dus
332 2889 425 2922 Prior
440 2889 473 2921 in
495 2890 576 2926 libro
592 2894 631 2927 de
650 2894 737 2928 bello
763 2894 977 2929 Standardico
990 2920 1000 2935 ‚
1027 2895 1060 2928 ὅ(
1087 2894 1132 2927 Si·

260 2950 358 2972 meon
373 2937 794 2977 MonachusDunelmensis
805 2969 812 2976 .
842 2944 884 2977 Et
896 2945 930 2977 in
941 2944 1131 2978 Londinen-

259 2988 281 3019 fi
298 2986 434 3030 SYDOdO
450 2989 778 3030 JoannesCai-dinalis
788 2994 827 3028 de
839 2994 975 3028 crema:
1005 2997 1065 3026 Pro
1086 3000 1131 3028 vi·

256 3037 389 3078 filatim?
400 3037 582 3079 Infi'mm‘m
594 3062 603 3078 >
626 3039 676 3081 seu
690 3045 826 3077 Untiione
841 3051 974 3085 pretium
996 3056 1053 3077 non
1070 3050 1127 3077 exi-

257 3097 366 3131 gatur.
394 3088 481 3122 Etin
495 3088 557 3120 alia
581 3087 702 3123 ibidem
727 3094 811 3134 apud
834 3094 1004 3139 Rogerum
1023 3095 1132 3128 Hove-

261 3137 392 3171 densem
419 3137 556 3181 Synodo
579 3137 761 3172 Richardus
778 3142 901 3177 Primas
920 3145 1133 3179 Cantuarien-

262 3188 300 3220 sis
314 3200 324 3219 .·
353 3190 412 3219 Pro
424 3190 571 3222 Extrema
581 3188 717 3222 Unc'lione
740 3189 817 3222 nibil
826 3198 962 3236 exigatur
971 3218 978 3224 .
1006 3195 1133 3228 Confir-

261 3237 558 3272 mantTuronenfis
570 3250 607 3270 ac
629 3238 848 3274 Lateranenfis
869 3242 926 3275 sub
947 3242 1133 3277 Alexandro

259 3287 357 3321 tertio
368 3286 576 3330 Synodorum
587 3289 724 3321 Decreta
739 3300 825 3331 ,quae
838 3290 869 3322 in
882 3291 935 3323 sua
947 3290 1133 3327 Londinen-

260 3338 284 3370 si
297 3347 454 3372 executus
465 3335 510 3370 est
525 3336 648 3372 Primas
658 3338 826 3373 Hubertus
842 3364 848 3371 .
869 3339 911 3372 Et
924 3340 957 3376 in
972 3342 1028 3375 suo
1041 3341 1133 3386 Capi-

261 3387 354 3421 tulari
366 3387 405 3421 ad
417 3385 552 3421 titulum
562 3387 603 3420 de
617 3387 769 3421 Extrema
784 3388 955 3423 Unuione
975 3391 1054 3425 Odo
1075 3392 1133 3426 Pa-

260 3437 391 3472 risiensis
414 3436 611 3481 Episcopus:
639 3437 731 3473 Nihil
741 3440 810 3472 inde
830 3441 952 3482 penitus
978 3446 1113 3485 exigatur
1126 3465 1136 3480 ‚

1199 390 1293 425 Stubs
1320 392 1352 424 in
1382 392 1473 426 Actis
1499 392 1699 430 Pontificum
1726 391 1979 428 Eboracenfium
2002 418 2008 426 .
2035 391 2080 427 Et

1198 440 1260 476 hac
1284 441 1358 485 lege
1384 442 1483 476 etiam
1510 442 1612 477 hodie
1631 443 1788 478 vivimus.
1818 438 2080 487 Agunt‘laudati

1199 492 1354 530 Canones
1390 491 1424 525 in
1463 492 1538 526 illos
1574 491 1781 536 presbyteros
1805 516 1817 534 ‚
1841 491 1899 536 qui
1925 492 2078 526 Sanctum

1198 541 1342 581 Oleum,
1366 541 1455 585 quod
1474 541 1516 576 ab
1537 542 1705 587 Episcopis
1737 552 1904 583 emerant,
1933 541 1989 585 ipsi
1999 552 2079 587 quo-

1198 603 1262 633 que
1272 589 1452 625 vendebant
1463 615 1472 622 .

1247 641 1452 677 Postremum
1464 642 1709 675 Sacramentum
1728 642 1773 675 est
1799 642 2055 679 Matrimonium
2067 667 2078 682 ‚

1197 690 1238 727 de
1248 702 1315 735 quo
1337 689 1379 724 ad
1401 691 1588 734 Ianuarium
1610 690 1835 725 Calaritanum
1860 692 2080 736 Episcopum,

1198 741 1352 778 Sardiniae
1370 741 1622 785 Metropolitam
1636 765 1646 781 ,
1673 741 1806 774 Sanctus
1818 742 1996 787 Gregorius
2007 741 2081 775 Ma·

1197 802 1304 836 gnus.-
1326 795 1372 826 De
1390 797 1505 833 nuptiir
1526 792 1724 829 elericorum,
1749 790 1860 833 utique
1885 793 2053 826 minorum
2068 816 2079 831 ,

1197 841 1292 874 nullus
1314 867 1324 883 ‚
1350 850 1385 876 ut
1412 852 1488 874 nunc
1510 840 1579 883 fieri
1605 842 1713 873 dicitur
1733 866 1743 881 ‚
1778 842 1939 882 quidquam
1959 848 2079 882 proemii

1197 897 1325 934 accipere
1345 890 1512 935 praesumat
1535 914 1545 930 ,
1581 888 1637 932 nist*
1652 891 1817 933 quidquam
1836 889 1894 934 sua
1912 889 2016 933 sponte
2038 891 2082 932 of-

1191 942 1278 985 ferre
1289 945 1464 976 maluerint.
1495 939 1614 976 Curde
1626 942 1703 975 solis
1726 940 1932 975 Clericorum
1957 943 2081 985 nuptiis

1196 987 1380 1035 acciperent
1405 1004 1443 1026 ac
1465 992 1635 1036 exigerent
1657 1016 1668 1032 ,
1686 992 1825 1036 ignoro.
1855 992 1907 1025 De
1928 994 2081 1026 omnium

1196 1044 1378 1089 generatim
1391 1042 1513 1086 nuptiis
1524 1042 1682 1075 statuitin
1705 1042 1914 1076 Lateranenfi
1941 1042 2082 1085 Synodo

1200 1091 1388 1130 Alexander
1400 1094 1531 1127 tertius:
1558 1096 1609 1124 Ne
1616 1101 1671 1134 pro
1682 1092 1859 1126 nubentibus
1875 1091 2081 1127 benedicendis

1197 1145 1315 1186 aliquid
1322 1151 1461 1188 exigatur
1472 1167 1483 1182 ,
1508 1141 1666 1184 distric‘lius
1687 1142 1873 1176 inhibemus.
1903 1143 1947 1177 Et
1967 1143 2009 1177 de
2029 1155 2084 1178 ce-

1199 1193 1317 1228 lebrata
1329 1206 1384 1238 per
1394 1194 1460 1237 ejus
1471 1193 1663 1231 Cardinales
1673 1192 1816 1237 Legatos
1838 1190 2083 1227 Theoduinum

1198 1243 1415 1279 &Albertum
1435 1243 1698 1288 Rhotomagensi
1723 1241 1862 1285 Synodo
1879 1242 1991 1277 scribit
2013 1242 2082 1277 Ro.

1197 1305 1291 1337 gerus
1310 1294 1517 1329 Hovedenfis
1542 1306 1548 1325 :
1572 1298 1617 1326 De
1640 1292 1885 1329 benedic‘lionibus
1902 1291 2083 1337 sponsarum

1200 1343 1445 1386 nihilperfedlum
1455 1343 1510 1383 est,
1535 1350 1607 1385 quia
1618 1342 1756 1386 Epist-opi
1779 1344 1982 1378 Normandiae
2007 1344 2084 1377 illud

1199 1397 1354 1429 Decretum
1365 1401 1492 1435 recipere
1504 1394 1676 1427 noluerunt.
1706 1392 1838 1434 Utique
1848 1390 2028 1428 Decretum
2041 1394 2084 1428 de

1198 1456 1264 1477 non
1281 1442 1466 1488 exigendo.
1495 1443 1551 1477 Ab
1576 1443 1640 1475 illis
1661 1443 1830 1484 Episcopis
1851 1454 1919 1477 non
1938 1444 2083 1478 multum

1196 1493 1362 1527 dissentire
1391 1491 1518 1525 videtur
1546 1491 1736 1535 Capitulare
1763 1490 1888 1528 laudati
1924 1492 2081 1528 Odoniss

1197 1542 1373 1576 Prohibetur
1381 1540 1508 1582 distrille
1523 1564 1532 1579 ,
1560 1552 1596 1574 ne
1611 1541 1688 1574 ullus
1700 1542 1840 1574 sacerdo,
1869 1551 1923 1576 aut
1943 1546 2083 1586 Capella-

1195 1604 1250 1625 nus
1264 1598 1368 1636 exigat
1379 1593 1497 1634 aliquid
1503 1600 1574 1625 ante
1585 1591 1812 1625 benedittionem
1835 1595 1998 1635 nuptialem
2011 1619 2020 1634 ,
2042 1593 2080 1636 fi-

1196 1655 1234 1680 ve
1240 1651 1298 1686 pro
1311 1642 1469 1685 testimonio
1487 1640 1634 1683 ferendo,
1652 1640 1779 1684 fivepro
1801 1646 1991 1678 Matrimonia
2013 1648 2082 1681 cele·

1194 1693 1333 1734 brando,
1359 1691 1679 1734 occafionefi'rculorum
1689 1703 1757 1737 quae
1782 1694 1925 1728 debentur
1946 1702 2003 1736 pro
2027 1707 2082 1729 nu-

1190 1749 1265 1785 ptit's
1281 1756 1290 1786 ;
1317 1742 1458 1777 celebrato
1473 1751 1570 1777 autem
1583 1746 1775 1779 Matrimonia
1794 1750 1915 1787 recipiat
1935 1744 2074 1787 fercula,

1194 1796 1227 1828 Θ
1261 1798 1384 1838 exigat,
1402 1793 1431 1835 fi
1453 1794 1558 1836 neceffe
1575 1791 1694 1836 fuerit,
1710 1790 1795 1835 ficuti'
1818 1793 1987 1838 consuetum
2013 1796 2058 1829 ec‘l
2070 1822 2078 1829 .

1193 1845 1365 1892 Qoniam
1378 1842 1583 1877 parochiales
1592 1841 1802 1886 Presbyteros
1816 1845 1955 1889 nuptiali
1967 1847 2080 1882 convi-

1193 1896 1249 1928 vio
1263 1893 1369 1929 adesse
1389 1903 1478 1928 vetat
1491 1893 1681 1939 rigidissime
1694 1894 1848 1938 antiquus
1860 1894 1995 1933 Parrum,
2016 1896 2078 1933 Ca-

1194 1956 1261 1978 non
1275 1969 1286 1985 ‚
1311 1945 1358 1978 eis
1372 1956 1411 1978 ex
1425 1944 1494 1986 ipso
1506 1945 1627 1979 fercula
1639 1945 1727 1979 mitti
1740 1945 1883 1988 permisit
1895 1944 2078 1981 Gallicanae

1195 1995 1343 2029 Ecclesiae
1354 1995 1559 2029 consuetudo
1572 2019 1582 2034 ‚
1612 2007 1682 2039 quae
1694 1996 1728 2029 δι
1740 1994 1797 2029 ista
1815 1996 1938 2033 fercula
1956 1997 2002 2032 ob
2029 2009 2079 2031 va-

1191 2045 1235 2082 ria
1248 2044 1459 2078 incommoda
1471 2046 1667 2080 commutari
1680 2045 1812 2080 induxit
1826 2048 1860 2080 in
1873 2046 2079 2083 oblationem

1191 2094 1411 2138 pecuniariam
1426 2119 1433 2126 .
1460 2094 1559 2129 Hanc
1573 2094 1778 2131 oblationem
1790 2098 1837 2130 uti
1849 2096 1994 2131 debitam
2010 2099 2075 2132 exi-

1189 2145 1223 2191 gi
1252 2145 1415 2188 permittit
1434 2145 1532 2186 Odo,
1560 2146 1669 2179 verum
1694 2147 1764 2189 post
1785 2145 1983 2181 celebratum
2003 2147 2078 2181 Ma-

1171 2195 1387 2246 ltrimonium
1407 2218 1417 2233 ,
1441 2195 1665 2239 &impensam
1677 2196 1919 2230 Sacerdotalem
1943 2196 2077 2232 benedi-

1189 2246 1350 2278 stionem.
1379 2245 1472 2277 Hinc
1485 2244 1630 2277 etiamin
1647 2245 1831 2281 Oxonienfi
1852 2247 1992 2291 Synodo
2013 2249 2073 2282 sta-

1189 2295 1253 2328 tuit
1280 2292 1463 2337 Stephanus
1493 2293 1770 2339 Archiepiscopus,
1804 2297 2076 2332 Cantuariensis:

1191 2348 1334 2377 Firmiter
1356 2343 1520 2379 inhibemus
1544 2369 1554 2385 ,
1580 2356 1617 2378 ne
1633 2353 1688 2386 pro
1702 2351 1831 2388 pecunia
1850 2349 2077 2381 Matrimonium

1192 2393 1423 2428 contrabendum
1435 2395 1616 2435 impediatur
1625 2420 1632 2426 .
1649 2397 1801 2438 ,Quoniam
1810 2395 1838 2436 fi
1843 2399 1919 2439 quid
1920 2406 1976 2439 pro
1987 2400 2076 2431 devo-

1195 2450 1272 2478 tione
1280 2444 1415 2486 fia'eli'um
1423 2442 1602 2487 consueverit
1622 2451 1735 2488 erogari
1746 2471 1757 2487 ,
1774 2444 1865 2489 super
1887 2447 1938 2480 hoc
1953 2447 2077 2489 postmo-

1195 2496 1265 2528 dum
1276 2494 1409 2528 volumus,
1416 2502 1470 2537 per
1480 2496 1676 2529 Ordinarium
1687 2496 1740 2529 loci
1752 2497 1899 2536 justitiam
1921 2496 2055 2532 exbiberi
2066 2524 2074 2532 .

1194 2545 1243 2578 Ita
1255 2556 1355 2588 nuper
1376 2544 1531 2578 statutum
1548 2547 1611 2579 esse
1634 2546 1714 2580 dicit
1737 2547 1771 2579 in
1791 2547 1997 2583 Lateranensi
2020 2548 2077 2591 Sy·

1196 2595 1286 2629 nodo
1314 2595 1501 2629 Innocentii
1529 2595 1643 2629 tertii.
1671 2596 1752 2639 Ejus
1779 2597 1956 2632 Decretum
1985 2599 2077 2641 supra

1194 2645 1347 2689 exposui.
1375 2645 1489 2679 Simile
1510 2646 1615 2679 Sanssi
1640 2646 1810 2681 Edmundi
1832 2648 2076 2682 Cantuariensis

1196 2694 1445 2738 Archiepiscopi
1493 2695 1675 2730 Decretum
1714 2696 1824 2731 laudat
1873 2699 2075 2733 Guilielmus

1194 2745 1336 2779 Thorne
1358 2770 1365 2777 .
1405 2745 1515 2778 Etiam
1543 2747 1684 2789 Joannes
1710 2747 1919 2782 Tusculanus
1948 2748 2077 2790 Episco-

1196 2807 1253 2838 pus
1274 2820 1285 2835 ,
1314 2796 1453 2829 Martini
1474 2795 1584 2839 quinti
1608 2808 1664 2839 per
1686 2797 1899 2832 Germaniam
1921 2797 2076 2832 Cardina-

1195 2846 1234 2879 lis
1253 2845 1401 2889 Legatus
1425 2871 1435 2886 ‚
1461 2846 1648 2880 obscoenam
1676 2848 1892 2890 quorumdam
1914 2873 1925 2889 ‚
1953 2849 2077 2891 nuptia·

1196 2897 1259 2930 lem
1285 2895 1549 2931 benediffionem
1575 2897 1792 2932 vendentium
1812 2923 1823 2939 ‚
1859 2898 2076 2932 abominatio-

1198 2957 1270 2979 nem
1282 2946 1417 2981 damnat
1431 2947 1464 2979 in
1479 2946 1710 2991 Salisburgensi
1722 2949 1860 2991 Synodo
1873 2971 1884 2987 ,
1909 2948 1942 2981 &
1961 2947 2076 2990 adjun-

1195 2997 1242 3040 git
1257 3010 1267 3029 .-
1297 2998 1354 3030 Per
1365 2995 1417 3029 hoc
1428 3008 1486 3029 non
1506 2998 1687 3031 intendimus
1701 2999 1781 3039 quod
1787 2996 1953 3030 laudabiles
1963 2996 2074 3040 consue-

1200 3048 1320 3079 tudines
1341 3046 1469 3090 infringi
1488 3047 1618 3080 debeant
1640 3070 1652 3086 ‚
1678 3049 1797 3088 quando
1813 3047 1915 3087 possint
1935 3047 2074 3082 lectiores

1198 3095 1390 3136 Ecclefiarum
1400 3103 1524 3138 recipere
1535 3098 1635 3135 licite,
1655 3094 1685 3135 fi
1706 3096 1846 3129 nubentes
1866 3097 1929 3138 pist
1954 3097 2072 3132 benedi·

1197 3145 1319 3177 Hionem
1329 3147 1447 3186 aliquid
1454 3144 1557 3186 offerre
1568 3146 1713 3177 voluerint
1723 3147 1884 3179 devotionis
1905 3151 2018 3181 intuitu
2038 3150 2072 3181 ὠ·

1197 3200 1324 3237 pietatis
1346 3218 1353 3225 .
1379 3195 1462 3240 Qae
1484 3195 1596 3227 omnia
1616 3193 1656 3227 ad
1676 3206 1901 3238 puerperarum
1924 3198 2073 3241 purifica-

1199 3247 1325 3278 tionem
1352 3242 1498 3276 extendit
1523 3241 1669 3278 laudatus
1697 3245 1972 3291 Archiepiscopus
2008 3248 2074 3285 Ed-

1197 3294 1338 3327 mundus
1351 3318 1358 3324 .
1387 3292 1431 3327 Et
1445 3292 1503 3327 ista
1518 3293 1590 3338 lege
1601 3294 1701 3328 etiam
1716 3308 1775 3334 nos
1788 3295 1889 3331 hodie
1910 3298 2053 3333 vivimus
2064 3322 2072 3329 .

1198 3343 1340 3377 Proinde
1352 3342 1436 3379 circa
1449 3343 1560 3378 omnia
1571 3344 1776 3381 Sacramenta
1799 3346 1956 3392 distingui
1977 3348 2074 3381 debet

1199 3393 1315 3436 triplex
1329 3393 1475 3427 Ecclefiae
1486 3404 1612 3437 tempus
1624 3405 1662 3429 ac
1673 3395 1858 3439 disciplina.
1887 3397 1996 3431 Prima
2022 3407 2076 3430 ne-

1196 3455 1258 3486 que
1270 3443 1392 3489 exegit,
1405 3455 1506 3486 neque
1520 3446 1665 3488 accepit,·
1678 3447 1815 3482 secunda
1827 3448 1949 3490 accepit
1961 3447 2077 3487 sponte

1941 3495 2031 3529 obla-

2099 710 2125 737 ἶ..
2155 718 2182 746 3.
2203 712 2252 747 Ep.

2099 760 2143 784 ιφ

2098 1094 2169 1131 Cap.
2190 1102 2216 1128 7·

2097 2740 2129 2766 A.
2163 2749 2246 2776 1²34·
