2352 3736
148 1984 257 2022 Qaest.
268 1994 301 2022 5:

386 149 480 204 '376

908 133 1546 182 DlssaRrAr.1o

315 234 396 262 tunc
409 226 451 260 ad
462 225 546 259 solos
557 222 658 266 pisces
673 245 684 262 ,
712 231 780 255 non
794 218 834 254 ad
844 228 955 253 earnes
966 215 1106 253 edendas
1131 220 1200 263 pos·
1236 226 1244 254 i
1261 230 1328 255 mat
1340 232 1380 255 ex
1393 229 1508 264 quarto
1518 219 1649 255 decimo
1664 245 1675 261 ,
1700 222 1757 265 qui
1767 221 1809 256 de
1818 224 1899 258 veris
1918 225 2089 264 Haereticis
2102 226 2148 262 lo-

256 285 259 293 ‘
313 278 347 314 se
371 273 565 317 dispensari„
591 271 626 305 δε
646 271 866 315 prosequitur:
894 271 1015 310 Excipe
1038 268 1112 302 mibi
1133 270 1198 304 dies
1261 272 1397 316 quitur,
1425 269 1773 311 CanoneAncytano.
1798 269 1863 306 Uti
1873 283 1934 307 nos
1955 275 2145 312 Latinium,

315 334 432 372 quartos
445 322 479 355 θ
485 320 588 365 sextos
599 318 824 363 carnisprivii,
850 314 1073 362 Septuagestmae
1087 340 1098 358 ‚
1106 322 1199 354 Reno.

314 378 445 411 vatlonis
454 394 465 411 ‚
489 373 680 407 &duodecim
690 372 805 404 dierum
815 393 824 401 .
850 373 886 402 In
898 367 945 401 bis
957 374 1035 402 enim
1059 376 1118 411 per
1138 380 1200 404 car.

316 435 367 459 nes
393 427 487 456 etiam
501 443 514 464 ,
536 428 615 456 citra
637 420 799 462 periculum
822 441 833 460 ,
852 421 981 462 jejunia
998 418 1176 464 frangimus
1190 432 1198 453 ι

316 474 401 517 ,Quia
410 478 488 507 circa
501 470 767 506 Dodecahemerum
772 471 920 512 jejunant
931 472 1066 503 Armenii
1075 477 1151 513 prop
1156 478 1202 503 ter·

316 524 519 564 Arziburium,
549 529 582 555 in
595 520 780 555 bebdomada
787 526 890 562 prima
914 517 1118 562 carnisprivii
1133 528 1204 562 pro-

312 583 383 619 pter
395 578 560 607 Ninivitas
570 596 577 604 .
601 575 646 605 Et
656 577 687 604 in
697 570 884 605 hebdomada
896 569 1047 614 tyropbagi
1067 571 1205 603 Tetradi-

317 636 359 661 Μ
371 625 656 665 haereticijejunium
669 632 808 666 magnum
818 618 979 664 obfirrvant
995 641 1003 651 .
1033 623 1101 653 Nos
1113 624 1205 665 igitur

317 681 470 714 contraria
480 681 518 708 iis
523 674 674 717 facientes
679 671 853 716 frangimus
866 695 877 711 ,
905 682 942 704 ne
965 671 1122 704 videamur
1142 680 1207 702 cum

317 733 361 763 eis
372 725 532 770 consentire
543 738 555 759 .·
581 727 630 758 Εο
642 730 760 764 excepto
771 746 790 764 ,ᾖ
807 722 886 763 quod
903 722 980 754 illud
996 719 1069 763 fiet,
1093 716 1121 760 fi
1138 726 1206 763 quis

318 790 384 814 cum
394 778 562 812 Tetraditis
575 783 628 808 aut
643 778 787 807 Armeniis
800 770 914 804 habitet
926 795 934 804 .
956 771 1093 814 Alioquin
1102 776 1181 803 enim
1185 767 1214 810 fi

318 834 354 863 in
363 834 478 873 regione
488 827 598 870 degat,
623 823 674 856 ubi
686 823 781 856 nullus
797 820 835 862 est
856 820 1019 862 ejusmodi,
1041 819 1206 864 degustabit

319 885 437 914 tantum
447 884 485 911 e‘x
498 874 576 919 caseo
584 875 636 908 vel
642 872 795 910 carnibus,
824 869 1058 914 &suspicionem
1070 879 1210 904 attenua·

319 930 365 963 bit
374 937 431 971 per
442 930 653 962 continentiam
665 947 676 963 ‚
703 933 758 955 non
774 928 829 963 per
849 921 1012 965 ingluviem
1023 944 1030 952 .
1058 920 1210 955 Dodeca.

319 977 477 1016 hemeran
491 978 564 1012 sunt
575 973 750 1009 duodecim
772 972 857 1005 inter
874 970 1016 1004 Domini
1045 969 1210 1004 Nativita-

318 1037 387 1064 tem
398 1041 436 1064 ac
451 1026 672 1071 Epiphaniam
685 1021 786 1057 medii
796 1021 864 1056 dies
874 1045 885 1061 ,
911 1030 994 1065 quos
1007 1019 1209 1054 Theodorus

319 1090 403 1115 errat
413 1078 454 1112 ab
477 1075 645 1112 Armeniis
666 1072 800 1118 jejunari
822 1081 952 1116 propter
978 1069 1187 1104 Atziburium
1199 1094 1206 1102 .

319 1130 425 1179 Qod
437 1138 565 1173 propter
577 1125 666 1160 hunc
675 1124 821 1167 jejunent
833 1121 937 1156 solam
964 1121 1208 1165 Septuagefimae

319 1177 585 1215 hebdomadam,
608 1185 725 1210 omnes
736 1171 922 1208 constanter
935 1169 1125 1204 adfirmant.
1155 1170 1210 1204 Er·

320 1241 370 1265 rat
394 1231 525 1264 eosdem
547 1228 582 1261 in
605 1223 818 1266 Carnisprivii
841 1222 1018 1266 septimana
1042 1221 1204 1264 jejunare.

319 1281 436 1316 Etiam
447 1278 537 1322 supra
551 1276 667 1312 erravit
677 1273 867 1308 Tetraditas
877 1270 1018 1316 jejunare
1031 1270 1067 1304 in
1081 1271 1208 1314 SePtua-

321 1333 440 1376 gesima
455 1355 462 1362 .
483 1330 568 1376 Qae
593 1325 707 1361 omnia
731 1323 873 1358 scribunt
897 1323 997 1356 etiam
1028 1319 1210 1355 Anastasius

321 1380 530 1417 Caesareenfis
540 1404 551 1419 ,
575 1377 609 1411 ὃς
631 1375 688 1411 alii
712 1374 829 1409 Graeci.
860 1372 928 1408 Uti
951 1370 1103 1406 Armenii
1123 1372 1209 1405 Grae-

321 1442 436 1467 corum
465 1427 722 1473 Tyrophagiam
746 1450 757 1466 ,
783 1425 828 1458 ita
852 1421 888 1457 hi
909 1421 1045 1457 istorum
1073 1420 1210 1456 Arzibu-

321 1483 406 1518 rium
427 1481 586 1525 jejunium
609 1475 737 1511 adversa
762 1484 884 1520 quartae
902 1474 936 1507 δι
948 1473 1043 1507 sexte
1055 1473 1155 1506 etiam
1166 1472 1207 1505 fe-

321 1534 376 1567 riae
396 1532 544 1566 libertate
565 1525 820 1562 dehonestarunt
833 1550 840 1556 .
868 1521 993 1557 Eadem
1015 1532 1124 1555 tamen
1148 1522 1212 1555 for-

322 1596 376 1618 ma
390 1593 457 1616 non
471 1579 593 1625 placuit
605 1575 760 1611 omnibus
773 1574 911 1608 Graecis.
940 1571 1033 1604 Patet
1046 1583 1086 1604 ex
1097 1571 1212 1604 littoris

322 1633 459 1669 Nicolai
476 1627 676 1664 Patriarchae
697 1620 1058 1664 Constantinopolitani
1076 1621 1117 1654 ad
1143 1620 1211 1653 Ab·

318 1685 432 1718 batem
453 1678 680 1714 Anastafium:
708 1672 935 1710 Hebdomadam
944 1680 1013 1702 eam
1033 1669 1096 1700 dico
1106 1691 1116 1708 ,
1142 1679 1211 1709 με

322 1743 394 1768 ante
405 1728 622 1765 hebdomadam
643 1721 837 1767 carnisprivii
847 1718 886 1760 est
898 1743 909 1760 ,
934 1727 1023 1760 quam
1048 1722 1139 1750 etiam
1160 1728 1211 1749 nos

321 1791 461 1823 ‘vocamus
491 1776 709 1813 hebdomadam
720 1796 726 1797 ff
736 1771 882 1806 Arziburii
906 1794 914 1801 .
941 1767 1031 1801 Multi
1049 1767 1210 1810 sueverunt

323 1834 433 1878 absque
445 1831 501 1865 ullo
511 1835 614 1863 timore
619 1823 734 1869 solvere
738 1822 852 1864 feriam
862 1828 1002 1863 quartam
1014 1818 1047 1851 ἐν
1064 1816 1187 1861 sextam
1200 1840 1211 1856 ,

323 1888 411 1919 'Laici
422 1882 543 1926 quidem
553 1886 673 1910 carnem
689 1898 698 1915 ‚
719 1871 853 1916 similiter
874 1872 909 1905 (θ’
934 1866 1070 1902 Monaobi
1085 1864 1148 1910 eas
1147 1878 1212 1900 eum

323 1934 504 1971 comedentes
517 1954 527 1971 ,
549 1926 642 1970 probe*
645 1922 804 1968 sentientes
818 1946 828 1962 ,
855 1922 890 1955 <it
897 1919 989 1963 probe
999 1927 1119 1963 agentes
1132 1943 1139 1950 .
1169 1921 1213 1949 Ε-

322 1990 417 2021 tenim
423 1981 493 2024 fiex
501 1988 609 2022 genere
621 1979 824 2008 Armeniorum
833 1976 974 2014 originem
986 1971 1126 2002 ducerent
1139 1992 1149 2007 ‚
1178 1969 1212 2001 (9

325 2032 431 2075 haerefi
439 2029 586 2065 Atziburii
597 2025 789 2060 adhaererent
801 2047 811 2063 ‚
836 2021 929 2064 probe*
929 2018 1051 2061 faciunt
1063 2044 1072 2058 ,
1100 2030 1213 2052 omnem

321 2084 515 2133 suspicionem
526 2082 546 2112 a
554 2077 588 2121 se
599 2081 769 2109 'amoventes
780 2099 787 2106 .
810 2075 830 2105 5
831 2077 841 2103 i
851 2074 924 2105 veri
934 2070 1039 2112 fideles
1051 2068 1212 2102 ertbadoxi

320 2137 395 2183 sunt
406 2160 417 2176 ‚
443 2135 477 2168 et
487 2131 526 2164 ab
538 2127 720 2163 orthodoxis
743 2128 906 2168 prognati,
924 2118 1043 2163 frustra
1056 2117 1212 2163 solutionis

318 2190 432 2231 jejuna
454 2183 531 2217 banc
548 2177 666 2222 causam
691 2175 855 2218 adferunt.
883 2172 935 2204 Illi
957 2175 1035 2205 enim
1052 2178 1107 2212 per
1119 2178 1212 2203 totam

326 2235 543 2274 hebdomadam
547 2232 694 2273 jejunant
705 2251 715 2266 ‚
739 2222 883 2268 panesolo
892 2224 927 2256 Θ
933 2220 999 2265 sale
1017 2222 1051 2255 Θ
1061 2231 1140 2263 aqua
1151 2230 1213 2252 con·

327 2293 424 2326 tenti,
442 2296 494 2317 nos
508 2282 733 2321 verojq'unium
741 2274 885 2319 solvimus
898 2272 938 2305 ab
950 2270 1015 2315 ipsa
1020 2270 1105 2314 feria
1116 2268 1214 2313 secun-

328 2340 384 2373 da.
411 2335 517 2380 ‚Quare
528 2344 564 2366 ex
577 2330 627 2363 hoc
638 2325 849 2366 demonstratur
861 2335 914 2357 nes
925 2333 988 2357 cum
999 2321 1060 2355 illis
1073 2332 1130 2354 non
1141 2331 1214 2353 com·

329 2394 478 2425 manicare
488 2410 498 2426 ,
525 2385 559 2417 (τ
588 2379 775 2414 Aiziburium
795 2372 932 2417 causari.
961 2372 1004 2406 Et
1029 2369 1214 2405 Anastasius

330 2435 533 2474 Caesareenfis
547 2431 621 2466 laud
627 2440 657 2464 at
668 2428 757 2463 hunc
767 2425 875 2462 saneti
886 2420 1067 2467 Nicephori
1079 2421 1216 2455 Patriar-

329 2489 397 2524 chae
418 2478 780 2524 Constantinopolitani
807 2485 989 2511 canonem:
1016 2472 1214 2513 Iejunandum

332 2539 370 2579 est
386 2534 537 2570 Monachis
544 2533 628 2576 feria
640 2537 749 2573 quarta
759 2529 793 2561 o·
801 2525 892 2571 sexta
900 2523 1079 2567 mopbagiae
1090 2547 1100 2563 ,
1112 2523 1146 2555 Θ·
1150 2521 1213 2564 post

329 2589 446 2633 Missam
461 2581 779 2625 Praesanfflficatorum
790 2578 887 2609 edant
895 2573 1009 2616 caseum
1020 2575 1054 2607 6·
1064 2583 1122 2605 ova
1133 2596 1140 2604 .
1160 2575 1215 2604 Hic

329 2650 422 2675 canon
432 2640 543 2671 evertit
553 2630 778 2665 Tetraditarum
790 2637 824 2658 ac
840 2624 1053 2670 Jacobitarum
1076 2619 1212 2661 haerefin.

329 2688 529 2725 Libertatem
543 2707 553 2723 ,
576 2693 647 2726 quae
660 2678 734 2713 istas
746 2678 779 2711 in
792 2674 1027 2719 Septuagesima
1041 2672 1133 2705 ferias
1145 2682 1215 2714 pro-

330 2751 401 2786 pter
414 2734 590 2772 Armenios
602 2755 612 2771 ,
627 2730 661 2764 &
673 2740 740 2772 quae
750 2724 875 2761 easdem
890 2725 924 2757 in
938 2722 1136 2768 sexagesima
1149 2731 1215 2764 pro·

330 2800 400 2835 pter
409 2778 719 2821 Tetraditaseximit
733 2777 751 2810 a
760 2775 881 2820 jejunio
893 2796 903 2813 ,
942 2773 1103 2808 Nicolaus
1112 2772 1146 2805 ἀ
1157 2769 1213 2803 Ni-

330 2837 489 2885 cephorus
499 2836 578 2869 dant
599 2831 675 2864 solis
699 2828 829 2863 Laicis:
858 2822 1046 2858 Monachos
1067 2821 1215 2866 obligant

330 2891 372 2926 ad
383 2884 633 2934 tyrophagiam.
662 2879 704 2913 Et
719 2879 763 2912 ita
774 2876 907 2911 censent
919 2874 936 2907 ὲ
950 2873 1047 2916 pleno
1059 2871 1214 2915 Jacobita-

332 2951 403 2979 rum
415 2933 707 2973 &Tetraditarum
719 2927 841 2971 jejunio
863 2924 1057 2958 sufficienter
1079 2920 1216 2955 declina-

334 2994 359 3025 ri
375 2975 387 3023 .’
408 2990 450 3023 Er
462 2987 557 3021 istum
570 2980 675 3017 carnis
685 2980 719 3014 δε
730 2977 811 3011 casei
822 2976 909 3009 esum
921 2974 1082 3007 affirmant
1093 2969 1218 3015 obliga-

334 3054 366 3075 re
379 3041 412 3074 in
426 3038 501 3072 solis
514 3030 746 3069 Armeniorum
756 3027 850 3062 terris
860 3050 870 3065 ‚
897 3023 974 3058 alibi
985 3023 1047 3056 effe
1060 3021 1196 3055 liberum
1209 3032 1216 3051 :

334 3090 378 3123 Et
389 3102 444 3123 eos
456 3113 464 3128 ‚
484 3087 538 3130 qui
554 3084 609 3118 hic
621 3078 754 3123 suspeffl
768 3076 890 3112 fuerint
901 3098 912 3114 ,
937 3073 1072 3117 defungi
1089 3071 1154 3105 sola
1166 3070 1217 3106 de-

336 3139 536 3183 gustatione.
564 3134 642 3167 Huc
654 3131 753 3165 etiam
767 3128 906 3171 speetat,
937 3122 1070 3166 quodin
1085 3121 1167 3155 libro
1177 3118 1216 3153 de

335 3184 640 3221 Matrimonialibus
664 3176 894 3225 quaestionibus
912 3172 1019 3208 scribit
1042 3170 1217 3206 Matthaeus

335 3233 522 3272 Monachus
536 3247 545 3267 .-
574 3237 618 3266 Et
629 3232 747 3274 quidem
757 3234 789 3262 in
796 3231 907 3270 primis
917 3235 964 3259 eos
985 3221 1062 3266 vesci
1081 3220 1216 3255 carnibus

337 3288 472 3320 convenit
489 3288 518 3313 in
532 3283 629 3313 diebus
641 3304 651 3320 ‚
673 3280 780 3323 quibus
795 3280 937 3311 Haeretici
946 3275 1065 3316 quidam
1072 3280 1127 3313 per
1140 3272 1216 3312 jeju-

340 3342 423 3372 nium
432 3332 470 3365 ab
481 3337 526 3364 eis
539 3329 679 3366 abstinero
688 3329 779 3370 solent
791 3353 802 3369 ,
829 3338 866 3360 ne
875 3337 939 3359 cum
950 3330 991 3357 eit
1003 3321 1160 3365 consentire
1172 3325 1214 3354 vi-

340 3387 468 3420 deantur
480 3405 488 3414 .
500 3374 671 3420 Praesertim
677 3376 784 3415 fiforti
794 3379 906 3420 degant
916 3380 948 3408 in
959 3374 1030 3407 urbe
1042 3396 1053 3413 ,
1062 3373 1145 3414 cujus
1157 3382 1218 3403 ma-

341 3440 427 3473 xima
431 3441 508 3482 pars
518 3427 567 3462 boc
579 3424 677 3462 morbo
690 3423 802 3458 laboret
811 3448 818 3455 .
859 3425 903 3460 Et
922 3425 1021 3462 Dicia
1034 3423 1091 3458 sua
1101 3420 1217 3458 confir.

1262 322 1408 366 integros
1422 319 1592 354 manifeste
1604 319 1822 355 Orthodoxos
1832 345 1844 361 ,
1869 321 1923 356 sed
1935 323 2021 358 solos
2032 325 2072 360 de
2082 326 2149 360 Pri-

1261 369 1402 405 scilliani
1414 370 1501 414 lepra
1514 370 1672 414 suspeetos
1683 370 1723 404 ad
1744 381 1876 405 carnem
1897 381 1955 407 aut
1981 372 2048 415 ejus
2065 375 2150 411 οεηὲ

1265 420 1425 464 jusculum
1434 420 1673 466 degustandum
1685 421 1855 465 coegimus
1864 422 1946 457 olim
1969 433 2023 465 per
2035 423 2154 468 Hispa.

1266 469 1539 514 nicasSynodos;
1566 472 1611 506 ita
1631 470 1816 506 Patriarcha
1841 471 2002 507 Nicolaus
2027 472 2152 509 solisde

1266 520 1500 556 Armeniorum
1511 532 1617 557 errore
1641 521 1790 565 suspectis
1817 522 1942 556 censuit
1967 523 2154 558 memoratis

1266 582 1380 616 quarta
1405 572 1439 606 ὅ(
1459 571 1548 606 sexta
1564 571 1652 607 feriis
1672 582 1784 606 carnes
1808 570 2056 615 permittendas.
2083 571 2155 606 Ima

1269 622 1412 666 neeipsts
1423 623 1551 656 censuit
1571 623 1612 656 ad
1636 622 1862 667 purgationem
1880 623 2025 657 sufficere
2037 646 2048 662 ,
2075 623 2097 656 fi
2111 623 2155 656 se-

1268 673 1396 714 cunda,
1421 672 1515 707 tertia
1538 695 1551 714 ,
1586 673 1622 709 &
1645 674 1760 717 quinta
1786 671 1953 707 Atziburii
1979 672 2059 707 feria
2083 672 2158 708 illas

1270 722 1505 757 manducarent
1513 746 1522 755 .

1318 772 1454 808 Interim
1464 774 1564 809 etiam
1577 773 1643 816 ipse
1665 771 1731 807 hoc
1754 771 1910 816 jejunium
1932 772 2074 818 appellat
2094 771 2157 808 hai-

1270 822 1379 858 rufim.
1404 821 1509 874 Qod
1534 834 1651 866 nempe
1673 835 1713 857 ex
1735 821 1888 858 haeretico
1910 825 2006 858 fonte
2023 823 2157 858 duceret

1270 874 1458 918 originem,
1481 874 1515 907 &
1531 872 1635 909 haerefi
1658 870 1805 916 praeberet
1823 873 1971 908 fomenta
1993 897 2001 906 .
2031 872 2158 908 Revera

1272 935 1340 957 non
1362 922 1426 957 fuit
1440 922 1575 959 haerefis.
1593 923 1719 967 Spectat
1743 924 1834 957 enim
1856 935 1926 957 non
1948 923 1989 958 ad
2009 922 2157 968 dogma,

1273 973 1327 1007 sed
1339 972 1379 1006 ad
1388 972 1613 1015 disciplinam.
1642 972 1745 1006 Neca
1768 973 1951 1016 praeceffore
1972 984 2072 1014 cane,
2101 972 2156 1008 sed

1271 1023 1290 1057 a
1303 1022 1423 1066 praevio
1435 1021 1478 1055 ad
1491 1020 1782 1069 Qadragesxmam
1793 1032 1941 1067 tempore
1950 1022 2076 1057 dilium
2089 1021 2154 1056 fuit

1274 1072 1484 1106 Atziburium
1494 1096 1506 1113 ‚
1532 1069 1783 1114 prophonefium
1797 1095 1809 1111 ,
1826 1073 1882 1106 seu
1894 1073 2133 1116 praecursorium
2146 1096 2156 1104 .

1274 1123 1339 1156 isto
1357 1121 1481 1165 jejunio
1502 1121 1653 1155 Armenii
1675 1121 1706 1155 se
1727 1120 1768 1155 ad
1785 1119 1916 1165 longius
1938 1123 2075 1167 triginta
2102 1123 2158 1157 sex

1273 1172 1399 1207 dierum
1421 1171 1578 1215 jejunium
1600 1181 1814 1215 praepararunt
1842 1195 1850 1203 .
1888 1171 1932 1204 Et
1954 1181 2011 1205 cur
2032 1170 2097 1206 hoc
2116 1171 2158 1206 ad

1273 1222 1594 1261 commemorandam
1614 1221 1738 1256 Adami
1759 1232 1802 1254 ex
1829 1219 1975 1264 paradiso
2000 1219 2161 1265 expulsio·

1274 1285 1371 1314 nem,
1394 1273 1436 1306 ad
1446 1270 1624 1306 imitandos
1635 1269 1827 1311 NinivitaS,
1853 1270 1894 1306 ad
1914 1271 2058 1316 agendas
2081 1270 2158 1305 Deo

1274 1322 1392 1368 gratias
1412 1322 1453 1357 de
1474 1323 1532 1357 suae
1544 1321 1651 1367 gentis
1663 1330 1725 1355 autv
1742 1320 1855 1366 magni
1877 1321 2090 1356 Constantini
2114 1318 2160 1355 ad.

1274 1372 1441 1407 Christum
1455 1373 1643 1407 Dominum
1669 1372 1902 1412 conversione,
1927 1371 1960 1409 iic
1986 1371 2027 1405 ad
2054 1369 2159 1406 alium

1273 1423 1432 1466 ejusmodi
1456 1422 1556 1457 finem
1568 1433 1637 1457 non
1660 1422 1826 1466 potuerint
1848 1431 1996 1456 exercere
2010 1419 2027 1451 ἓ
2045 1419 2156 1456 Certo

1273 1475 1377 1507 &nos
1388 1473 1548 1508 Latiniin
1572 1470 1685 1508 eadem
1707 1472 1953 1516 Septuagefimae
1977 1470 2158 1505 Dominiea

1277 1523 1399 1557 Adami
1421 1523 1644 1566 expulsionem
1671 1522 1990 1562 commemoramus,
2015 1520 2159 1562 ideoque

1273 1573 1458 1606 omittimus
1483 1572 1626 1614 Alleluja
1646 1596 1658 1611 ,
1697 1573 1804 1616 legere
1831 1572 2008 1615 incipimus
2033 1568 2156 1605 librum

1273 1622 1426 1662 Genesis,
1452 1622 1486 1655 &
1506 1619 1655 1664 pleraque
1679 1619 1898 1662 Responsoria
1911 1622 1985 1655 sunt
1995 1620 2037 1656 de
2046 1619 2157 1663 expul-

1274 1673 1308 1703 fo
1331 1670 1466 1703 Adamo
1481 1693 1488 1700 .
1515 1668 1659 1703 Proinde
1676 1670 1710 1703 in
1732 1670 1795 1704 isto
1815 1668 2054 1704 Armeniorum
2079 1669 2157 1712 jeju·

1274 1718 1331 1752 nio
1355 1717 1440 1752 nihil
1465 1718 1662 1761 culpandum
1685 1718 1778 1752 venit
1800 1742 1811 1759 ,
1847 1719 1905 1752 niti
1931 1718 2022 1762 quod
2049 1718 2157 1762 ipsun

1274 1768 1439 1803 voluerint
1459 1768 1522 1803 else
1547 1767 1677 1809 firmum
1705 1767 1754 1801 sui
1780 1765 2159 1803 schismatis'vineuinm

1273 1820 1307 1853 δε
1329 1818 1515 1853 fbmentum
1528 1842 1536 1850 .
1564 1817 1632 1852 Uti
1650 1828 1712 1851 nos
1733 1815 1779 1851 ob
1800 1828 1867 1851 non
1882 1819 2038 1853 servatam
2056 1817 2161 1853 &xa-

1274 1867 1399 1913 gefimae
1421 1865 1674 1911 T'yrophagiam
1694 1867 1727 1901 δε
1743 1867 1987 1910 carnisprivium
2001 1891 2012 1907 ,
2037 1867 2085 1906 itt
2094 1866 2158 1902 Ar·-

1275 1919 1373 1953 menii
1394 1917 1439 1952 ob
1463 1919 1555 1952 suum
1577 1917 1742 1952 Arziburii
1755 1917 1916 1959 jejunium
1929 1917 2052 1953 nullius
2063 1916 2157 1963 Apo*
2205 1922 2208 1928 '

1274 1968 1381 2003 stolici
1403 1967 1552 2004 Canonis
1572 1967 1646 2005 sunt
1668 1967 1945 2016 praevaricatores.

1310 2177 1923 2264 *CALUMNIA
1991 2211 2078 2258 Vl.

1275 2362 1412 2408 Latini
1423 2355 1581 2425 z’nfiicro
1595 2363 1626 2405 S
1613 2354 1769 2423 ymbolo
1797 2350 1970 2402 adhibent
1993 2352 2160 2401 additio..

1345 2449 1425 2479 nem
1441 2465 1454 2492 ‚
1490 2427 1589 2478 mali}
1601 2433 1659 2477 (θ’
1666 2423 2060 2499 perniciosistntientes
2070 2459 2086 2477 .
2142 2439 2148 2444 “

1382 2573 1450 2606 AEe
1460 2569 1559 2606 etiam
1571 2568 1617 2604 est
1639 2567 1803 2604 Photiana
1823 2565 2005 2604 calumnia,
2031 2563 2066 2597 δε
2091 2571 2155 2597 nos

1407 2621 1516 2666 arguit
1541 2621 1582 2654 de
1617 2617 1770 2657 duobus,
1795 2625 1933 2658 quorum
1955 2613 2095 2647 alterum
2111 2610 2154 2646 ad

1275 2673 1397 2718 dogma
1409 2696 1420 2712 ,
1445 2671 1582 2705 aiterum
1601 2670 1718 2711 speeiat
1726 2667 1767 2700 ad
1785 2662 2010 2707 disciplinam.
2039 2659 2154 2694 Primo

1278 2734 1336 2756 nos
1347 2722 1474 2766 arguit,
1500 2718 1588 2763 qudd
1598 2717 1753 2758 Spiritum
1769 2715 1922 2748 Sannum
1942 2709 2152 2745 credamus&

1275 2771 1450 2806 doceamus
1463 2780 1530 2802 non
1542 2779 1583 2801 ex
1596 2767 1692 2799 Patre
1701 2776 1757 2808 per
1767 2762 1890 2795 Filium
1899 2785 1911 2802 ‚
1937 2760 1991 2795 sed
2002 2759 2153 2804 procede‘

1275 2832 1306 2854 re
1331 2832 1373 2854 ex
1398 2818 1495 2852 Patre
1521 2818 1553 2851 &
1578 2817 1667 2850 Filio
1692 2839 1700 2846 .
1727 2809 1878 2848 Secundo
1898 2834 1910 2851 ,
1944 2809 2033 2854 quod
2060 2809 2154 2844 Con·

1275 2867 1567 2910 stantinopolitano
1589 2863 1751 2908 Symbolo
1775 2864 1810 2896 in
1832 2861 1923 2896 istius
1949 2859 2151 2895 erroriscon-

1276 2918 1495 2953 firmationem
1518 2916 1675 2950 addamus
1697 2924 1833 2953 vocem,
1860 2911 1993 2952 Filioque
2012 2933 2023 2948 ,
2052 2918 2151 2951 atque

1278 2971 1321 3003 ira
1342 2968 1446 3011 ipsum
1468 2967 1503 3000 in
1539 2965 1657 2999 nostris
1679 2962 1828 2997 Ecciefiis
1847 2970 1963 2995 contra
1984 2956 2151 3001 Ephesiuae

1278 3018 1407 3062 Synodi
1424 3018 1601 3051 Decretum
1621 3014 1808 3049 solemniter
1832 3010 2040 3044 decantemus
2060 3033 2069 3042 .
2105 3007 2151 3041 Et
2206 3013 2209 3015 ·

1279 3069 1344 3103 haec
1363 3067 1526 3103 calumnia
1549 3066 1674 3100 cunstis
1695 3062 1805 3107 paffim
1818 3060 1938 3094 Graecis
1947 3058 2012 3092 visa
2022 3056 2068 3092 est
2082 3069 2154 3092 rno-

1279 3119 1423 3153 mentosa
1435 3142 1446 3158 ‚
1473 3116 1611 3159 ideoque
1629 3113 1781 3158 cespitare
1807 3110 1884 3146 fecit
1901 3108 2000 3142 etiam
2018 3107 2154 3142 Petrum

1280 3165 1467 3203 Antiochiae
1478 3164 1717 3200 patriarcham:
1744 3161 1804 3195 Sed
1812 3160 1922 3192 malum
1937 3157 1974 3198 est
1996 3156 2092 3198 istu’d,
2118 3157 2154 3190 6·

1277 3221 1420 3253 malorum
1427 3217 1571 3259 peffimum
1583 3240 1594 3255 ,
1618 3215 1734 3247 additio
1744 3217 1776 3243 in
1789 3208 1931 3247 symbcio.
1959 3209 1991 3240 Si
2012 3213 2091 3240 enim
2108 3208 2152 3237 Ε-

1279 3269 1418 3313 vangelia
1433 3268 1524 3306 nostra
1530 3265 1591 3308 fint
1608 3266 1710 3298 eadem
1729 3271 1794 3294 cum
1814 3260 1929 3291 illorum
1949 3256 2129 3299 Evangelii-r
2140 3275 2152 3291 ‚

1278 3321 1355 3353 unde
1361 3318 1405 3351 illi
1414 3343 1424 3358 ‚
1444 3317 1534 3358 plura
1546 3316 1636 3358 quam
1648 3324 1699 3346 nos
1709 3309 1800 3345 edobli
1810 3333 1822 3349 ,
1847 3306 2014 3350 hujusmodi
2023 3307 2152 3337 alienam

1278 3371 1462 3402 additionem
1463 3366 1600 3408 fecerunt
1612 3364 1629 3395 ?
1639 3364 1658 3395 5
1659 3363 1699 3396 ed
1707 3386 1717 3401 ,
1730 3369 1764 3394 ut
1777 3359 1899 3393 videtur
1907 3381 1917 3396 ,
1930 3352 2088 3397 amiserunt
2098 3355 2154 3384 Ro,

1280 3424 1362 3455 mani
1372 3417 1511 3461 exempla
1520 3420 1555 3451 N
1557 3420 1657 3450 icaenae
1670 3410 1787 3447 Sama
1796 3408 1904 3450 synodi
1909 3405 1985 3448 ,ciam
1994 3403 2155 3487 Wancdali·

2086 3465 2107 3489 a
