2352 3736
127 426 202 463 Cap.
223 434 248 459 4-

127 658 279 692 L.3.c34.

126 772 220 806 Las-e
236 773 275 799 16.

124 885 197 924 Cap·
218 894 259 916 ιο.

122 1421 199 1458 οη),
235 1428 279 1455 ¹3-

370 178 462 232 198

295 264 363 299 lum
392 288 403 305 ,
438 263 570 297 Sanetus
595 261 823 304 Hieronymus
849 261 882 294 δε
907 258 963 292 alii
989 258 1163 304 graviffimi

297 316 456 351 Dofiores
466 311 653 346 constanter
670 314 703 346 &
716 308 833 344 meritc>
843 310 1006 343 affirmant
1019 335 1025 341 .
1053 309 1163 344 Etiam

296 363 381 400 istud
407 362 573 406 flagitium
598 363 632 395 in
645 361 728 394 libro
740 359 780 392 de
795 358 959 393 Pudicitia
987 369 1081 394 notat
1093 371 1165 403 prae-

297 413 405 448 sertim
426 411 671 446 Tertullianus:
698 410 841 450 Reliquas
861 408 1018 442 libtdinum
1034 409 1138 452 furias
1157 433 1168 450 ,

297 467 409 504 impias
436 464 471 497 (ἃ
481 468 515 495 in
525 468 644 501 corpora
668 459 702 492 ἐς
712 464 744 491 t'n
752 457 843 501 sexus
854 461 934 492 ultra
939 461 1016 501 jura
1028 469 1146 494 naturae
1158 483 1169 499 ,

298 523 356 546 non
368 513 450 545 modo
460 513 582 548 limine,
608 519 711 542 verum
721 515 799 541 amm·
809 508 940 551 Ecclesia
960 509 1034 542 tedio
1057 508 1169 553 submo-

299 573 403 596 vemus
416 586 423 592 .
453 562 536 602 ,Quia
547 570 603 592 non
609 557 680 601 fiant
691 559 799 593 delfau
810 583 821 600 ,
828 558 888 602 sed
895 559 1037 600 monstra.
1065 560 1169 607 Qod

297 609 519 654 emphaticum
545 609 728 643 locutionis
751 620 856 653 genus
882 609 927 643 est
938 618 1105 643 mutuatus
1130 609 1171 643 ab

298 661 434 695 homine
459 659 578 704 gentili
604 659 761 694 Svetonio
782 673 793 693 .·
821 658 990 701 Monstruosi
1008 659 1171 693 concubitus

298 718 461 751 repertores
487 734 495 742 .
534 709 579 743 Et
604 710 721 743 iterum
748 723 760 743 .·
796 708 982 753 Monstruosae
1006 711 1171 757 libidines».

297 758 404 794 Addit
429 759 517 795 idem
543 759 674 804 gentilis
684 760 862 794 nefandum
889 760 974 794 istud
997 759 1173 794 hominum

297 820 400 855 genus
427 822 496 844 non
523 809 694 844 dumtaxat
720 808 799 844 urbe
825 811 1034 854 pellendum,
1060 809 1113 844 sed
1140 811 1174 844 δε

298 859 464 904 profundo
474 858 766 905 submergendum.>
792 861 873 908 Qo
894 860 1054 904 supplicio
1072 859 1174 894 viudi-

298 911 365 944 cari
381 910 572 944 consuetum
583 911 721 944 affirmat
731 909 830 948 etiam
842 910 973 955 gentilis
984 909 1173 944 Athenaeus.

298 960 394 994 Hinc
416 959 466 994 illi
478 960 750 995 Sacramentalem
763 960 863 994 etiam
873 959 1112 995 absolutionem
1139 960 1175 994 in

300 1010 419 1044 mortis
445 1010 584 1044 articulo
610 1008 794 1054 denegabat
819 1010 982 1053 primitiva
1009 1009 1175 1049 Ecclefia,

299 1059 433 1093 Christo
446 1060 600 1094 Domino
611 1060 739 1095 summo
751 1060 863 1095 nostro
872 1062 908 1095 in
924 1062 1054 1095 dextera
1069 1060 1175 1092 Patris

296 1109 455 1143 Pontifici
477 1111 638 1145 reservans
664 1112 697 1145 δε
710 1111 843 1145 mittens
860 1108 1072 1154 judicandum
1085 1135 1093 1142 .
1121 1109 1176 1143 Ex

295 1159 356 1193 ista
370 1159 456 1203 peste
470 1170 604 1193 omnem
618 1159 766 1195 Africam
787 1162 879 1195 fuine
889 1162 906 1194 ὲ
919 1160 1043 1195 Divina
1053 1158 1176 1200 justitia

297 1210 450 1244 traditam
468 1210 503 1244 in
515 1210 669 1244 Barbaras
681 1211 918 1244 Wandalorum
939 1221 1079 1249 manus,
1103 1209 1176 1242 scri-

299 1256 347 1292 bit
373 1260 408 1293 in
434 1259 524 1294 libxis
550 1259 590 1293 de
614 1261 818 1303 providentia
840 1262 973 1295 Sanctus
985 1259 1172 1294 salvianus.

299 1309 411 1342 Etiam
422 1309 581 1354 Angliam
596 1309 630 1342 in
644 1310 888 1345 Nortmannam
901 1309 1074 1344 Guilielmi
1086 1308 1174 1343 Con-

296 1358 464 1401 quaestoris
475 1361 665 1402 potestatem
693 1358 773 1393 hinc
791 1358 951 1394 devenisse
974 1360 1112 1394 affirmat
1139 1359 1172 1392 in

297 1407 533 1446 Albanenfium
545 1408 714 1444 Abbatum
733 1410 802 1444 vita
819 1409 997 1445 Matthaeus
1023 1408 1175 1443 Parifien-

297 1458 336 1492 sis
354 1482 361 1490 .
387 1458 454 1496 Sub
465 1457 638 1494 Ludovico
648 1458 713 1492 Pio
734 1458 893 1493 celebrata
920 1461 1006 1494 sexta
1017 1458 1173 1493 Parienfis

297 1508 451 1551 Synodus
467 1508 513 1542 ait
539 1506 658 1543 exinde
684 1509 784 1552 perire
795 1507 940 1542 Ecclefiae
967 1508 1111 1548 statum,
1137 1509 1170 1542 ὃ(

298 1557 418 1602 Regna
445 1557 617 1602 periclitari
643 1583 651 1590 .
686 1558 798 1606 Qare
831 1557 993 1601 flagitium
1023 1568 1169 1591 extremo

126 1614 277 1651 Lemno
289 1607 458 1653 *supplicio
485 1607 720 1645 vindicandum
741 1632 752 1651 ,
788 1619 946 1653 magnum
983 1606 1167 1646 Constanti-

583 175 623 219 S.
663 173 885 219 Luoms
921 170 1092 216 Nom:
1119 170 1407 219 Ramnsn
1443 174 1821 224 Concnlumi

1227 270 1305 294 num
1328 258 1493 300 imitatus,
1518 259 1556 293 in
1579 262 1718 296 novellis
1742 265 1807 299 suis
1826 266 1953 310 legibus
1978 265 2096 301 merit&

1226 310 1335 345 statuit
1359 309 1535 352 Imperator
1562 309 1776 352 Justiniaenus.
1805 315 1916 360 Quam
1937 315 2099 351 horrende

1227 360 1375 404 castigari
1387 359 1508 402 jusserit
1521 359 1578 393 illo
1590 361 1726 395 infestos
1740 362 1918 406 Episcopos
1941 366 1987 399 &A
1996 366 2098 405 Cleri-

1227 421 1284 444 cos
1309 434 1319 449 ‚
1353 408 1452 443 habes
1477 410 1562 453 apud
1589 409 1833 454 Theophanem
1859 413 1893 446 ἀ
1918 413 2102 459 Georgium

1229 460 1435 494 cedrenum.
1462 460 1615 506 Qaliter
1640 459 1681 495 ad
1706 461 1830 495 Leonis
1853 462 1934 495 noni
1955 474 2102 510 tempora

1230 509 1393 553 flagitium
1404 512 1580 554 graffatum
1592 512 1652 552 fit,
1679 511 1781 546 videri
1794 512 1889 555 possis
1909 523 1951 547 ex
1969 514 2036 555 ejus
2059 517 2109 551 ad

1230 561 1385 594 Sant'tum
1419 558 1554 594 Petrum
1581 561 1740 595 Damiani
1767 561 1883 596 litteris
1907 587 1919 603 ,
1955 562 2104 606 libroque

1230 621 1327 654 quem
1347 609 1415 653 ejus
1426 609 1508 652 juffu
1521 610 1666 654 scripfit,
1688 622 1729 646 ac
1748 611 1811 656 ipfi
1834 612 1990 656 instripfit
2003 611 2104 649 dietus

1234 659 1347 694 Petrus
1369 682 1380 699 ‚
1406 661 1440 694 ἀ
1466 659 1639 704 appellavit
1665 660 1966 697 Gomorrhianum.
1995 662 2107 699 Etiam

1234 710 1418 754 Hugonem
1442 710 1688 755 Lingonensem
1711 712 1913 756 Episcopum
1934 713 2107 757 fuiffeipso

1233 760 1387 795 infectum
1403 782 1414 800 ,
1439 759 1579 805 ideoque
1594 760 1612 794 a
1634 762 1776 804 praesenti
1787 763 1926 805 Synodo
1953 763 2106 807 degrada-

1234 819 1304 844 tum
1318 834 1327 849 ,
1354 807 1475 845 habent
1485 813 1550 847 asta
1567 811 1758 853 synodalia.
1790 811 1918 846 Verum
1938 814 2029 847 enim
2057 825 2107 848 ve-

1235 858 1271 893 ῐό
1282 859 1460 895 nefandum
1472 861 1517 895 est
1531 859 1595 894 hoc
1608 862 1787 896 monstrum
1799 887 1810 903 ,
1836 860 1976 907 ideoque
1996 864 2106 897 imite-

1234 920 1308 945 mur
1323 910 1474 945 Sanctum
1490 910 1684 946 Anselmum
1696 912 1965 947 Cantuariensem
1991 911 2109 947 Archi-

1236 960 1421 1002 episcopum
1448 984 1460 1001 ,
1494 960 1535 994 de
1559 972 1628 1005 quo
1669 961 1837 996 Henricus
1862 962 2107 1008 Cnygthonus:

1239 1007 1390 1052 anselmus
1399 1011 1561 1044 Sodomita:
1571 1011 1698 1052 quolibet
1714 1013 1763 1046 die
1776 1016 1928 1046 Dominlco
1950 1024 2109 1047 excommw

1237 1061 1382 1093 nicandos
1403 1057 1534 1101 censale.
1560 1061 1619 1093 Sed
1639 1061 1673 1094 Θ
1692 1060 1742 1095 boc
1757 1062 1938 1103 postmodum
1964 1064 2108 1098 retrac‘la-

1238 1115 1286 1142 vit
1305 1133 1312 1140 .
1339 1112 1426 1141 Nam
1443 1108 1602 1149 publicatio
1625 1108 1716 1150 hujus
1736 1116 1806 1144 vim
1826 1117 1937 1153 pravis
1956 1114 2110 1147 mentibus

1230 1158 1297 1199 fuit
1322 1156 1418 1199 fomes
1439 1159 1562 1199 majms
1583 1159 1718 1192 audacia
1742 1158 1854 1201 fimma
1882 1165 2107 1202 perpetrandi.

1239 1207 1363 1243 Eadem
1377 1208 1418 1242 de
1428 1208 1522 1243 causa
1534 1208 1814 1243 Gomorrhianum
1826 1232 1836 1248 ,
1863 1211 1896 1243 in
1920 1221 1988 1253 quo
2005 1211 2112 1256 fingu-

1239 1260 1275 1292 1ae
1299 1258 1372 1292 vitii
1394 1257 1486 1292 istius
1511 1258 1629 1301 species
1639 1260 1820 1294 refutantur
1831 1260 1963 1302 quidem
1973 1260 2112 1296 dostiffi·

1238 1309 1290 1343 me
1313 1309 1347 1342 δε
1368 1307 1557 1348 castiffime‚
1583 1310 2006 1352 tamen4&1exponuntur‚
2032 1305 2130 1346 San-'

1237 1361 1285 1404 Ctiv
1299 1358 1388 1392 Petri
1403 1359 1558 1393 Damiani
1581 1359 1699 1393 librum
1712 1359 1812 1394 finxit
1836 1359 1854 1392 ὲ
1880 1361 1911 1393 se
1927 1358 2085 1403 perditum
2098 1384 2110 1401 ,

1239 1420 1334 1451 atque
1345 1408 1389 1443 ita
1401 1419 1477 1443 cum
1488 1408 1580 1452 gravi
1591 1407 1711 1444 laudati
1726 1408 1879 1444 Auctoris
1888 1410 1935 1444 ira
1945 1410 2112 1453 supptesfie

1238 1458 1395 1494 Pontifex
1406 1456 1594 1493 Alexander
1605 1459 1780 1493 secundus.
1807 1460 1892 1507 Quae
1905 1459 2017 1505 regula
2040 1471 2113 1495 om-

1240 1507 1323 1544 nin&
1344 1508 1502 1544 servanda*
1519 1508 1564 1542 est
1590 1509 1624 1541 in
1645 1508 1757 1543 nostro
1769 1509 1910 1554 Belgio,
1935 1510 1993 1544 uhi
2012 1520 2112 1547 vmou·

1240 1559 1340 1593 strum
1352 1556 1505 1601 ignotum
1519 1557 1577 1598 est,
1603 1558 1639 1591 ὃς
1650 1559 1797 1604 plurimis
1808 1559 1993 1597 inauditum
2003 1585 2010 1593 .
