2352 3736
494 95 585 125 DE
654 81 694 126 S.
765 82 1097 129 LEONIS

241 171 276 204 ἃ
286 168 484 215 trigesimum
495 170 620 211 sextium
632 166 1032 202 CanonemTrullanum.
1061 164 1116 198 Ad

231 220 379 253 'eandem
402 212 644 262 translationem
669 214 869 261 probandam
896 216 995 249 Anna
1019 214 1118 248 Com-

240 280 324 302 nena
348 269 754 311 Constantinopolitanum
776 266 901 307 omittit
921 289 931 304 ,
965 267 998 299 &
1017 265 1118 298 utitur

232 318 312 352 solo
329 319 468 363 Canone
489 317 749 352 chalcedonensi
772 341 779 348 .
816 315 941 363 Verum
963 315 1003 348 ab
1025 315 1117 347 omni

1169 80 1401 129 Nour

1470 85 1763 131 ACTIS.
1889 105 1985 149 433

1178 168 1327 209 secturam
1345 191 1355 207 ‚
1374 167 1408 201 ὃς
1420 167 1503 201 isiud
1517 167 1633 211 requiri
1644 168 1683 202 ad
1706 166 1854 202 Ecclefiae
1874 170 2048 206 unitatem.

1180 216 1220 249 Et
1242 216 1437 251 addiderunt
1469 219 1630 252 rationem
1654 231 1660 249 :
1700 223 1777 251 Cum
1799 221 1904 251 Divini
1924 222 1958 253 ὢ·
1974 219 2052 262 sacri

1177 270 1310 298 Canones
1332 269 1413 300 velut
1432 269 1607 309 arvipendio
1625 269 1751 311 quodam
1777 268 1962 302 Patriarchis
1982 281 2055 311 qua·

1178 325 1242 348 tuor
1252 316 1327 348 orbis
1336 326 1442 358 partes
1465 318 1660 354 distribuerint
1675 342 1685 357 ,
1706 324 1756 359 qui
1775 318 1815 359 fit
1834 329 1866 351 ur
1889 317 1947 360 ipse
1965 317 2057 361 fiemel

240 367 359 402 Latina
383 368 526 402 Ecclesia
550 367 716 411 proscripti
743 391 753 406 ‚
789 366 878 408 quod
915 365 1119 399 sacrosanstis
1172 366 1287 404 statuta
1298 366 1539 411 transgrediens,
1561 370 1656 409 velis,
1679 367 1832 407 easinstar
1845 375 1931 401 unius
1953 368 2055 403 haberi

239 418 377 452 Nicenis
399 418 605 452 adversentur
624 440 634 456 ‚
664 418 697 451 ὃς
719 416 864 450 damnati
886 416 959 448 sunt
984 414 1036 448 isti
1058 414 1119 447 Ca-

239 478 367 509 nones,
394 469 429 502 &
454 479 660 512 nequaquam
687 466 870 506 Romanae,
895 465 948 498 sed
977 465 1119 499 Alexan-

239 517 339 551 drinae
366 517 537 552 dumtaxat
562 529 598 552 ac
625 515 846 550 Antiochenae
871 540 881 555 ,
906 526 965 548 nec
993 526 1059 548 non
1086 513 1119 545 δε

239 568 340 601 trium
378 566 680 611 Autocephalatum
717 565 909 599 Dioeceseon
949 563 1119 608 Cathedris

237 617 419 652 intulerunt
446 618 622 660 injuriam:
649 617 840 650 Romanum
864 615 1043 648 Primatum
1071 612 1119 644 fir-

238 662 365 708 mant;
393 667 801 710 Constantinopolitanum
838 665 1033 707 Episcopum
1072 662 1118 694 illi

238 716 428 751 nullatenus
449 726 596 760 aequant,
623 716 677 750 sed
706 713 1118 750 solummodddantsecun-

238 766 318 800 dum
343 766 376 799 in
401 766 543 801 Ecclesia
566 768 693 800 locum.
721 765 823 798 Nulla
850 774 1004 806 umquam
1019 762 1118 804 Syno-

237 815 299 849 dus
313 840 323 855 ,
353 817 401 849 uti
425 814 491 851 haec
505 841 516 857 ,
543 817 735 850 Romanum
754 814 935 847 Primatum
948 812 1119 846 exaltavit.

237 865 283 898 Et
305 866 467 901 Trullana
489 891 500 907 ‚
538 865 627 908 quod
653 864 770 897 abesset
796 862 967 896 Romanus
995 861 1119 906 Episco-

235 926 316 958 pus,
339 916 380 948 ’ἀ
405 916 470 947 sine
489 915 565 956 'ipso
591 915 693 947 nosset
720 914 751 946 se
776 910 980 954 nihilpoffe‚
1007 912 1121 954 inipso

237 963 482 1007 Episcopalium
507 963 782 1005 subscriptionum
794 962 900 1005 capite
913 962 1040 1005 posuit:
1069 965 1122 994 Lo-

237 1025 288 1054 cus
307 1010 473 1055 sanc‘izffimi
497 1015 592 1055 Papae
613 1017 758 1045 Romani.
784 1011 828 1044 Et
853 1009 1040 1046 immediate
1051 1010 1120 1052 post

236 1061 438 1096 patriarchas
460 1062 607 1104 adJunxit
629 1075 637 1094 :
676 1066 769 1095 Locus
794 1060 933 1105 Episcopi
953 1061 1122 1104 Thessaloni-

237 1124 344 1146 cents.
372 1112 477 1160 Qod
498 1111 553 1146 hic
575 1113 608 1145 in
630 1111 766 1155 Illyrico
778 1121 885 1156 ageret
902 1112 987 1145 vices
1003 1111 1122 1146 Roma·

238 1168 313 1196 nas.
339 1160 471 1205 Papalia
483 1161 652 1206 privilegia
666 1157 812 1205 pendere
822 1161 863 1195 ab
874 1161 1097 1204 Imperialibus
1112 1184 1122 1199 ,

235 1211 272 1246 ,δε
292 1223 369 1246 cum
391 1211 454 1245 illis
474 1213 536 1246 effe
554 1212 708 1246 translata
721 1236 732 1252 ,
760 1212 898 1255 ideoque
909 1212 1120 1246 universalem

237 1262 343 1296 totius
363 1258 620 1296 Christianitatis
633 1261 863 1296 Praefefluram*
873 1262 1020 1306 migrasse
1032 1262 1119 1296 Con-

237 1311 512 1355 stantinopolim,
535 1313 656 1355 primus
675 1312 849 1346 somniavit
880 1311 1024 1345 “photius
1041 1325 1051 1344 :
1087 1311 1121 1344 &

235 1361 303 1405 jam
322 1361 447 1396 dudum
463 1361 607 1406 'sepultas
627 1372 730 1407 nugas
763 1358 911 1397 Michael
937 1361 1119 1396 Cerularius

233 1411 415 1455 resumpfit.
504 1411 506 1413 “

285 1461 389 1496 Aliud
404 1473 462 1505 pro
473 1461 581 1508 fabula
602 1470 830 1507 argumentum
850 1462 985 1496 adducit
1007 1463 1041 1496 in
1067 1473 1123 1495 ec·

232 1509 309 1545 dem
335 1511 376 1546 de
402 1511 661 1546 patriarcharum
682 1513 804 1555 juribus
830 1512 996 1545 Meditata
1033 1511 1118 1544 idem

232 1559 435 1595 Theodorus
456 1562 627 1595 Balsamon
650 1573 657 1591 :

228 1611 398 1653 permiffum
409 1611 617 1642 Alexandrino*
625 1609 678 1641 vel
687 1607 862 1641 Antiocheno
871 1633 881 1647 ‚
906 1608 989 1640 verbi
996 1613 1097 1650 gratia
1107 1631 1118 1646 ‚

231 1667 267 1692 ut
276 1669 341 1692 cum
350 1659 492 1700 lampade
505 1658 629 1698 velface
651 1657 853 1688 Patriarchali
869 1656 972 1696 faciat
994 1661 1052 1688 iter
1076 1657 1120 1687 ad
1135 1683 1137 1689 s

231 1708 335 1741 urbem
360 1711 583 1748 Imperatoriam
608 1730 618 1747 ,
638 1705 690 1738 vel
709 1710 742 1737 in
763 1706 856 1738 aliam
878 1704 1044 1745 Dioecefim,
1070 1715 1118 1737 ex-

231 1761 323 1799 ceptis
336 1757 396 1789 illis
407 1760 569 1797 provinciis
583 1779 593 1795 ,
620 1766 686 1797 quae
695 1762 748 1796 per
759 1753 970 1797 Canonessunt
989 1756 1048 1787 illis·
1072 1763 1117 1786 at-

232 1805 353 1850 pributae
366 1832 373 1838 .
404 1806 583 1840 Enumerat
594 1802 852 1839 Patriarcharum
863 1805 1031 1848 privilegia
1046 1829 1057 1844 ,
1083 1805 1117 1838 ὃς

233 1857 268 1890 in
281 1854 332 1890 his
342 1856 480 1890 affirmat
493 1855 560 1899 pari
573 1856 646 1888 loco
658 1854 843 1889 habendum
864 1855 1069 1897 &pauperem
1084 1856 1118 1889 (ἰν

232 1906 419 1947 opulentum.
450 1907 494 1939 Et
519 1905 721 1949 prosequitur
743 1918 749 1937 ε
779 1908 885 1938 Tacere
906 1916 964 1938 non
984 1905 1116 1948 possum,

233 1956 353 1999 Quinti&
370 1953 561 1998 respondeam
573 1980 583 1996 ‚
600 1961 652 1998 qm·
663 1955 983 1997 audaderpraedicant
992 1956 1012 1987 ἆ
1024 1957 1117 1999 digni-

232 2014 297 2039 tate
311 2004 511 2037 patriarchali
521 2006 712 2039 removendos
725 2006 930 2039 Antiochenam
953 2008 987 2040 ὦ·
1015 2012 1115 2042 Hiero·

228 2053 452 2097 fhhrmitanum.
481 2057 601 2097 ,Quippe
637 2055 807 2088 canonibus
823 2056 968 2095 statutum
981 2056 1037 2097 est,
1073 2062 1115 2090 in-

232 2110 360 2146 quiunt,
388 2107 544 2146 nequidem
564 2104 747 2148 recensendos
772 2106 822 2150 effe
847 2111 921 2138 inter
939 2105 1115 2148 Pontifices,

230 2154 281 2196 Qui
291 2155 410 2187 nonvel
417 2163 545 2188 extremo
557 2166 621 2188 cum
629 2154 794 2198 periculose
816 2155 968 2196 conferant
991 2158 1035 2189 ad
1044 2155 1113 2199 suoi

232 2204 364 2237 Thronos
375 2206 395 2236 ἃ
405 2204 554 2238 Barbaris
565 2213 715 2247 occupatos
727 2230 738 2246 ‚
764 2216 815 2240 nec
827 2213 960 2245 martyrii
979 2218 1112 2240 coronam

227 2259 430 2296 praeripiant.
457 2255 535 2288 Hoc
547 2265 773 2299 argumentum
792 2256 959 2291 manifeste
977 2268 1046 2290 non
1068 2258 1112 2290 est

231 2302 406 2337 Michaelis
426 2303 583 2338 Cerularii
606 2330 613 2337 .
642 2304 719 2349 Ejus
741 2305 858 2350 quippe
878 2316 1023 2350 tempore
1046 2306 1112 2340 sola

231 2352 434 2388 Alexandria
446 2365 484 2388 ac
496 2354 725 2398 Hierosolyma
738 2381 748 2396 ,
777 2368 845 2390 non
868 2367 975 2389 autem
995 2355 1113 2389 Antio-

231 2402 337 2446 chena
348 2404 463 2438 civitas
475 2414 542 2439 erat
554 2405 588 2438 in
599 2406 753 2449 potestate
768 2406 995 2440 Saracenorum
1010 2432 1016 2438 .
1045 2405 1110 2440 Uti

232 2463 294 2486 nos
314 2453 448 2494 Latini,
474 2455 520 2488 ita
540 2455 639 2489 etiam
663 2455 766 2489 Graeci
790 2455 890 2499 captis
913 2457 946 2489 ὅ(
970 2456 1111 2500 possessis

232 2513 287 2546 per
297 2502 473 2539 Saracenos
481 2513 537 2539 aut
549 2504 632 2538 alios
642 2504 798 2539 Barbaros
813 2505 1000 2539 civitatibus
1015 2504 1112 2539 dede-

231 2550 306 2586 runt
323 2553 358 2585 ἀ
378 2555 608 2588 consecrarunt
629 2555 809 2599 Episcopos
823 2580 835 2596 ‚
858 2556 892 2588 ὃς
916 2556 1028 2589 multis
1049 2556 1110 2589 dis-

233 2601 423 2643 pensatoriis
450 2604 563 2647 gratiis
586 2615 804 2639 exornarunt.
834 2606 876 2639 Et
890 2606 1111 2640 dumillisuas

232 2649 377 2683 incolere
400 2662 437 2683 ac
457 2662 566 2696 regere
584 2653 738 2689 Ecclesias
763 2666 831 2690 non
844 2654 1109 2698 permittebantur

176 2704 183 2712 ⁵
199 2731 206 2742 Α
230 2698 474 2732 ablnfidelibus
484 2700 655 2742 Tyrannis
666 2727 677 2743 ‚
703 2705 814 2746 passim
826 2704 1015 2740 habitabant
1025 2705 1109 2749 apud

232 2748 582 2791 Constantinopolim,
609 2753 731 2787 modici
753 2754 786 2788 δε
807 2766 976 2797 pauperes.
1005 2755 1108 2789 Etuti

231 2797 333 2831 nostri
353 2797 599 2842 Archiepiscopi
623 2802 726 2842 crucis
744 2804 899 2837 vexillum
921 2828 930 2843 ,
957 2805 1000 2838 ita
1024 2805 1109 2837 Grae-

231 2859 347 2882 corum
369 2846 559 2882 Patriarchae
581 2851 748 2884 accensam
760 2851 818 2884 fibi
831 2853 989 2894 praelatam
1003 2854 1108 2888 facem

231 2896 353 2932 habent
377 2898 461 2931 inter
481 2898 535 2936 sua
557 2897 725 2944 privilegia
741 2925 748 2932 .
777 2901 987 2943 Splendorern
1011 2904 1107 2938 istum

229 2946 329 2982 ambo
349 2949 498 2991 usurpare
520 2959 686 2991 nequeunt
710 2950 799 2983 extra
829 2952 898 2984 suas
929 2951 1106 2987 Dioeceses.

229 2997 324 3032 Hinc
351 2998 484 3040 quidam
511 2997 663 3032 dixerunt
691 3000 800 3033 exules
826 2999 1025 3036 patriarchas
1052 3004 1109 3037 illo

228 3057 299 3110 pon
328 3049 413 3090 poste
451 3048 499 3080 uti
534 3049 568 3081 in
606 3048 713 3093 Regia
747 3050 915 3093 praesertim
953 3051 1107 3095 civitate,

231 3096 317 3138 ipsos
337 3098 398 3130 esse
424 3097 618 3131 miserabiles
643 3099 714 3132 solo
739 3101 875 3134 nomine
913 3099 1108 3146 Antistites,

229 3145 273 3179 ad
305 3145 507 3181 residentiam
543 3147 683 3192 obligari
718 3148 817 3183 etiam
853 3161 928 3184 cum
963 3154 1105 3195 martyrii

229 3193 396 3239 periculo,
420 3207 476 3230 aut
501 3196 574 3230 sane
600 3199 661 3232 esse
687 3199 842 3244 indignos
868 3201 1004 3234 nomine
1028 3203 1108 3237 &re

231 3241 458 3279 Patriarchalis
484 3245 672 3290 dignitatis.
695 3248 859 3283 Dixerunt
885 3251 991 3284 solum
1018 3251 1107 3286 Con-

230 3293 559 3337 stantinopolitanum
581 3298 644 3331 esse
666 3309 776 3332 verum
799 3299 1040 3343 patriarcham,
1067 3302 1105 3337 ad

232 3342 326 3386 illum
351 3343 417 3385 jam
443 3345 598 3379 transiisse
623 3349 731 3381 omnis
758 3348 1013 3387 Christianitatis
1032 3363 1105 3396 prae-

325 3392 520 3436 phrisiLupz·
529 3398 746 3438 openTomJK

1164 538 1170 618 l

1164 619 1247 660 [rum
1271 625 1357 652 coetu
1380 615 1505 650 avulsus
1527 642 1537 657 ,
1564 617 1746 661 ideoque&
1767 617 2054 665 animodaceratus

694 1561 842 1592 Nonnulli
868 1562 967 1591 dicunt
990 1570 1047 1590 non
1070 1559 1138 1601 effe³

1182 418 1368 456 Provinciae,
1391 429 1515 459 quaeque
1539 417 1640 461 divisa
1648 416 1721 460 sunt
1732 417 1828 458 νεέίἑ,
1848 420 1927 451 male
1937 417 2055 458 confun-

1178 467 1243 497 dere
1268 492 1274 498 .
1306 466 1456 501 Laudant
1477 467 1804 510 dumtaxacquatuor
1836 466 2053 502 patriarchas:

1179 516 1279 562 Qod
1307 516 1498 556 Romanus,
1524 517 1569 551 ob
1592 518 1772 560 superbiam
1792 517 1905 551 amisso
1926 518 2054 552 univer-

1179 565 1248 597 salis
1270 565 1421 610 Episcopi
1448 566 1547 600 titulo
1567 592 1578 608 ‚
1615 567 1792 601 crederetur
1815 567 1832 600 a
1856 566 2055 602 Patriarcha-

1179 661 1376 698 Theodorus
1398 665 1572 700 Balsamon
1589 666 1687 709 ipfius
1710 668 1950 701 conversionem
1975 678 2055 711 quo-

1179 712 1255 746 tidie
1266 715 1477 756 exspectaret.
1505 715 1582 755 Isti,
1609 716 1762 758 inquam,
1782 727 1954 760 arguerunt
1967 716 2055 751 hunc

1181 762 1395 799 Theodorum
1419 789 1430 802 ,
1457 764 1544 807 quod
1575 765 1671 798 semel
1694 765 1848 798 statutum
1867 766 2055 800 Constanti-

1182 813 1381 856 nopolitanae
1404 813 1574 849 Cathedrae
1587 815 1764 857 supremum
1778 814 1959 848 Primatum
1979 827 2056 848 con-

1182 862 1308 897 velleret
1323 888 1333 904 ,
1373 863 1406 896 δε
1428 863 1572 897 Ecclefiae
1602 861 1827 898 Hierarchiam
1845 864 1935 906 juxta
1958 865 2056 898 Euse÷=

1183 913 1280 945 bianae
1301 913 1449 946 faffionis
1483 913 1638 956 principia
1670 914 1828 948 divideret
1856 914 1889 947 in
1916 925 2055 957 quatuor

1182 961 1435 996 Patriarcharum
1460 963 1722 998 Aristocratiam.
1750 964 1849 997 Hanc
1871 964 1925 997 ille
1946 965 2054 998 firmat

1182 1021 1254 1045 toto
1265 1023 1386 1046 conatu
1400 1013 1490 1046 istius
1503 1014 1669 1056 opusculi,
1697 1015 1729 1048 Sc
1747 1013 1877 1048 adversa
1890 1025 2056 1058 argumen-

1181 1073 1212 1095 ta
1225 1063 1341 1095 refutat
1354 1088 1361 1094 .

1231 1111 1397 1157 roirca
1409 1112 1588 1155 supremum
1602 1113 1693 1147 illum
1706 1113 1885 1148 Primatum
1899 1126 1958 1148 nec
1970 1113 2058 1149 Pho.-

1181 1161 1268 1202 tius‚
1292 1173 1351 1196 nec
1373 1161 1517 1197 Michael
1537 1164 1718 1198 Cerularius
1741 1167 1917 1207 potuerunt
1939 1163 2058 1198 stabili-

1181 1222 1229 1244 re.
1252 1212 1322 1245 Aut
1335 1212 1480 1255 ipsimet,
1502 1223 1557 1247 aut
1581 1213 1724 1257 ipsorum
1746 1215 1935 1247 successores
1947 1214 2057 1249 amisee

1181 1261 1252 1294 sunt
1274 1287 1281 1293 .
1304 1261 1437 1296 Etenim
1460 1263 1493 1295 in
1518 1263 1759 1298 commentariis
1786 1264 1826 1298 ad
1850 1262 1962 1297 Photii
1987 1264 2059 1296 No*

1182 1310 1422 1345 mo-Canonem
1435 1314 1578 1356 praefatus
1598 1313 1798 1348 Theodorus
1816 1313 1966 1358 praedicat
1990 1315 2058 1347 Ro-

1183 1371 1280 1393 mano
1301 1361 1456 1396 Pontifici
1480 1363 1600 1397 donata
1620 1363 1637 1399 a
1674 1364 1803 1408 Magno
1836 1363 2059 1399 Constantino

1182 1410 1286 1454 Regia
1315 1422 1524 1456 ornamenta,
1546 1423 1643 1457 atque
1669 1413 1835 1457 adjungit:
1862 1416 1948 1457 ,Quia
1960 1413 2059 1456 secun-

1181 1460 1221 1491 da
1244 1463 1369 1499 synodus
1392 1464 1476 1495 dedit
1500 1462 1717 1506 Arcbt‘episcopo
1736 1464 2056 1505 Constantinopolitano

1181 1515 1277 1541 omnia
1303 1514 1397 1551 Papae
1419 1516 1546 1545 Romani
1562 1515 1749 1556 privilegia,
1775 1519 1872 1547 conati
1893 1513 1966 1556 sunt
1989 1524 2060 1546 non-

1181 1559 1254 1589 nulli
1276 1560 1463 1592 Pntriarcbae
1476 1584 1487 1599 ,
1512 1571 1544 1593 ut
1565 1563 1612 1594 ille
1633 1564 1755 1596 Gerulas
1776 1565 1810 1595 ὠ·
1834 1567 1979 1594 Dominus
2004 1566 2060 1594 Mi-

1179 1606 1263 1639 chael
1273 1631 1283 1645 ,
1309 1609 1342 1639 (θ’
1354 1610 1406 1640 alii
1420 1611 1523 1642 eadem
1529 1609 1585 1650 fibi
1599 1612 1762 1654 privilegia
1777 1622 1930 1655 arrogare,
1953 1610 2010 1654 sed
2018 1617 2060 1645 eis

1181 1665 1235 1685 non
1257 1655 1332 1687 reare
1355 1657 1446 1694 ceffit.
1476 1658 1518 1690 Et
1540 1659 1572 1690 in
1597 1668 1777 1694 memorato
1801 1661 1840 1693 de
1861 1661 2062 1694 patriarcha-

1179 1713 1249 1736 rum
1270 1703 1393 1746 juribus
1415 1707 1571 1749 opusculo
1603 1704 1710 1742 sdribit
1731 1722 1741 1742 .·
1775 1711 1864 1742 Video
1895 1710 2063 1750 Constanti-

1179 1754 1379 1794 nopolitanum
1414 1756 1664 1799 Arcbiepiscopum
1687 1761 1763 1792 nullo
1786 1762 1879 1801 Papae
1901 1763 2059 1804 privilegio

1174 1801 1265 1844 semet
1283 1814 1456 1844 ornantem,
1483 1812 1590 1848 quippe
1613 1819 1661 1839 nec
1671 1812 1767 1852 Regni
1778 1818 1927 1842 coronatur
1931 1809 2035 1852 fascia
2048 1835 2060 1851 ‚

1174 1851 1198 1895 s
1193 1854 1332 1886 erundum
1345 1856 1381 1887 id
1389 1856 1468 1897 quod
1476 1858 1495 1888 5
1497 1856 1576 1888 anili
1588 1856 1772 1897 Constantini
1779 1858 1925 1897 statutum
1939 1861 1988 1901 esse
2007 1868 2063 1900 pu·

1178 1912 1279 1946 tatur,
1308 1917 1358 1939 nec
1367 1917 1430 1939 curn
1441 1912 1571 1939 coccineis
1582 1909 1682 1939 calceis
1695 1930 1705 1945 ‚
1732 1915 1765 1940 ut
1786 1908 1895 1941 ibidem
1901 1907 2036 1951 sancitur
2049 1934 2061 1950 ‚

1177 1954 1572 1999 veluti71spec¹laculose7net
1589 1956 1727 1997 exhibet,
1755 1968 1807 1989 nec
1831 1959 1918 1990 aliud
1936 1959 2061 2001 denique

1176 2008 1278 2038 Romae
1291 2012 1399 2040 veteris
1413 2009 1509 2048 Papae
1515 2008 1675 2051 privilegiu
1683 2019 1711 2039 m
1724 2005 1845 2050 usurpat
1860 2034 1865 2039 .
1895 2007 1960 2041 Uti
1977 2009 2061 2042 Grae-

1176 2065 1289 2090 corum
1302 2055 1491 2090 Patriarchae
1504 2082 1514 2097 ‚
1540 2057 1583 2091 ita
1607 2058 1639 2090 δε
1662 2058 1804 2100 ipsorum
1819 2058 1955 2102 Augusti
1969 2057 2060 2092 Prin·

1168 2101 1262 2148 cipes
1274 2106 1469 2140 insolentem
1484 2106 1657 2141 Michaelis
1678 2107 1835 2141 ambitum
1847 2108 1878 2141 δε
1892 2108 2059 2150 superbam

1176 2156 1288 2189 alienae
1309 2158 1475 2199 potestatis
1496 2158 1642 2200 rapinam
1663 2169 1727 2192 non
1754 2158 1898 2192 tulerunt
1919 2183 1928 2198 ,
1960 2167 2057 2202 atque

1176 2206 1219 2238 ita
1243 2203 1278 2238 hi
1302 2218 1476 2250 purpureos
1507 2218 1684 2252 compagos
1717 2207 1750 2240 &
1789 2208 1850 2242 alia
1871 2207 2057 2251 Imperialia

1174 2266 1364 2290 ornamenta
1392 2281 1402 2296 ,
1423 2257 1471 2290 illi
1491 2258 1672 2301 supremum
1697 2258 1799 2291 totius
1822 2258 1970 2292 Ecclefiae
1998 2259 2057 2301 priv

1174 2314 1295 2340 matum
1321 2307 1429 2340 nescio
1453 2308 1506 2341 cui
1527 2308 1593 2351 ejus
1628 2308 1794 2342 successori
1817 2309 2021 2342 excusserunt
2048 2334 2055 2341 .

1175 2356 1216 2388 Et
1238 2354 1317 2390 hinc
1353 2357 1526 2391 confictam
1550 2358 1591 2392 ab
1616 2357 1798 2393 Eusebiana
1821 2358 1961 2392 factione
1982 2357 2057 2392 Ari-

1172 2405 1354 2440 stocratiam
1380 2406 1526 2441 defendit
1554 2407 1808 2442 constantissime
1829 2408 1932 2442 dictus
1944 2408 2056 2443 Theo-

1171 2454 1267 2489 dorus
1285 2480 1295 2496 ‚
1326 2457 1359 2490 ὅς
1381 2458 1581 2499 prosequitur
1604 2472 1614 2491 .·
1654 2461 1777 2492 Primus
1803 2457 1981 2492 Patriarcba
2001 2461 2057 2492 ad-

1170 2507 1273 2538 versus
1293 2505 1456 2549 secundum
1461 2506 1523 2550 sese
1535 2519 1591 2541 non
1606 2508 1689 2554 effert
1702 2533 1712 2548 ,
1738 2520 1829 2551 neque
1837 2508 1986 2551 secundus
2000 2510 2056 2542 ad-

1169 2557 1275 2588 versus
1286 2562 1405 2590 tertium
1417 2581 1427 2596 ,
1448 2555 1506 2599 sed
1515 2568 1579 2590 cum
1592 2558 1684 2598 instar
1702 2565 1830 2600 quinque
1848 2556 1986 2600 sensuum
2008 2570 2057 2594 ca.-

1163 2609 1240 2644 pitis
1252 2611 1337 2639 unius
1350 2608 1434 2647 apud
1441 2609 1581 2648 populum
1592 2607 1789 2648 christianum
1801 2607 1969 2641 habeantur
1982 2633 1992 2648 ‚
2009 2611 2054 2641 di-

1164 2659 1280 2695 gnitate
1293 2655 1481 2688 nihilominus
1487 2665 1580 2697 pares
1594 2656 1664 2698 fient
1686 2662 1717 2689 in
1742 2658 1892 2689 omnibus.
1920 2661 1965 2689 Et
1989 2669 2053 2690 cum

1168 2709 1266 2744 capita
1272 2702 1446 2746 [amararum
1464 2713 1520 2746 per
1542 2706 1711 2749 universum
1738 2706 1834 2739 orbem
1859 2706 2052 2748 Ecclefinrum

1165 2754 1233 2793 jure
1245 2755 1381 2786 dicantur
1394 2778 1404 2794 ,
1431 2755 1522 2787 locum
1545 2760 1578 2788 in
1599 2761 1641 2788 eis
1662 2755 1815 2803 discrimen
1835 2756 1873 2788 ab
1886 2755 2051 2790 hominibus

1162 2801 1307 2842 statutum
1331 2804 1438 2838 habere
1459 2816 1517 2837 non
1532 2804 1645 2846 potest.
1692 2805 1777 2839 Cum
1802 2806 1981 2840 Eusebiana
2006 2808 2051 2840 fa-

1169 2853 1274 2887 &ione
1301 2855 1438 2888 affirmat
1464 2865 1577 2889 ornnes
1604 2855 1747 2898 quinque
1768 2854 1967 2890 Patriarchas
1989 2859 2051 2891 effe

1168 2904 1281 2937 divino
1301 2905 1368 2947 jure
1380 2915 1466 2947 pares
1481 2907 1655 2949 peromnia
1672 2931 1681 2945 ‚
1709 2906 1741 2938 ὃς
1770 2907 1837 2940 sola
1865 2907 1929 2939 loci
1944 2931 1954 2946 ‚
1980 2907 2051 2940 nul-

1168 2954 1196 2987 la
1219 2954 1383 2998 potestatis
1409 2956 1615 2999 praerogativa
1643 2967 1741 2989 unum
1770 2957 1908 3000 praeponi
1933 2957 2050 2997 alteri,

1168 3004 1304 3047 ideoque
1332 3005 1426 3038 nullo
1453 3003 1598 3039 humano
1625 3005 1764 3039 Canone
1791 3015 1847 3039 aut
1874 3006 2052 3040 Commen-

1167 3064 1201 3088 to
1227 3051 1291 3087 haec
1317 3055 1404 3097 posse
1430 3055 1615 3088 immutari.
1642 3055 1721 3089 Hoc
1748 3055 1843 3089 docet
1869 3067 1936 3089 non
1959 3057 2050 3090 dum-

1168 3113 1255 3138 taxat
1281 3105 1391 3137 contra
1419 3105 1628 3145 Romanum,
1655 3105 1817 3139 sedetiam
1831 3116 1944 3139 contra
1960 3107 2048 3140 Con-

1166 3153 1510 3197 stantinopolitanum.
1538 3155 1581 3188 Et
1611 3154 1742 3198 quidem
1764 3156 1953 3190 Romanum
1977 3155 2046 3189 ubi-

1168 3214 1227 3248 que
1255 3203 1420 3247 profitetur
1442 3205 1503 3237 effe
1527 3206 1665 3247 primurn
1690 3219 1700 3238 .-
1738 3204 1835 3239 Adeo
1872 3216 1936 3238 non
1965 3206 2050 3238 favit

1168 3252 1323 3287 Michaeli
1350 3253 1514 3287 Cerulario
1536 3280 1542 3287 .
1569 3255 1667 3289 Istam
1694 3255 1782 3289 item'
1800 3254 2043 3290 Aristocratiam

1166 3303 1326 3337 existimat
1353 3314 1419 3336 non
1447 3303 1553 3337 obesse
1581 3305 1697 3338 unitati
1725 3304 1899 3339 Ecclefiae.
1937 3302 2043 3346 Qin-

1167 3365 1227 3395 que
1250 3354 1342 3387 enirn
1369 3352 1590 3394 patriarchas,
1617 3364 1782 3398 tamquam
1795 3354 1935 3432 qUinqilte
1949 3350 2043 3385 Chris·

1511 3403 1526 3436 1
1552 3403 1563 3436 i
1590 3404 1600 3436 i
1927 3400 1993 3443 iani
