2352 3736
56 1186 89 1217 1.
110 1194 136 1220 9»
159 1185 211 1221 EP-

61 1233 103 1262 17·

60 2392 92 2421 L
112 2399 137 2425 4.
159 2390 210 2427 Ep.

67 2439 109 2465 §5-

279 177 335 206 DE
371 160 596 204 S1MON1AE
634 171 881 212 CRIMINE,
919 171 968 199 ET
1003 168 1114 198 VARI
1133 169 1175 198 18
1212 168 1271 197 AD
1315 168 1446 198 IPSUM
1482 168 1822 199 SPECTANTIBUS·
1898 165 1958 214 75

230 256 289 281 tem
298 246 318 276 ἃ
329 242 411 277 nobes
423 243 578 285 definitam
585 239 749 283 praefiimat
759 246 886 284 accipere
899 262 910 279 ,
929 237 1069 277 jubemus
1081 258 1091 273 ‚

226 295 376 338 quidquid
391 294 460 334 plus
480 297 621 333 acceperit
642 316 653 332 ,
688 291 811 331 triplum
841 301 879 322 ex
898 288 975 320 illius
1005 282 1091 317 rebus

226 345 379 377 vindicari
390 341 522 383 Ecclefiae
533 344 655 374 dantis.
687 340 900 373 Exae'iionem
913 335 999 369 hanc
1010 334 1094 367 Grae-

226 393 259 429 ci
269 393 458 438 posteriores
480 401 638 426 vocarunt
657 389 814 424 tributum
836 387 887 420 seu
907 396 1022 419 aurum
1044 394 1096 416 co-

228 443 396 479 tonarium
419 467 430 483 ,
455 442 489 476 id
509 443 552 476 est
572 464 583 480 ,
610 451 668 484 pro
690 435 843 471 clericali
863 445 987 469 corona
1007 433 1097 477 exigi

227 494 419 528 consuetum
429 516 439 532 ,
464 490 533 533 ejus
544 490 757 535 quantitatem
768 484 878 520 denuo
892 484 1026 528 praefixit
1038 483 1099 516 Im-

227 553 356 587 perator
366 542 504 576 Isaacius
514 540 703 574 comnenus
716 559 727 575 ,
752 535 787 568 ὃς
799 536 817 569 a
827 535 975 570 Simonia
988 544 1100 578 purga·

227 593 278 627 vit
289 592 457 627 adversum
468 586 699 624 insimulatores
710 585 870 620 Nicolaus
890 585 1005 619 tertius
1016 606 1026 622 ‚
1050 593 1103 616 co-

227 651 412 688 gnomento
421 638 598 677 Musalius,
611 634 786 671 Patrarcha
799 633 1103 677 Constantinopoli-

228 702 325 727 tanus
336 715 348 732 ,
370 698 505 733 quorum
517 687 656 721 Decreta
669 686 732 720 suis
743 686 783 719 ad
801 683 913 719 Photii
926 684 1103 725 Nemo-ca-

229 750 351 778 nonem
365 737 503 772 Scholiis
525 737 654 775 inseruit
674 734 876 770 Theodorus
904 734 1078 769 Balsamon
1091 755 1102 772 ,

227 794 263 828 ὅ(
273 800 333 828 nos
342 787 426 822 infra
436 787 646 822 adducemus.
677 786 720 820 Et
731 785 797 819 huc
811 784 952 826 omnino
963 783 1102 826 respexit

227 839 368 878 eruditi,
394 837 429 871 in
442 836 814 879 Constantinopolitano
827 835 961 869 Parrum
986 832 1103 867 Praedi-

223 898 373 925 catorum
394 887 572 922 Conventu
592 887 705 931 reperti
726 911 736 927 ,
773 885 941 920 adversum
972 883 1104 916 Graecos

225 938 449 974 schismaticos
458 937 630 971 Tranatus
653 936 798 970 Auctor:
826 939 862 968 In
878 933 956 977 sorte
976 936 1103 966 Simonis

227 989 433 1032 MagideJure
440 985 644 1030 ponendisunt
667 990 832 1019 Graecorum
850 984 1010 1027 Puntificcs
1022 1006 1032 1022 ‚
1053 988 1104 1025 qui

228 1039 319 1072 nullis
331 1037 475 1080 Ecclefias
479 1036 540 1079 fine
545 1043 670 1080 pecunia
680 1038 849 1080 largiuntur
859 1060 865 1067 .

278 1087 404 1125 Verum
415 1088 503 1122 idem
515 1099 587 1123 mos
597 1088 659 1122 fuit
669 1087 794 1122 dudum
805 1086 840 1121 in
853 1085 973 1121 Latina
989 1082 1101 1118 Eccle-

227 1140 269 1174 sia
281 1163 289 1173 .
317 1138 452 1173 Etenim
464 1138 498 1171 in
509 1139 566 1172 suo
575 1162 585 1178 ,
598 1136 684 1180 apud
696 1137 868 1171 Aurelium
879 1133 1106 1169 cassiodorum

228 1189 398 1228 exstante,
425 1188 464 1221 ad
481 1188 638 1230 Joannem
649 1185 825 1221 secundum
848 1184 1044 1219 Pontificem
1066 1182 1105 1216 E-

228 1240 316 1274 disto
328 1238 441 1272 statuit
452 1237 532 1271 olim
545 1235 733 1270 Gothorum
746 1237 780 1269 in
792 1235 887 1269 ltalia
902 1234 977 1269 Rex
1001 1230 1105 1266 Atha-

229 1289 348 1325 laricus
361 1300 368 1319 :
397 1291 454 1320 Vos
463 1293 514 1329 qui
526 1285 776 1320 patriarcharum
786 1285 888 1318 honore
896 1286 1016 1326 reliquis
1025 1290 1105 1324 prae-

224 1339 328 1383 fidens
352 1335 483 1376 Ecclelt'is
504 1362 514 1377 ‚
543 1336 606 1377 fine
626 1337 725 1378 aliquo
746 1334 933 1376 Ecclefiarum
953 1331 1106 1375 dispendio

229 1391 334 1433 dignos
345 1386 634 1428 MajestatiPotifices
657 1385 806 1426 offeratis.
833 1383 1038 1429 Quibusdam
1061 1382 1106 1414 vi-

229 1439 325 1474 detur
336 1437 377 1471 de
388 1436 455 1471 sola
465 1437 699 1479 Episcoporum
721 1434 971 1474 confirmatione
991 1432 1082 1475 loqui
1097 1456 1104 1463 .

229 1489 310 1533 Ego
332 1486 422 1530 loqui
440 1485 620 1518 existimem
652 1484 751 1518 etiam
773 1483 814 1517 de
837 1482 1102 1517 consecratione.

230 1537 423 1584 Qidquam
432 1534 534 1578 accipi
544 1544 652 1574 vetat,
677 1534 711 1567 &
734 1533 949 1576 accipientem
971 1531 1104 1565 damnat

229 1587 272 1621 ad
284 1585 538 1620 restitutionem.
564 1583 721 1618 Attamen
736 1583 870 1618 abusum
893 1593 953 1616 nec
975 1581 1016 1615 ab
1038 1581 1105 1624 ipsa

226 1635 531 1672 ‹RomanaEcclesia
545 1634 639 1677 plene
659 1634 862 1668 eliminavit.
892 1632 1012 1666 Mansit
1037 1631 1105 1665 illic

230 1685 477 1721 Pastellaticum
487 1710 496 1725 ,
507 1684 525 1717 a
536 1685 727 1718 consecratis
742 1683 911 1727 Episcopis
925 1683 1015 1726 exigi
1029 1692 1104 1715 con·

228 1740 359 1772 :suetum
371 1735 502 1769 xenium
516 1759 526 1774 ‚
553 1745 668 1769 contra
678 1733 807 1778 quodin
822 1735 922 1777 prima
937 1734 990 1766 sua
1004 1732 1107 1774 Syno-

229 1786 277 1821 do
287 1786 400 1820 statuit
409 1796 545 1830 magnus
566 1785 762 1828 Gregorius:
790 1787 953 1826 Antiquam
980 1785 1107 1816 Putrum

231 1838 373 1879 Regulam
382 1834 526 1878 sequens,
555 1834 633 1868 nibil
652 1846 783 1877 unquam
802 1836 840 1868 de
864 1832 1106 1866 Ordinationibus

232 1887 435 1928 accipiendum
445 1886 497 1928 effe
505 1884 660 1925 constituo,
687 1896 779 1928 neque
801 1897 837 1918 eu
858 1886 977 1918 datione
994 1884 1105 1922 Pallii,

229 1947 324 1978 neque
333 1947 371 1968 ex
381 1936 541 1968 traditione
551 1934 720 1968 chartarum
732 1960 743 1976 ,
769 1946 858 1977 neque
879 1946 915 1968 ex
929 1945 964 1966 ea
979 1958 989 1974 ,
1015 1944 1107 1975 quam

228 1997 312 2020 nova
320 1994 377 2027 per
389 1984 578 2018 ambitionem
580 1983 727 2026 fimulatio
749 1991 867 2019 invenit
882 2009 892 2024 ,
917 1984 1108 2025 appellatione

230 2036 351 2075 Pastelti
362 2059 370 2067 .
396 2037 455 2067 Pro
466 2036 647 2068 ordinatione
657 2035 709 2068 vel
718 2036 833 2075 Pallio,
853 2033 907 2077 seu
918 2033 1027 2066 chartis
1062 2041 1109 2064 at-

228 2097 284 2129 que
302 2085 422 2125 Pastello
430 2109 441 2125 ,
468 2086 593 2118 eundem
604 2091 654 2127 qui
665 2085 859 2118 ordinandus
870 2083 922 2117 vel
942 2083 1107 2115 ordinatus

229 2135 267 2175 nst
278 2160 288 2176 ‚
300 2141 415 2168 omnino
424 2136 542 2177 aliquid
549 2136 622 2168 dare
627 2134 765 2178 prohibeo
776 2159 783 2166 .
811 2131 913 2183 Qod
929 2132 1108 2167 Decretum

229 2186 280 2220 uti
289 2185 442 2219 Simoniae
451 2184 691 2219 eliminativum
703 2184 811 2219 laudat
824 2185 858 2217 in
872 2183 1012 2226 ejusdem
1023 2182 1108 2216 Pon-

224 2235 329 2275 sificis
348 2236 414 2269 vita
434 2235 572 2277 Ioannes
599 2235 770 2269 Diaconus
793 2261 801 2269 .
837 2233 986 2268 Abusum
1015 2232 1108 2266 fuisse

230 2282 249 2317 ὶ
262 2285 293 2317 se
303 2284 497 2318 eradicatum
510 2283 655 2319 adfirmat
668 2286 733 2328 ipse
754 2285 789 2318 in
814 2284 930 2317 litteris
952 2281 992 2315 ad
1014 2282 1108 2325 Joan-

231 2344 307 2367 nem
318 2332 569 2370 Corinthiorum
581 2335 777 2377 Episcopum
791 2358 801 2373 ,
828 2332 961 2367 Achaiae
985 2331 1107 2366 Metro-

230 2383 368 2426 politam
382 2396 389 2415 ε
418 2387 518 2416 Novit
531 2387 559 2415 F
560 2389 722 2416 raterm‘tas
735 2383 830 2423 vestra
842 2408 852 2424 ,
863 2389 933 2426 qula
939 2382 1025 2424 prinis
1038 2382 1109 2415 Pal-

231 2434 306 2466 lium
325 2431 380 2473 m'fi
396 2434 466 2465 dato
489 2435 634 2465 commodo
655 2445 712 2466 non
730 2434 861 2466 dabatur
883 2459 889 2465 .
929 2434 1023 2476 ,Quod
1040 2444 1107 2474 quo-

231 2488 313 2517 niam
332 2488 516 2525 incongruum
539 2492 604 2515 erat
625 2507 635 2522 ,
656 2483 742 2524 fac‘lo
763 2484 889 2516 Concilio
910 2484 983 2516 anto*
1004 2491 1106 2524 corpus

233 2533 314 2567 beati·
327 2535 412 2565 Petri
425 2531 614 2573 Apostolorum
626 2534 775 2574 Principis
787 2556 797 2572 ,
822 2542 885 2566 tam
897 2534 932 2564 de
943 2532 994 2565 hoe
1020 2543 1107 2574 quam

233 2584 269 2615 de
278 2581 522 2616 Ordinationlbus
543 2583 659 2624 aliquid
665 2589 791 2624 accipere
796 2581 851 2626 sub
863 2582 993 2622 distric‘la
1018 2588 1108 2615 inter·

235 2633 358 2666 dicerene
369 2636 512 2666 vetuimus
524 2657 534 2672 ‚
562 2631 666 2681 Qod
679 2633 784 2676 ipsum
797 2642 883 2667 vetat
892 2630 970 2666 huic
982 2632 1105 2666 Metro·

240 2681 343 2726 politae
353 2682 488 2723 Joanni,
514 2682 903 2727 JoanniArchiepiscopo
928 2683 1037 2725 primae
1057 2682 1111 2724 Ju-

241 2728 382 2762 stinianae
392 2755 402 2771 ,
414 2732 564 2773 Ianuario
578 2733 797 2776 Metropolitae
809 2733 997 2768 Calaritano
1008 2757 1019 2773 ,
1034 2733 1108 2767 Vir-

241 2776 323 2820 gilio
337 2778 506 2814 Arelatensi
516 2807 526 2822 ,
553 2782 698 2827 Eulogio
711 2783 936 2817 Alexandrino
946 2808 956 2823 ,
971 2782 1106 2817 Anasta-

241 2827 289 2859 sio
313 2824 541 2871 Antiocheno,
565 2833 599 2866 ὅ(
622 2832 793 2877 Hesychio
811 2832 1002 2867 patriarchae
1024 2834 1105 2866 Hie-

240 2875 501 2916 rosolymitano:
529 2890 624 2923 atque
646 2884 691 2917 ita
702 2895 771 2917 non
794 2884 897 2918 solam
920 2883 1107 2917 Romanam

239 2924 442 2964 Ecclesiam,
464 2936 501 2958 ac
520 2927 583 2968 ejus
607 2931 791 2974 Dioeceses,
819 2934 872 2967 sed
895 2945 1029 2967 omnem
1050 2933 1108 2967 sub

241 2973 327 3008 eoelo
338 2972 618 3011 Christianitatem
629 2990 762 3017 conatus
788 2983 833 3016 est
852 2984 870 3016 ὲ
892 2984 977 3026 lepra
996 2994 1108 3027 purga-

242 3035 292 3057 re.
320 3023 489 3067 Antiqua,
517 3027 655 3068 quamin
668 3029 753 3066 hisce
767 3033 878 3067 litteris
892 3033 999 3067 laudat
1012 3057 1022 3073 ,
1049 3033 1109 3067 Pa-

242 3083 330 3107 trum
351 3073 479 3118 Regula
497 3076 542 3108 est
565 3077 704 3111 omnino
724 3082 878 3116 secundus
900 3108 910 3124 ,
943 3094 1037 3126 quem
1062 3085 1109 3117 uti

243 3134 357 3156 omnes
368 3122 508 3165 eiusdem
521 3125 645 3166 synodi
655 3128 737 3161 alios
749 3140 921 3174 numquam
939 3133 1110 3167 confirma,

242 3182 292 3206 rat
315 3173 443 3206 Sanetus
462 3174 554 3214 Leo,
580 3175 698 3210 Canon
727 3177 997 3215 Chalcedonensis
1011 3207 1018 3215 .
1058 3184 1109 3216 Ex

240 3222 403 3256 Romanis
415 3222 629 3258 Pontificibus
651 3226 721 3269 ipso
742 3227 861 3270 primus
883 3232 930 3264 uti
944 3232 1041 3274 coepit
1058 3231 1110 3265 hie

240 3282 379 3315 magnus
402 3272 554 3307 Pontifex
579 3299 589 3314 ,
623 3286 719 3318 atque
739 3277 784 3310 ita
813 3278 860 3310 illi
887 3281 1109 3315 auetoritatem

238 3321 396 3364 paulatim
415 3321 627 3358 obtinuerunt
647 3325 733 3368 apud
756 3336 886 3361 omnem
908 3329 1083 3369 Ecclesiam
1102 3356 1108 3364 .

239 3371 285 3456 ξι
296 3371 354 3405 ista
365 3370 492 3406 castitas
502 3371 625 3410 dudum
636 3375 764 3410 duravit
775 3376 811 3410 in
830 3377 980 3416 Romana
1001 3379 1109 3415 Eccle-

263 3432 299 3456 a.

290 3487 305 3499 ·-
336 3471 446 3512 christ.
459 3475 538 3514 Lupi
550 3477 634 3516 Oper.
647 3478 724 3509 Tom.
734 3480 782 3513 IV,

1208 236 1339 271 Etenim
1352 235 1516 280 Apostolo
1529 238 1638 271 nostro
1650 238 1767 272 Sant‘to
1795 237 1967 272 Bonifacio
1979 237 2033 288 aol-

1159 285 1265 320 versus
1277 287 1413 321 abusum
1425 287 1517 321 illum
1531 311 1540 327 ‚
1568 288 1616 321 uti
1627 287 1742 321 Romae
1754 289 1950 332 grassantem
1959 289 2035 329 ,fex-

1159 336 1335 378 postulanti
1347 337 1510 380 respondit
1523 336 1694 371 Zacharias
1712 337 1868 372 Pontifex
1881 342 2036 389 :gReperl-
2054 366 2071 383 Ε

1159 396 1224 417 mus
1236 391 1269 417 in
1282 391 1340 417 tuis
1352 388 1460 419 litteris
1471 410 1481 426 ‚
1495 399 1562 429 quae
1576 393 1665 420 nimis
1677 393 1792 420 animos
1801 389 1905 426 nostros
1920 398 2037 422 contur-
2054 382 2080 435 ζ
2094 380 2102 390 ”

1158 435 1232 467 bant
1245 459 1254 473 ,
1279 437 1359 477 quod
1369 437 1444 467 talia
1454 439 1473 468 ἃ
1485 444 1513 468 te
1527 437 1607 470 nobis
1619 437 1791 478 referantur
1803 462 1813 478 ‚
1823 438 1909 479 quafi
1913 449 1965 470 nos
1975 450 2035 473 cor-

1158 492 1290 526 ruptores
1294 483 1383 525 fimus
1396 489 1551 518 canonum
1563 512 1572 526 ,
1585 489 1618 520 ὡ*
1630 490 1759 520 Parrum
1770 486 1929 530 rescindere
1940 490 2036 520 tradi·-

1161 540 1252 568 tiones
1264 546 1432 576 quaeramus
1443 560 1453 574 ,
1472 546 1507 567 ac
1513 544 1568 576 per
1584 536 1634 569 boc
1647 562 1657 576 ,
1673 539 1752 578 quod
1762 537 1833 578 absit
1841 562 1850 578 ,
1861 547 1923 570 eum
1934 537 2037 576 nostris

1160 584 1283 618 clericis
1293 590 1324 616 in
1335 586 1530 617 simoniacam
1552 585 1673 626 haeresin
1682 589 1848 620 incidamus
1862 612 1872 627 ‚
1897 591 2038 629 accipien-

1162 643 1207 667 tes
1228 635 1262 669 (3
1278 635 1478 676 compellentes
1502 658 1512 673 ‚
1537 642 1569 666 ut
1590 633 1622 666 bt
1643 659 1653 674 ,
1679 637 1785 677 quibus
1813 639 1912 670 Pallia
1934 637 2039 670 tribui-

1163 695 1228 722 mus
1240 708 1250 722 ‚
1277 684 1493 725 nobisproemia
1502 685 1671 727 largiantur
1688 709 1699 724 ,
1726 694 1894 726 expetentes
1917 687 1954 719 ab
1977 688 2039 720 illis

1160 739 1318 775 pecunias.
1347 734 1543 768 Exadiones
1553 732 1611 767 has
1622 732 1756 768 damnat
1775 733 1815 768 de
1842 737 1970 778 pessima
1992 736 2040 771 Si-

1164 783 1273 817 monia
1284 806 1294 822 ‚
1319 784 1352 817 &
1364 784 1406 818 ab
1417 784 1482 818 illis
1493 783 1678 817 Romanam
1692 784 1866 818 Ecclesiam
1890 786 2041 820 adfirmat

1163 833 1406 868 alieniffimam.
1434 833 1597 868 Rescribit
1610 833 1650 867 de
1663 834 1733 867 solo
1745 833 1852 868 Pallio
1862 859 1872 874 ,
1899 836 1987 879 quod
2000 835 2040 871 de

1166 883 1232 926 ipso
1246 883 1315 917 solo
1327 884 1457 926 questus
1469 885 1575 918 fuisset
1599 883 1788 918 Bonifacius
1802 896 1811 926 ;
1837 885 1904 926 ejus
1930 894 2041 918 tamen

1163 933 1290 977 integer
1300 943 1474 968 contextus
1495 934 1601 977 palam
1625 931 1734 969 laudat
1757 933 1863 968 Sanffi
1888 933 2044 978 Gregorii

1166 984 1340 1017 Decretum
1353 1009 1363 1024 ,
1374 983 1582 1028 loquiturque
1592 984 1733 1018 omnino
1746 985 1845 1018 etiam
1858 983 1898 1018 de
1910 984 2043 1028 Episco-

1165 1044 1279 1075 porum
1290 1033 1589 1068 consecrationibus
1599 1058 1606 1065 .
1635 1033 1678 1068 Et
1703 1034 1782 1068 hinc
1805 1034 1950 1069 notanda
1967 1035 2045 1068 sunt

1167 1081 1261 1120 verba
1280 1108 1291 1124 ‚
1319 1087 1508 1126 Expetentes
1532 1086 1566 1118 &r
1586 1085 1788 1126 compellentes
1807 1098 1818 1117 .-
1844 1084 1881 1118 N
1882 1096 1927 1118 on
1949 1086 2047 1127 spon-

1167 1143 1197 1166 te
1205 1132 1391 1169 oblatorum
1412 1135 1636 1178 acceptionem
1655 1135 1813 1170 damnant
1834 1158 1845 1175 ,
1866 1135 1920 1169 sed
1943 1135 2047 1169 solam

1166 1184 1385 1218 exastionem.
1415 1185 1516 1233 Qod
1530 1196 1668 1228 namque
1681 1185 1713 1218 &
1726 1185 1790 1228 ipse
1806 1195 1943 1229 magnus
1965 1185 2048 1218 Gre-

1166 1232 1277 1276 gorius
1290 1235 1481 1276 spontaneas
1493 1234 1678 1269 oblationes
1691 1235 1856 1269 admiserit
1869 1260 1879 1275 ,
1907 1235 1993 1268 lucet
2005 1246 2048 1268 ex

1165 1282 1231 1324 ejus
1242 1283 1282 1316 ad
1294 1284 1453 1326 Joaunem
1465 1285 1574 1328 primae
1587 1286 1769 1329 Justinianae
1780 1284 1958 1319 Primatem
1969 1310 1979 1325 ,
1989 1284 2048 1328 qui

1167 1332 1309 1367 Pallium
1321 1334 1486 1376 postulans
1498 1336 1596 1369 xenia
1622 1345 1663 1369 ex
1686 1337 1823 1378 antiquo
1845 1346 1936 1368 more
1958 1334 2050 1368 mise⁴
2067 1355 2099 1384 L·
2124 1365 2152 1390 4·
2173 1356 2224 1391 Ep·

1509 1387 1608 1418 Xenia
1641 1384 1745 1425 vestrae
1766 1384 1943 1418 sanavimus
1961 1383 2050 1427 sufii-
2069 1397 2097 1424 8,

1168 1393 1214 1416 rat
1240 1407 1250 1423 ‚
1287 1385 1439 1427 responso
1464 1397 1471 1416 :

1164 1440 1232 1474 pere
1244 1440 1358 1466 omnino
1366 1435 1513 1467 nolueram
1524 1458 1535 1473 ,
1562 1442 1632 1475 quia
1643 1435 1735 1467 valde
1756 1436 1820 1476 effer
1843 1441 2029 1478 incongruum
2038 1457 2051 1474 ,

1165 1490 1197 1514 ut
1214 1484 1233 1513 ᾶ
1242 1483 1391 1524 praedatis
1401 1490 1490 1525 atque
1502 1482 1624 1523 afflic‘lis
1632 1483 1784 1523 fratribus
1810 1495 1932 1517 munera
1952 1493 2052 1525 prece-

1164 1532 1413 1574 pissevideremur
1429 1557 1436 1564 .
1464 1530 1723 1575 SedResponsales
1747 1531 1836 1572 vestri
1856 1531 1914 1568 alio
1934 1530 1980 1567 me
2002 1547 2053 1567 ar·
2095 1563 2097 1565 .

1161 1591 1302 1627 gumento
1313 1588 1447 1615 vicerunt
1459 1607 1469 1622 ,
1496 1584 1541 1615 ad
1551 1593 1614 1616 eum
1625 1583 1677 1615 illa
1689 1583 1853 1625 deferentes
1866 1608 1876 1624 ,
1899 1586 1917 1616 ἂ
1929 1595 1983 1627 quo
1994 1595 2054 1618 non

1163 1632 1263 1674 pqffint
1272 1633 1430 1666 oblationes
1442 1632 1544 1674 vestrae
1555 1638 1777 1667 Fraternitatis
1799 1634 1917 1676 repelli.
1944 1634 2053 1669 Xenia

1169 1683 1226 1716 ista
1242 1694 1310 1717 non
1323 1692 1488 1725 tamquam
1502 1684 1634 1718 Canoni
1647 1684 1776 1719 adversa
1791 1686 1943 1719 refutavit
1965 1685 2054 1719 Pon-

1169 1734 1271 1775 tifex,
1298 1734 1351 1768 sed
1365 1734 1454 1778 quod
1468 1744 1611 1769 recenter
1623 1735 1641 1768 ὲ
1654 1734 1800 1778 Bar-baris
1811 1736 1915 1769 rasum
1943 1735 2053 1773 fuisset

1168 1784 1467 1827 omnelllyricum,
1493 1785 1636 1829 ideoque
1647 1785 1715 1828 ejus
1727 1784 1853 1819 Primas
1877 1785 1910 1819 &
1932 1796 2050 1823 omnes

1171 1834 1320 1878 Episcopi
1333 1835 1477 1878 accipere
1488 1837 1598 1878 potius
1621 1835 1776 1870 deberent
1798 1836 2021 1878 eleemosynas
2039 1857 2053 1881 ,

1168 1895 1264 1928 quam
1276 1885 1371 1919 xenia
1389 1884 1464 1919 dare
1477 1909 1484 1917 .
1513 1885 1594 1920 Arte
1617 1886 1651 1919 δε
1671 1885 1740 1919 astu
1761 1887 1814 1920 usa
1836 1887 1899 1919 fuit
1918 1886 2053 1929 Ioannis

1175 1934 1331 1979 Legatio:
1359 1936 1468 1969 Xenia
1480 1935 1534 1969 sua
1547 1937 1664 1970 Sanflo
1677 1935 1776 1970 Petro
1800 1935 1964 1980 Apostolo
1992 1936 2053 1969 ob-

1170 1985 1268 2025 tulit,
1293 1985 1445 2028 atqueita
1458 1986 1522 2028 ipsa
1545 1986 1724 2031 Gregorius
1746 1998 1815 2021 non
1842 1986 1949 2030 potuit
1970 1986 2052 2021 refu-

1171 2044 1236 2068 tare
1249 2055 1256 2063 ·
1281 2034 1483 2077 spontaneas
1492 2035 1676 2070 oblationes
1688 2037 1776 2080 posse
1795 2038 1813 2070 a
1838 2038 2053 2071 Consecrato-

1171 2084 1257 2118 ribus
1269 2082 1422 2123 admitti,
1446 2084 1561 2119 diserte
1583 2086 1731 2121 adfirmt
1753 2087 1852 2121 etiam
1876 2088 1911 2119 in
1936 2087 2052 2120 litteris

1170 2133 1208 2168 ad
1221 2133 1410 2176 Ianuarium
1424 2134 1951 2179 ArchiepiscopumCalaricanum
1967 2161 1974 2168 .

1171 2234 1254 2268 rium
1266 2258 1276 2274 ,
1303 2233 1344 2268 de
1356 2234 1470 2267 Leone
1483 2234 1626 2269 secundo
1638 2235 1803 2270 Pontifice
1814 2260 1825 2275 ,
1852 2236 1904 2269 cui
1920 2236 2052 2271 Raven-

1172 2295 1278 2318 natem
1291 2283 1467 2318 Ecclesiam
1483 2307 1494 2323 ,
1520 2285 1676 2318 exstindla
1687 2285 1780 2319 omni
1801 2285 2026 2330 autocephalia
2040 2311 2050 2326 ‚

1168 2334 1256 2376 juxta
1269 2334 1441 2376 antiquum
1454 2345 1579 2368 morem
1596 2335 1690 2377 plene
1700 2334 1876 2377 subjecerat
1888 2362 1899 2377 ‚
1926 2337 1960 2370 ὅ(
1983 2338 2050 2379 ejus

1171 2384 1318 2418 Bletium
1332 2383 1446 2417 Romae
1466 2385 1644 2418 consecrari
1663 2385 1790 2427 jusserat
1812 2386 2050 2422 Constantinus

1169 2443 1298 2477 quartus
1318 2434 1517 2476 Imperator,
1545 2434 1735 2469 scribentem
1749 2436 1783 2469 in
1806 2435 1890 2470 libro
1910 2435 2050 2473 Pontifi-

1169 2484 1247 2518 cali:
1271 2488 1350 2517 Hinc
1353 2483 1429 2525 fecit
1441 2483 1637 2524 Constitutum
1653 2509 1663 2524 ,
1687 2495 1720 2518 ut
1733 2491 1782 2528 qui
1802 2487 1956 2519 ordinatus
1977 2487 2050 2527 fue-

1168 2541 1208 2567 rit
1221 2532 1453 2576 Arcbiepiscopus
1463 2559 1473 2575 ,
1495 2535 1577 2567 nulla
1586 2534 1791 2578 consuetudine
1799 2544 1857 2577 pro
1867 2535 1918 2579 usu
1931 2539 2025 2570 Pallii
2035 2562 2048 2578 ,

1168 2594 1219 2618 aut
1230 2583 1353 2625 diversis
1374 2585 1482 2625 Officiis
1494 2609 1504 2624 ,
1532 2585 1679 2619 Ecclesiae
1698 2585 1858 2627 Romanae
1876 2587 2048 2632 perfhlvere

1168 2634 1288 2669 debeat.
1317 2634 1523 2668 Ravennates
1546 2635 1723 2680 Episcopi,
1749 2635 1828 2670 dum
1852 2635 2047 2680 autocepha-

1168 2684 1396 2719 tiaminsanire
1406 2695 1591 2728 coeperant,
1619 2697 1659 2720 ne
1672 2686 1736 2719 sine
1757 2686 1970 2721 fundamento
1993 2685 2050 2719 de-

1168 2735 1258 2768 lirare
1280 2734 1481 2775 viderentur,
1508 2735 1696 2770 Romanam
1717 2737 1894 2771 Ecclesiam
1917 2737 2047 2769 fuerant

1170 2784 1252 2820 varie
1262 2784 1452 2819 calumniati
1464 2810 1475 2825 ‚
1501 2795 1598 2828 atque
1621 2786 1706 2820 inter
1718 2797 1829 2820 caetera
1841 2786 1880 2819 de
1893 2786 2046 2828 importa-

1168 2835 1284 2869 bilium
1298 2846 1356 2879 pro
1369 2833 1476 2869 Pallio
1486 2834 1519 2867 &
1530 2836 1988 2871 consecratione-exactionum
2000 2834 2048 2870 Si-

1170 2885 1281 2919 monia
1303 2910 1310 2917 .
1344 2884 1409 2919 Cui
1432 2885 1603 2919 calumniae
1623 2897 1757 2921 omnem
1779 2887 1894 2920 rimam
1917 2884 2045 2927 praeclu-

1170 2937 1236 2970 sam
1248 2935 1362 2970 volens
1375 2935 1522 2970 laudatus
1535 2935 1708 2977 Pontifex,
1735 2936 1752 2969 a
1763 2936 1850 2970 dieto
1861 2931 2045 2978 Archiepis-

1170 2998 1254 3029 copo
1265 2986 1364 3020 etiam
1376 2985 1489 3029 sponte
1500 2985 1578 3029 quid
1589 2986 1694 3020 offerri
1707 2986 1810 3019 vetuit
1824 3007 1834 3022 ,
1846 2983 2044 3026 desuperque

1171 3036 1246 3070 fecit
1260 3035 1506 3076 Constitutum‚
1532 3036 1621 3077 quod
1638 3035 1679 3070 ad
1704 3041 1890 3077 perpetuam
1911 3031 1956 3066 rei
1977 3044 2044 3067 me-

1172 3087 1307 3119 moriam
1317 3086 1432 3123 ,servari
1445 3085 1528 3128 juffit
1541 3085 1574 3118 in
1597 3085 1761 3125 utriusque
1776 3082 1923 3117 Ecclesiae
1939 3081 2043 3116 archi-

1172 3136 1238 3168 vis.
1266 3135 1376 3180 Quare
1389 3146 1475 3175 vox,
1494 3133 1710 3173 constitutum,
1736 3142 1939 3176 nequaquam
1959 3131 2015 3166 hic
2028 3157 2040 3172 ,

1171 3185 1218 3218 uti
1229 3184 1363 3228 quidam
1392 3184 1530 3221 volunt,
1554 3184 1709 3226 importat
1730 3181 1939 3227 privilegium
1955 3207 1965 3223 ,
1986 3182 2040 3220 sed

1173 3235 1309 3279 rigidam
1321 3233 1427 3276 legem
1439 3232 1587 3267 adversus
1596 3232 1730 3267 cavillos
1741 3231 1888 3268 Ecclefiae
1912 3231 2041 3269 Raven-

1172 3285 1274 3319 natis.

1219 3334 1273 3367 Ad
1286 3333 1360 3366 istas
1373 3342 1480 3367 tamen
1493 3331 1673 3367 exactiones
1680 3331 1789 3376 postea
1801 3331 1894 3367 rediit
1917 3330 2041 3370 Roma·

1173 3395 1211 3416 na
1231 3382 1369 3416 Ecclesia
1402 3397 1413 3416 .-
1439 3384 1547 3417 εοαέὶα
1568 3394 1622 3426 per
1643 3394 1775 3427 gravem
1799 3389 2038 3425 paupertatem,

1172 3433 1326 3467 inflictam
1339 3432 1379 3467 ab
1390 3432 1631 3477 iconoclasticis
1652 3433 1841 3468 Graecorum
1862 3431 2038 3512 lmgeratot

1529 3482 1560 3516 K
1611 3491 1633 3521 2
1880 3478 1905 3512 tl
1931 3487 1986 3521 usj
2038 3513 2042 3523 ,

2126 370 2151 399 5.
2182 370 2206 392 c.

2067 2126 2104 2156 L.
2145 2149 2151 2156 .
2174 2128 2195 2157 E
2219 2149 2227 2155 .

1232 2184 1275 2216 Et
1301 2182 1379 2218 hinc
1406 2184 1571 2229 intelliges
1598 2184 1804 2219 Anastafium
1831 2184 2051 2221 Bibliotheca·
2069 2177 2082 2195 ²
2108 2132 2141 2195 ’ς
2198 2137 2216 2166 p
