2352 3736
42 1688 169 1725 Cap-21.

349 136 405 169 De
440 124 710 169 meoaum
745 121 1057 166 Emscopoaun
1092 134 1142 162 ετ
1178 120 1472 164 Cfflucoan
1508 132 1831 166 εοΝτιΝεΝτιΑ.

208 209 361 252 percepisse
371 233 379 240 .
408 207 520 242 Latini
533 206 734 241 Subdiaconi
745 216 800 249 per
811 206 914 240 solam
924 204 1095 237 Sacrorum

212 258 505 293 instrumentorum
538 258 776 300 porrestionem
803 254 995 289 ordinantur
1029 252 1096 286 fine

214 308 422 352 impositione
434 318 610 342 manuum.
638 308 732 341 Hinc
742 305 882 347 Hispani
905 303 954 336 illi
970 302 1095 336 nullam

213 358 423 394 crediderunt
445 358 505 392 fibi
529 359 591 402 effe
614 355 825 391 continentiae
846 353 974 398 legem,
1000 362 1096 396 atque

214 409 263 443 ita
285 409 319 442 in
329 408 484 443 secundas
504 408 602 441 etiam
617 405 743 448 nuptias
763 402 881 446 delapfi
896 403 1074 437 noluerunt
1088 425 1098 441 ‚

217 457 308 502 juxta
321 459 428 502 primae
441 457 612 492 Toletanae
627 454 754 497 Synodi
768 453 941 488 Canonem
954 476 964 491 ,
988 452 1095 487 delabi

217 509 298 544 item
320 509 360 543 ad
372 508 522 542 Lectores
542 517 580 540 ac
615 503 795 545 ostiarios,
821 503 875 538 sed
895 503 1096 537 Subdiaconi

216 569 419 604 permanere.
446 555 646 599 Nuptiarum
668 564 819 598 expertos
841 553 1038 598 compellere
1055 552 1095 587 ad

218 609 456 643 continentiam
481 605 526 639 est
553 615 601 638 res
626 603 726 638 ardua
752 616 791 639 ac
821 604 915 647 plena
945 603 1096 648 periculi.

218 660 314 694 Hinc
331 657 418 691 enim
442 654 621 698 Apostolus
639 653 785 697 juniores
805 654 918 688 viduas
930 654 1023 687 suasit
1038 665 1097 688 nu·

218 709 294 744 bere
302 718 338 741 ac
348 706 555 750 generationi
567 715 678 739 vacare
689 729 697 737 .
725 705 819 738 Hinc
832 716 911 749 ergo
925 704 1037 738 statuit
1063 704 1097 737 &

218 756 346 793 laudata
369 755 523 797 synodus
543 757 678 790 ossava.-
704 759 795 788 Omni
814 752 1032 797 excusationum
1055 754 1097 786 di·

202 806 302 852 [σαψ
321 806 489 846 velamine,
514 806 550 838 id
562 810 754 848 praecipt‘mus
777 804 953 848 observari,
981 813 1013 837 ut
1033 815 1098 837 cum

215 855 415 890 subdiacones
438 857 635 896 ordinantur,
660 867 725 889 cum
737 853 815 896 vafis
838 854 1099 895 ministerichne-

215 905 305 940 dic‘lio
314 912 358 940 eis
377 905 416 938 ab
426 905 571 950 Episcopo
585 908 672 939 detur
686 930 697 946 ,
716 904 790 953 ficut
808 911 842 938 in
854 903 1030 947 quibusdam
1042 906 1099 936 Ec·

216 954 304 998 clefit's
325 956 453 995 vetustas
477 957 575 989 tradit
597 963 725 998 antiqua
742 980 754 996 ,
774 953 902 998 &sacra
920 953 1099 999 dtgnosbt'tur

216 1004 388 1049 consuetudo
401 1004 531 1049 substare
545 1005 675 1048 probata
694 1030 705 1046 ‚
731 1012 811 1039 omni
831 1010 955 1047 penitus
976 1005 1016 1038 ab
1038 1006 1098 1037 illis

216 1055 302 1101 sorde
311 1057 466 1090 mulierum
489 1068 523 1090 ac
525 1055 742 1098 familiaritate
763 1064 890 1090 remota.
917 1053 1100 1099 ,Quodfiboc

217 1106 341 1140 vulnere
351 1107 489 1148 deinceps
493 1106 613 1148 fuerint
621 1105 773 1150 sauciati,
797 1117 865 1140 mox
877 1114 965 1140 erunt
970 1104 1027 1149 sub
1035 1113 1099 1146 pet-

218 1163 358 1192 m'tentiae
380 1157 514 1191 oneribus
528 1156 616 1200 usque
637 1158 683 1191 ad
693 1166 859 1191 extremum
872 1162 947 1190 vitae
958 1153 1097 1195 monaste.

218 1212 273 1240 riis
284 1208 435 1250 relegandi
447 1232 454 1239 .
475 1207 618 1242 Mandat
628 1206 859 1241 Subdiaconos
879 1206 1034 1249 deinceps
1045 1215 1101 1238 co-

218 1255 253 1301 gi
275 1256 316 1290 ad
339 1257 552 1299 profitendam
572 1268 610 1291 ac
631 1255 820 1291 servandam
843 1256 973 1300 plenam
997 1255 1102 1290 conti-

217 1305 388 1348 nentiam,
415 1307 556 1349 ideoque
566 1306 781 1351 imposterum
793 1305 941 1341 ordinari
966 1317 1034 1339 non
1046 1316 1102 1348 per

218 1355 322 1392 solam
333 1357 623 1392 instrumentorum
634 1356 872 1400 porrefflonem
896 1355 950 1390 sed
962 1355 1102 1400 adjungi

218 1416 340 1441 certam
363 1407 605 1441 benedistionis
622 1405 800 1439 formulam
821 1429 834 1445 ,
859 1415 925 1447 qua
947 1405 1101 1448 profeffio

218 1455 279 1490 ista
291 1455 480 1490 ostendatur
488 1467 527 1489 ac
537 1454 695 1499 sigilletur
706 1478 714 1487 .
741 1453 825 1488 Haec
836 1453 931 1488 verba
943 1477 955 1494 ,
980 1456 1058 1488 sicut
1069 1459 1101 1488 in

218 1504 391 1548 quibusdam
412 1503 546 1546 Eccleffis
566 1504 699 1545 vetustas
710 1505 811 1539 tradit
832 1510 960 1547 antiqua
971 1529 982 1546 ‚
1009 1505 1102 1548 respi-

224 1554 318 1588 ciunt
334 1553 590 1589 Tarraconenfis
610 1554 791 1589 Provinciae
818 1553 976 1589 Ecclesias
988 1578 999 1595 ,
1024 1566 1101 1589 con-

223 1603 421 1648 firmantque
434 1606 525 1649 supra
536 1604 713 1640 adductum
723 1605 899 1640 Cimonem
911 1604 1102 1639 Gerunden-

223 1654 307 1688 sem.
336 1654 513 1690 Affirmant
533 1655 713 1690 castitatem
736 1654 831 1689 istam
855 1654 917 1689 esse
938 1654 1006 1689 illic
1019 1656 1102 1690 anti-

221 1704 403 1749 quissimam
415 1730 425 1745 ‚
450 1716 581 1749 unaque
591 1705 687 1740 istam
697 1704 981 1741 Subdiaconorum
994 1706 1029 1739 in
1042 1707 1103 1740 Or-

222 1754 396 1790 dinatione
408 1752 677 1791 Benedictionem
687 1780 695 1789 .
722 1756 808 1804 Qae
818 1757 931 1790 omnia
946 1757 1102 1797 innovat,

221 1804 367 1841 &novis
386 1806 494 1850 poenis
511 1806 685 1842 confirmat
705 1818 795 1842 nona
819 1805 973 1850 Synodus
999 1807 1103 1842 Tole-

221 1865 319 1892 taua.
1056 1858 1059 1862 '

271 1906 460 1952 Qamdam
483 1909 670 1945 varietatem
683 1910 819 1957 viguisse
835 1910 935 1946 etiam
950 1910 983 1945 in
997 1909 1104 1946 Galli-

219 1967 302 1991 cana
325 1957 468 1993 Ecclesia
489 1984 500 2000 ,
526 1959 614 1995 lucet
637 1972 679 1995 ex
701 1961 819 1996 litteris
840 1961 925 2003 apud
944 1961 1101 2005 Jacobum

219 2007 432 2043 sirmondum
451 2011 653 2045 exstantibus
678 2036 689 2052 ‚
716 2012 824 2046 Sancti
848 2011 933 2053 Lupi
955 2011 1102 2044 Trecen-

219 2058 259 2092 fis
279 2057 313 2091 δε
325 2059 432 2092 Sancti
455 2059 642 2102 Euphronii
655 2060 960 2106 Augustodunensis
972 2060 1101 2104 Episco-

219 2108 255 2152 pi
265 2107 307 2141 ad
318 2107 489 2143 Talasium
505 2110 704 2154 Episcopum
718 2110 994 2155 Andegavcnsem
1010 2123 1017 2142 :
1044 2114 1102 2144 Ge·

220 2163 401 2192 onerationem
418 2159 545 2202 filiorum
565 2161 604 2194 ab
615 2160 664 2193 bis
677 2185 688 2200 ‚
714 2172 784 2203 quos
805 2162 974 2204 conjugatos
988 2161 1101 2204 assumi-

220 2219 288 2240 mus
309 2214 341 2241 in
352 2210 548 2243 Subdiaconos
572 2235 582 2250 ,
607 2219 660 2244 aut
672 2211 841 2251 Exorcistas
855 2236 866 2251 ‚
884 2210 988 2244 melius
1009 2211 1075 2253 effet
1090 2234 1100 2250 ,

217 2255 314 2299 fifieri
327 2259 438 2302 posset,
462 2266 574 2293 arceri.
602 2263 687 2304 ‚Quos
711 2263 812 2294 melius
840 2260 878 2300 est
900 2273 957 2293 non
980 2261 1098 2302 assumi,

223 2317 314 2347 quam
325 2309 360 2340 de
371 2309 418 2342 his
425 2309 523 2350 postea
536 2309 593 2353 sub
604 2309 726 2353 diversa
734 2309 873 2354 sensuum
885 2315 1034 2343 varietate
1043 2320 1101 2343 cer·

223 2360 307 2394 tari,
330 2367 396 2389 cum
421 2360 523 2390 melius
540 2359 579 2398 fit
601 2371 699 2393 omnes
723 2360 968 2404 disceptationum
994 2357 1099 2402 causas

222 2405 361 2437 excludi:
385 2414 420 2437 ut
440 2412 558 2447 quinon
569 2410 638 2441 vult
656 2414 689 2441 in
700 2411 846 2443 clericatu
854 2415 995 2452 generari
1008 2433 1019 2450 ,
1042 2420 1100 2442 non

220 2453 375 2492 constituat
392 2461 424 2486 in
436 2456 545 2488 altario
566 2460 734 2500 conjugatos
747 2484 754 2491 .
782 2460 826 2493 Et
836 2460 940 2493 infra:
966 2458 1101 2500 Ecclefiae

213 2505 286 2544 jam
299 2502 441 2547 obsequiis
453 2515 626 2550 aggregatos
648 2509 694 2539 ad
699 2506 845 2549 secundas
867 2514 988 2551 nuptias
998 2508 1102 2551 tranfi-

220 2565 254 2587 re
277 2564 335 2586 non
353 2559 486 2594 patimur
498 2580 509 2595 ,
533 2568 605 2598 quos
623 2557 777 2599 postquam
796 2559 933 2601 assumpti
956 2559 1077 2600 fuerint
1089 2583 1100 2599 ‚

218 2607 313 2637 etiam
334 2605 355 2636 ῖι
360 2610 471 2646 primis
486 2612 611 2646 penitus
633 2618 766 2641 arcemus
778 2620 792 2649 ;
819 2607 994 2649 Exorcistas
1019 2611 1101 2643 dum-

221 2662 313 2686 taxat
334 2663 425 2697 atque
445 2655 640 2690 subdiaconos
662 2683 669 2689 .
695 2658 778 2692 Non
800 2658 1010 2693 solummodo
1031 2659 1100 2693 illic

224 2712 288 2736 erat
301 2703 359 2738 ista
370 2704 524 2747 varietas,
553 2707 607 2741 sed
626 2708 660 2741 &
673 2708 757 2742 inter
768 2709 950 2752 Episcopos
970 2709 1102 2744 diversae

226 2749 269 2805 {ie
290 2752 352 2793 ipsa
374 2755 539 2790 sententiae
558 2782 570 2798 ,
595 2757 714 2802 quibus
732 2759 972 2802 componendis
998 2771 1099 2794 unam

227 2810 263 2832 in
275 2803 366 2834 omni
375 2805 482 2839 Gallia
493 2806 588 2841 statui
603 2807 772 2842 Clericalis
784 2809 998 2845 continentiae
1009 2821 1099 2854 regu-

230 2847 297 2907 lam
310 2850 439 2886 suadent
447 2855 550 2890 Sancti
566 2856 778 2901 Euphronius
790 2859 966 2903 &Lupus.
986 2860 1099 2903 ltaque

225 2898 410 2933 T¹¹C²ffina
430 2902 463 2935 ὅ(
476 2904 778 2950 Augustodunensis
800 2908 942 2944 Ecclesia
965 2909 1099 2944 Subdia-

227 2959 332 2983 conos
358 2949 510 3005 afcebant
528 2957 544 2988 ὲ
563 2957 795 2999 posterioribus
821 2959 945 3003 nuptiis
963 2985 974 3001 ,
1002 2959 1097 2994 antea

226 3000 399 3056 coptraffls
426 3000 489 3056 uti·
505 3007 730 3045 permittebant
755 3034 764 3043 .
793 3009 904 3055 Qarn
930 3009 1098 3044 licentiam

229 3048 321 3083 fuisse
341 3047 454 3093 P²ffim
481 3062 516 3083 ιη
541 3056 693 3092 omnibus
715 3058 896 3094 Galliarum
922 3061 1075 3095 Ecclesiis
1089 3084 1098 3100 ,

230 3098 333 3142 liquet
352 3110 394 3133 ex
404 3098 592 3135 Innocentii
619 3106 714 3146 primi
734 3109 775 3144 ad
793 3110 947 3144 San-stum
970 3110 1100 3154 Exupe-

229 3148 315 3183 rium
332 3148 467 3184 Tolosae
487 3148 679 3188 Antistitem
695 3156 858 3198 Epistola<
887 3160 1022 3194 Etenim
1043 3172 1099 3193 nu-

230 3209 343 3241 perum
363 3198 471 3233 siricii
496 3199 671 3236 Pontificis
692 3203 839 3242 adversus
867 3210 1101 3253 Hispaniarum

229 3247 441 3290 Presbyteros
451 3260 488 3283 ac
497 3250 694 3293 Diaconos,
718 3263 855 3289 uxorum
877 3269 953 3294 ante
976 3261 1099 3294 sacrum

229 3295 394 3332 Ordinem
415 3297 581 3335 ductarum
615 3302 709 3336 usum
730 3304 881 3350 sacrilege
906 3318 1099 3350 repetentes,

232 3346 394 3382 decretum
406 3349 554 3384 extendit
565 3352 664 3386 etiam
675 3350 715 3387 ad
725 3353 848 3389 Gallias
860 3380 870 3395 ‚
890 3365 987 3398 atque
997 3358 1015 3391 a
1026 3359 1101 3393 solis

232 3395 432 3440 Presbyteris
442 3410 478 3432 ac
489 3398 650 3435 Diaconis
661 3426 672 3442 ‚
698 3402 740 3437 de
751 3403 868 3448 quibus
889 3406 964 3440 solis
975 3406 1102 3452 Exupe-

329 3446 514 3493 ssbristLupi
524 3454 609 3494 oper.
623 3455 702 3486 Tom.
709 3457 761 3486 IV.

1912 138 1964 167 11

1159 202 1224 236 rius
1235 198 1366 247 rog'arat
1377 226 1388 242 ,
1413 202 1549 237 mandat
1561 203 1737 239 custodiri.
1760 205 1891 249 Nempe
1900 205 2031 241 licentia

1160 252 1218 287 ista
1231 252 1447 287 Subdiaconis
1461 253 1529 287 illic
1544 255 1665 297 semper
1675 257 1778 290 fuerat
1789 281 1800 297 ,
1827 256 1968 298 ideoque
1981 268 2036 290 ne·

1159 314 1223 346 que
1244 303 1451 346 Exuperius,
1476 314 1584 348 neque
1596 303 1751 338 Pontifex
1765 306 1857 339 illam
1877 305 2035 341 volebant

1159 352 1420 386 circumducere.
1449 354 1557 388 Etiam
1570 354 1604 387 in
1617 355 1789 389 Canonica
1806 356 1846 390 ad
1860 356 2034 391 Rusticum

1161 401 1412 436 Narbonensem
1438 404 1690 448 Metropolitam
1722 404 1870 448 Epistola
1900 407 2035 440 sanctus
2051 394 2114 431 ⁸:³9
2147 402 2170 429 3*

1162 453 1231 486 Leo
1244 452 1388 496 Magnus
1400 454 1476 486 solis
1488 455 1656 499 Episcopis
1669 480 1679 496 ‚
1699 454 1899 498 Presbyteris
1909 468 1945 490 ac
1958 457 2038 491 Dia-

1160 503 1253 536 conis
1276 503 1420 545 imponit
1443 505 1663 540 necessitatem
1684 506 1759 539 initi
1784 515 1877 540 antea
1899 508 2039 540 carnalis

1160 552 1365 587 matrimonii
1395 553 1543 587 vertendi
1568 555 1602 588 in
1627 556 1811 599 spirituale.
1841 555 1884 590 Et
1904 556 1945 590 de
1965 557 2039 590 solis

1162 602 1321 636 Diaconis
1346 601 1459 635 statuit
1487 604 1626 638 secunda
1652 606 1849 640 Arelatensis
1869 606 2038 649 synodus:

1160 657 1235 685 Non
1256 654 1428 686 ordinentur
1453 656 1598 686 Diacones
1618 657 1789 697 conjugati,
1817 655 1873 698 nist
1889 662 1939 699 qui
1951 662 2040 699 prius

1160 714 1264 736 conver
1274 708 1349 735 iom's
1382 702 1526 744 proposito
1558 704 1672 745 profi’ffi
1689 704 1812 745 fuerint
1849 707 2012 747 castitatem
2031 727 2039 739 r
2058 705 2128 739 Cap·
2142 712 2188 729 2²·

1160 751 1262 799 Qod
1286 753 1392 795 ipsum
1410 763 1503 787 antea
1527 753 1679 788 statuerat
1695 755 1799 798 prima
1820 754 2015 791 Arauficana
2030 781 2042 799 ,
2058 746 2182 792 (gap-13-

1162 804 1359 846 firmantque
1384 801 1620 843 Arvernensis,
1644 805 1679 839 <Sc
1703 804 1805 848 prima
1820 801 2043 840 Turonensis.
2060 787 2173 821 “apd‘'

1163 853 1206 887 Et
1229 851 1308 886 hinc
1321 853 1524 896 Epaonenfis
1549 865 1618 888 non
1629 854 1854 895 Subdiaconi‚
1882 855 1935 889 sed
1947 857 2045 891 solius

1161 902 1307 937 Diaconi
1319 913 1374 936 aut
1384 901 1569 946 Presbyteri
1582 904 1715 940 viduam
1736 915 1823 940 arcet
1834 905 1851 939 a
1865 906 1962 939 novis
1988 918 2045 939 nu-

1164 953 1239 997 ptiis
1252 977 1263 993 ,
1290 952 1379 996 quod
1393 964 1511 997 nempe
1521 952 1571 988 hae
1592 955 1665 989 solae
1677 967 1742 991 una
1754 956 1830 990 cum
1853 955 1978 990 maritis
1992 968 2047 989 vo-

1163 1004 1277 1038 vissent
1300 1002 1483 1038 castitatem
1500 1030 1510 1046 ‚
1534 1005 1597 1039 &a
1618 1005 1767 1051 conjugii
1793 1007 1853 1040 usu
1877 1005 2050 1040 abstinuis-

1164 1055 1252 1087 sent.
1279 1054 1373 1087 Hinc
1396 1055 1474 1088 item
1501 1056 1608 1098 plures
1618 1056 1802 1090 Gallicanae
1823 1056 1951 1099 Synodi
1971 1056 2046 1091 solis

1164 1104 1356 1147 Episcopis,
1383 1103 1587 1148 Presbyteris
1607 1118 1644 1140 ac
1659 1107 1824 1142 Diaconis
1846 1106 2048 1141 interdicunt

1163 1164 1330 1188 extraneas
1352 1153 1537 1199 Agapetas:
1565 1157 1668 1204 Qod
1693 1168 1809 1200 nempe
1829 1155 2048 1192 Subdiaconis

1164 1215 1267 1239 uxore
1279 1206 1333 1239 sua
1343 1205 1512 1241 utentibus
1521 1231 1532 1248 ‚
1552 1207 1643 1240 nulla
1654 1208 1731 1242 esset
1742 1208 1875 1243 istarum
1887 1208 2048 1250 accipien-

1164 1254 1277 1288 darum
1297 1256 1424 1290 occasio
1443 1267 1501 1290 aut
1529 1257 1733 1301 periculum.
1760 1256 1817 1291 Ad
1842 1257 1929 1292 idem
1951 1257 2048 1300 respi-
2061 1279 2127 1316 Cap
2143 1289 2187 1307 ¹,-

1164 1303 1255 1338 ciunt
1276 1305 1431 1348 synodus
1444 1307 1607 1343 Venetica
1627 1309 1663 1343 <Sc
1675 1307 1894 1353 Agathensis:
1924 1307 2048 1346 Presby-
2064 1300 2134 1356 cap:
2146 1299 2192 1355 3}—

1163 1360 1240 1395 tert,
1270 1358 1394 1389 Diaconi
1404 1366 1497 1399 atque
1507 1358 1685 1391 subdiaconi
1698 1382 1710 1398 ,
1736 1361 1790 1392 vel
1799 1359 1934 1399 deinceps
1945 1357 2048 1400 quibus

1163 1405 1293 1439 ducendi
1315 1417 1419 1439 uxores
1437 1408 1557 1440 licentia
1582 1414 1643 1440 non
1662 1406 1721 1447 est.
1749 1407 1945 1450 Respiciunt
1966 1407 2051 1441 Tre-

1163 1455 1286 1493 censis,
1313 1454 1562 1497 Andegavenfis
1582 1465 1620 1488 ac
1646 1455 1789 1498 plurium
1811 1456 1848 1488 in
1860 1456 1971 1490 Gallia
1992 1457 2053 1490 Ec-

1163 1504 1330 1538 clesiarum
1352 1502 1648 1545 consuetudinem,
1675 1504 1716 1539 de
1727 1516 1791 1548 qua
1815 1507 1908 1549 supra
1931 1506 2054 1539 audivi-

1163 1564 1237 1588 mus
1248 1553 1401 1587 Sanstum
1414 1553 1647 1597 Euphronium
1660 1566 1699 1589 ac
1712 1556 1864 1599 Lupum.

1212 1604 1315 1638 Hanc
1336 1603 1622 1639 Subdiaconorum
1654 1605 1824 1640 licentiam
1849 1606 2054 1640 circumcidit

2058 588 2119 625 Cap
2133 594 2179 621 43·

1128 1685 1130 1690 ,
1163 1655 1257 1690 tertia
1282 1653 1437 1697 synodus
1454 1656 1721 1690 Aurelianensis.-
1749 1661 1786 1689 Ut
1809 1657 1906 1690 nullus
1928 1657 2055 1690 Clerico-
2074 1663 2144 1700 Cap.
2164 1673 2189 1693 :-

1163 1718 1231 1739 rum
1250 1706 1270 1737 ἃ
1282 1704 1460 1738 subdiacono
1482 1707 1517 1739 &
1524 1704 1621 1749 supra
1633 1732 1644 1748 ‚
1673 1713 1725 1749 qut
1748 1718 1855 1741 uxores
1868 1714 1903 1740 in
1911 1706 2056 1749 proposito

1161 1755 1212 1800 suo
1227 1761 1359 1798 accipere
1381 1754 1574 1797 inhibentur,
1599 1763 1733 1799 propriae
1746 1783 1756 1798 ,
1777 1757 1891 1800 fifortc³
1907 1759 1979 1798 jam
2006 1757 2059 1790 ba-

1164 1806 1255 1847 beat,
1282 1804 1435 1850 misceatur
1456 1813 1559 1840 uxori.
1587 1810 1684 1851 ,Quod
1706 1806 1846 1849 fifecerit
1859 1833 1868 1849 ‚
1893 1809 1972 1841 laica
1984 1819 2060 1841 com-

1165 1863 1302 1891 munione
1311 1866 1463 1890 contentus
1483 1882 1493 1898 ,
1514 1860 1611 1899 juxta
1618 1863 1754 1901 priorum
1767 1863 1925 1892 Canonum
1930 1857 2059 1897 statuta,

1164 1908 1203 1941 ab
1226 1909 1323 1950 Officio
1347 1909 1536 1950 deponatur.
1567 1908 1789 1943 Laudatarum
1815 1909 2031 1943 Ecclesiarum
2045 1932 2059 1949 ,

1163 1970 1235 2002 quie
1256 1957 1485 2001 subdiaconos
1508 1959 1525 1992 a
1550 1958 1626 1993 solis
1667 1959 1824 1994 ineundis
1857 1958 2056 1993 inhibebant

1164 2009 1308 2053 nuptiis,
1334 2019 1459 2042 morem
1472 2009 1580 2043 lucide
1603 2010 1756 2053 respicit,
1786 2011 1955 2054 ipsumque
1982 2009 2058 2043 abo-

1165 2059 1210 2094 let
1234 2059 1268 2093 &
1291 2058 1530 2094 circumscribit
1551 2084 1562 2100 ,
1589 2060 1750 2095 mandans
1781 2061 1856 2096 illos
1881 2061 1981 2095 etiam
2017 2060 2058 2093 ab

1164 2118 1261 2145 antea
1274 2109 1366 2143 initis
1379 2110 1550 2144 continere
1563 2137 1569 2142 .
1600 2111 1653 2145 Ex
1667 2111 1770 2146 verbis
1779 2137 1789 2152 ‚
1801 2113 1966 2144 Secundum
1975 2114 2058 2150 prio-

1164 2172 1230 2194 rum
1241 2164 1395 2193 Canonum
1415 2160 1554 2201 statura,
1581 2162 1718 2204 quidam
1744 2161 1863 2194 volunt
1887 2159 2056 2194 circumci-

1163 2211 1286 2243 sionem
1300 2209 1384 2244 hanc
1398 2222 1466 2244 non
1490 2211 1655 2244 introduci
1671 2210 1712 2244 ab
1733 2210 1795 2244 hac
1807 2208 1947 2252 Synodo
1965 2234 1976 2250 ,
2003 2207 2058 2243 sed

1164 2258 1524 2293 dumtaxatinnovari.
1554 2259 1602 2293 At
1613 2270 1737 2294 certum
1761 2259 1807 2294 est
1821 2260 1905 2293 falli.
1941 2258 2056 2294 Addu-

1164 2311 1220 2343 stae
1243 2319 1339 2342 voces
1364 2310 1539 2351 respiciunt
1567 2309 1676 2352 primae
1702 2310 1906 2345 Turonensis
1927 2309 2057 2353 Synodi

1163 2358 1331 2393 decretum
1345 2358 1493 2393 adversus
1505 2358 1715 2402 Presbyteros
1736 2361 1771 2395 ὅ(
1784 2361 1955 2395 Diaconos
1971 2360 2059 2403 prio-

1162 2409 1189 2442 ri
1202 2410 1261 2443 suo
1269 2410 1485 2443 matrImonio
1499 2418 1630 2443 utentes
1643 2422 1649 2441 :
1663 2414 1746 2443 Licet
1757 2412 1777 2442 ἆ
1790 2410 1935 2443 Patribus
1949 2409 2053 2448 nostris

1155 2458 1256 2500 fuerit
1271 2458 1455 2499 constitutum
1466 2484 1476 2499 ,
1502 2469 1538 2492 ut
1553 2467 1727 2502 quicumque
1745 2462 1890 2494 Sacerdos
1904 2460 1957 2493 vel
1967 2463 2058 2493 Levi-

1164 2518 1197 2542 ta
1202 2510 1334 2552 filiorum
1342 2515 1541 2551 procreationi
1551 2518 1672 2551 operam
1686 2511 1758 2543 dare
1766 2510 1868 2554 fuiffet
1876 2510 2030 2544 convictus
2046 2535 2058 2551 ‚

1162 2562 1183 2592 ἃ
1208 2566 1405 2593 communione
1433 2563 1589 2593 Dominica
1613 2560 1805 2601 abstineretur
1826 2573 1840 2602 ,-
1881 2572 1933 2593 nos
1954 2563 2056 2594 tamen

1163 2608 1230 2642 huic
1241 2608 1412 2650 districtioni
1423 2611 1649 2644 moderationem
1663 2611 1838 2645 adhibentes
1857 2612 2057 2648 decrevimus,

1163 2668 1196 2692 ut
1206 2661 1252 2692 ad
1262 2661 1396 2693 altiorem
1414 2662 1547 2704 gradum
1564 2673 1621 2694 non
1634 2659 1778 2704 ascendat
1794 2686 1804 2702 ,
1832 2672 1924 2704 neque
1941 2659 2056 2704 sacrifi-

1162 2716 1238 2743 cium
1260 2713 1320 2743 Deo
1341 2710 1443 2750 offerre
1466 2735 1476 2750 ‚
1503 2712 1558 2745 ‘vel
1574 2711 1656 2752 plebi
1681 2711 1850 2751 ministrare
1869 2709 2053 2754 praesumat.

1163 2761 1290 2802 Sufficiat
1307 2759 1355 2792 his
1367 2769 1487 2793 tantum
1497 2786 1507 2802 ,
1534 2771 1567 2794 ut
1580 2763 1600 2793 ἃ
1611 2767 1808 2796 communione
1818 2772 1876 2795 non
1889 2763 2055 2804 efficiantur

1163 2811 1275 2843 alieni.
1304 2809 1475 2854 Antiquus
1499 2811 1647 2846 Ecclefiae
1658 2812 1837 2847 Gallicanae
1863 2812 1954 2857 rigor
1976 2820 2056 2848 eos,

1164 2871 1232 2893 non
1244 2859 1395 2894 Clericali
1410 2862 1514 2896 solum
1528 2886 1538 2902 ‚
1566 2862 1619 2896 sed
1650 2862 1776 2897 &laica
1788 2861 1947 2905 spoliabat
1968 2870 2056 2894 com·

1163 2911 1347 2950 munione,
1372 2909 1407 2944 id
1431 2911 1476 2945 est
1499 2936 1509 2951 ‚
1535 2912 1734 2957 degradabat
1762 2913 1854 2946 simul
1877 2921 1977 2953 atque
2001 2918 2054 2944 ex·

1163 2961 1427 2995 communicabat
1455 2987 1461 2993 .
1491 2963 1578 2995 Eum
1603 2963 1731 3007 mitigat
1754 2961 1910 3005 Synodus
1944 2959 2056 2994 Turo-

1164 3012 1258 3051 nica,
1285 3010 1416 3055 ejusque
1437 3012 1650 3046 clementiam
1676 3013 1848 3047 confirmat
1870 3009 1970 3044 tertia
1984 3007 2055 3044 Au-

1162 3061 1346 3095 relianensis
1358 3087 1368 3102 ‚
1380 3061 1494 3104 jubens
1506 3063 1662 3105 impartiri
1676 3063 1710 3094 &
1721 3059 1935 3097 Subdiaconis
1949 3084 1959 3100 ,
1986 3058 2052 3101 jam

1162 3109 1202 3144 ad
1215 3111 1343 3154 plenam
1356 3113 1598 3145 continentiam
1611 3110 1791 3154 compulsis.
1819 3110 1947 3144 Verum
1961 3121 2052 3144 com-

1163 3160 1264 3203 pulsio
1277 3160 1402 3194 videtur
1423 3172 1491 3195 non
1503 3161 1596 3194 fuisse
1607 3161 1741 3194 efficax.
1771 3160 1906 3194 Etenim
1929 3170 2044 3202 quarta

1164 3210 1405 3244 Aurelianensis
1431 3208 1584 3252 Synodus
1620 3209 1661 3243 de
1683 3209 1759 3244 solis
1782 3208 1987 3253 Presbyteris
2006 3221 2044 3243 ac

1163 3260 1324 3294 Diaconis
1336 3259 1466 3292 statuit:
1493 3257 1644 3301 Cumsuis
1671 3269 1768 3294 antea
1789 3259 1894 3294 ductis
1921 3262 2052 3303 conjugi-

1162 3310 1215 3343 bus
1239 3321 1294 3341 non
1307 3308 1436 3342 babeant
1455 3319 1630 3342 communem
1655 3309 1760 3343 lec‘i'um
1785 3311 1984 3350 &cellulam
2012 3320 2048 3341 ne

1160 3367 1283 3402 propter
1297 3356 1491 3400 suspicionem
1510 3360 1645 3393 carnalis
1658 3358 1792 3403 consbrtii
1811 3362 1911 3405 reh'gio
1926 3358 2050 3392 macule-

1162 3418 1228 3443 tur.
1258 3409 1351 3452 ‚Quod
1351 3406 1380 3450 fi
1379 3407 1510 3451 fecerint
1517 3411 1614 3450 juxta
1619 3408 1730 3452 priscos
1749 3410 1858 3454 primae
1869 3411 2049 3445 Turonen-

1634 3459 1662 3493 B
1714 3472 1736 3497 2
1962 3458 1999 3492 fis
