2352 3736
0 1240 13 1247 f
38 1252 113 1295 cap.
131 1263 179 1291 ¹7·

471 140 504 172 D
540 141 564 170 E
636 125 677 171 S.

223 210 372 248 'immissa
381 210 516 244 ferventi
528 219 611 254 aqua
625 210 783 244 sacratum
792 207 940 242 Calicem
950 205 1112 240 calefacie-

228 264 334 302 bant,
356 270 454 304 atque
472 261 517 294 ita
539 261 677 294 affirmat
696 269 853 302 azymum
871 258 958 301 apud
968 258 1038 291 suas
1050 255 1112 290 Ec-

215 313 336 348 2clefias
346 312 413 345 esse
423 311 700 355 antiquiffimum.
728 309 773 343 Et
793 307 879 343 certe
901 309 1052 352 ipsorum„
1065 304 1111 341 A·

226 362 393 408 postolum
405 362 558 397 Sanctum
571 361 773 406 Gregorium
784 359 882 396 fuisse
894 359 980 402 apud
992 359 1113 394 Roma·

226 424 292 448 nos
314 411 489 446 educatum
510 413 649 448 affirmat
669 411 738 455 ejus
761 410 845 444 vita.
866 409 910 442 Et
933 407 1113 453 Gregorius

225 461 416 506 Polydorus
434 463 571 506 apponit
589 460 655 497 hoc
666 459 847 505 marginale
857 458 1038 493 Scholion:
1060 461 1110 490 Ro.

225 526 286 547 mae
298 519 432 546 nutritur
445 516 605 558 Gregorius
615 537 622 544 .
633 509 796 557 Quocirca
806 509 902 552 poffit
912 520 982 543 non
996 508 1113 543 solum·

224 562 336 599 modo
350 563 538 600 Romanam
562 561 663 600 fidem
684 584 697 604 ‚
716 558 771 604 sed
787 560 821 595 ὃ(
842 559 1051 604 disciplinam
1071 556 1113 591 ad

224 616 300 650 suos
310 613 464 648 detulisse
477 638 485 649 ³

275 663 403 699 Verum
413 662 480 700 haec
488 661 604 697 omnia
616 660 763 704 praefatus
771 658 983 705 Nicephorus
994 658 1112 700 impro—

221 713 286 748 bat
308 738 316 746 .
335 712 409 749 Nec
431 712 500 749 fine
522 712 740 754 fundamento
760 736 768 743 .
802 710 940 753 Etenim
963 706 1112 751 laudatus

221 763 407 807 Gregorius
418 773 487 797 non
510 762 576 797 fuit
600 762 718 796 Romae
735 760 917 805 enutritus.
945 757 1026 802 Ejus
1045 758 1112 792 vita

221 813 314 847 aliud
327 824 396 853 non
409 813 479 849 vult
488 837 500 853 ‚
525 813 622 856 quam
633 812 731 854 fuisse
740 821 810 853 non
821 808 907 854 apud
918 809 992 851 suos
1001 806 1110 843 adhuc

219 861 399 904 Barbaros,
422 861 525 902 sedin
539 863 698 896 Romano
709 859 800 904 solo,
821 858 982 901 utiquein
993 859 1112 894 Orien-,-

219 923 275 953 te,
296 913 472 953 nutritum,
503 910 560 946 Ad
585 911 764 953 Ponticam
790 906 969 954 Dioecefim
985 909 1020 943 δε
1043 908 1112 942 Pri-

217 962 387 997 matialem
418 961 623 1001 Caesareensis
652 960 688 995 in
722 959 934 1003 Cappadocia
963 958 1111 994 Ecclefiae

218 1010 419 1050 cathedram
441 1012 596 1055 spectavit
618 1011 703 1045 olim
726 1009 882 1044 Armenia
903 1033 915 1049 ,
948 1009 983 1043 &
1015 1008 1111 1053 hujus

217 1061 399 1106 Episcopos
414 1072 470 1104 per
486 1060 572 1095 illius
583 1059 771 1096 Exarchum
794 1059 1031 1095 consecrandos
1042 1061 1110 1094 san-

214 1111 269 1148 xit
290 1111 491 1156 Gregorius,
513 1110 657 1157 ideoque
676 1110 830 1145 videntur
853 1110 890 1144 in
912 1110 985 1145 aliis
1007 1110 1108 1155 etiam

214 1161 334 1197 ritibus
352 1159 565 1205 concordasse
583 1186 590 1193 .
625 1162 670 1194 Et
704 1158 746 1194 de
782 1160 1016 1205 Armeniorum
1049 1160 1111 1202 Ρι-

213 1211 356 1249 triarcha
376 1212 502 1255 Joanne
522 1210 678 1246 Oznienfi
701 1210 813 1245 scribit
834 1211 970 1255 antiqua
992 1210 1107 1247 Arme·

212 1263 349 1302 nicrum
368 1260 517 1302 Historia
542 1275 554 1294 .·
585 1265 642 1294 Hic
664 1261 746 1304 jufflo
781 1263 919 1294 Homaris
952 1263 1106 1294 Saraceno-

211 1323 284 1348 rum
316 1314 410 1346 Ducis
438 1313 584 1356 synodum
611 1317 802 1356 congregavit
823 1316 856 1346 in
883 1310 962 1347 Vrbe
992 1313 1103 1345 Mana-

206 1359 351 1410 [chlerti,
373 1361 425 1395 aba
444 1372 508 1394 cum
532 1365 681 1404 Armeniis
704 1358 952 1398 convenientibus
969 1360 1026 1405 fex
1049 1361 1104 1406 As-

206 1410 296 1457 syriis
319 1410 476 1455 Epistopt's
503 1411 628 1455 definita
638 1410 706 1455 fuit
736 1417 770 1445 in
794 1411 908 1457 Christo
928 1422 990 1445 una
1018 1421 1106 1455 natu-

211 1475 272 1503 ra,
301 1474 364 1496 una
389 1464 530 1502 voluntas
551 1485 565 1502 ,
585 1464 621 1496 (τ
640 1471 702 1494 una
726 1467 858 1503 operatio
881 1485 888 1494 .
911 1466 1104 1507 Fueruntquc
1141 1470 1145 1471 ⁷

211 1514 230 1546 ἒ
256 1510 355 1556 sacris
398 1511 541 1552 Mysteriis
578 1512 684 1554 ablata
708 1511 894 1555 firmentum
923 1512 958 1544 (5
991 1522 1073 1553 aqua
1095 1536 1102 1543 .

210 1560 344 1597 Homar
373 1562 436 1605 fuit
458 1561 572 1603 tertius
589 1560 827 1606 Saracenorum
843 1559 914 1603 post
930 1559 1102 1594 Mahome·

207 1621 279 1652 tem
315 1612 398 1645 Dux
417 1635 429 1651 ‚
464 1611 655 1654 Imperatori
690 1609 851 1645 Heraclio
891 1618 1077 1656 coaetaneus
1090 1635 1099 1653 r

208 1662 372 1705 Joannem
395 1659 486 1695 hunc
508 1660 641 1695 laudata
659 1658 701 1693 de
721 1659 817 1695 rebus
835 1659 1007 1694 Armeniis
1029 1671 1100 1692 nar-

206 1711 295 1746 ratio
303 1710 444 1755 appellat
457 1708 801 1753 JoannemaPacrana
814 1734 822 1741 .
851 1709 908 1742 Est
922 1709 982 1742 iste
1005 1708 1103 1750 Joan-

206 1772 268 1796 :nes
280 1784 292 1801 ,
302 1771 402 1804 quem
413 1759 547 1802 Musiles
561 1759 709 1793 Romani
723 1758 884 1802 exercitus
894 1758 928 1791 iu
944 1756 1103 1792 Armenia

205 1811 292 1845 Dux
303 1811 468 1853 promovit
480 1810 515 1844 in
527 1809 708 1844 Primatem
721 1832 729 1842 .
755 1808 921 1844 Chosroas
930 1806 1100 1842 Persarum

205 1861 285 1896 Rex
295 1860 341 1894 ob
360 1859 545 1902 restitutum
565 1859 622 1893 sibi
646 1870 703 1902 per
725 1858 862 1893 rebelles
878 1857 1015 1901 expulso
1037 1858 1103 1892 Re—

204 1918 312 1955 gnum
324 1909 567 1954 gratificaturus
583 1909 747 1944 Romanis
757 1933 768 1949 ,
795 1907 989 1951 Imperatori
999 1907 1100 1944 Mau-

203 1959 286 1996 ritio
298 1957 442 2001 reddidit
455 1970 590 1994 omnem
600 1958 666 1992 fere
687 1958 907 1998 Armeniam,
932 1967 1032 2001 atque
1054 1959 1100 1992 ita

204 2008 262 2045 hic
283 2007 426 2052 haeresim
449 2009 667 2051 exstincturus
686 2019 805 2042 omnes
824 2008 894 2051 ejus
917 2007 1100 2051 Episcopos

203 2061 345 2094 vocavit
370 2058 702 2102 Constantinopolim
726 2081 738 2098 ,
764 2057 799 2102 §c
826 2057 958 2092 induxit
984 2056 1025 2091 ad
1051 2069 1099 2092 re-

206 2107 395 2153 cipiendam
427 2119 466 2142 ac
486 2107 705 2151 profitendam
725 2106 899 2154 Synodum
922 2105 1104 2142 Chalcedo-

204 2159 343 2193 nensem
361 2181 369 2190 .
415 2157 540 2202 Utique
577 2158 759 2205 Episcopos
796 2157 960 2200 Romanae
989 2157 1104 2192 Arme-

204 2209 270 2243 niae
287 2231 297 2240 .
322 2206 467 2251 Reverfhs
491 2217 591 2242 autem
616 2219 675 2242 non
691 2216 860 2250 receperunt
879 2208 1007 2242 Primas
1028 2211 1103 2247 Mo,-

204 2256 253 2302 ses
277 2269 314 2292 ac
343 2258 398 2290 alii
423 2257 565 2300 Episcopi
585 2263 618 2291 in
641 2257 976 2299 PerfideQArmeniffi
1001 2259 1055 2292 seu
1069 2259 1104 2292 in

207 2308 335 2342 Persica
348 2307 508 2347 Armenia
522 2332 529 2340 .
557 2307 673 2348 Musiles
684 2310 756 2348 vero
768 2307 951 2358 catholicum
961 2308 1015 2343 seu
1037 2307 1105 2345 Pri÷

206 2368 330 2392 marem
342 2362 457 2392 creavit
467 2358 784 2406 Joannemacocosta
806 2361 945 2402 Regionis
974 2360 1106 2395 Pancraf

205 2418 305 2442 eorum
322 2432 329 2439 .
358 2407 553 2442 Armeniam
564 2408 673 2443 divisit
687 2409 720 2442 in
733 2406 817 2443 duos
829 2409 1011 2443 Primates:
1035 2408 1106 2444 1ζο-Ι

207 2457 587 2501 manum&Persicum,
613 2456 899 2499 orthodoxum&
926 2458 1104 2501 Eutychia-

205 2518 290 2542 num
311 2532 318 2539 .
359 2506 437 2542 Post
458 2508 659 2549 trucidatum
681 2508 699 2542 ὲ
726 2507 839 2550 Phoca
873 2510 1106 2553 Imperatorem

206 2557 406 2592 Mauritium
431 2555 594 2593 Chosroas
622 2559 786 2593 Romanis
806 2559 908 2593 iratus
934 2560 1048 2594 invasit
1069 2571 1107 2594 ac

209 2607 332 2650 recepit
359 2607 575 2648 Armeniam,
600 2618 699 2652 atque
729 2610 775 2644 ita
801 2609 928 2652 Moysis
951 2611 1108 2645 successor

208 2655 382 2690 Abraham
406 2656 535 2693 reduxit
571 2658 820 2702 Eutychianam
851 2659 994 2695 haeresim
1019 2684 1032 2701 ,
1071 2660 1106 2694 &

210 2715 289 2739 cum
326 2706 515 2749 sequacibus
563 2708 773 2750 orthodoxis
809 2709 982 2754 Episcopis
1015 2711 1107 2754 Joan·

209 2766 292 2789 nem
318 2755 415 2798 ejecit
442 2756 475 2789 &
504 2759 699 2801 proscripsit.
726 2759 837 2803 Hujus
863 2761 1020 2795 successor
1041 2761 1108 2795 Co-⁴

213 2806 314 2839 miras
338 2805 459 2840 eisdem
486 2804 666 2846 ambulavit
691 2810 854 2851 pedibus,
882 2812 917 2845 &
944 2810 1026 2844 sedis
1037 2810 1108 2854 post

209 2857 304 2890 suam
333 2865 472 2889 mortem
499 2857 651 2898 promissa
679 2859 873 2893 successione
900 2862 1061 2903 Ioannem
1072 2861 1108 2895 in

210 2907 286 2939 suas
312 2905 382 2938 vias
408 2906 535 2939 seduxit
561 2931 568 2938 .
598 2906 642 2939 Et
663 2908 815 2950 promissa
839 2909 1015 2953 adimplere
1037 2921 1107 2945 non

212 2955 350 2998 potuit.
392 2956 526 2991 Etenim
562 2955 704 2990 Comitae
737 2956 993 3003 Christophorus
1015 2984 1027 3000 ,
1073 2961 1107 3002 ἀ

214 3003 463 3048 christophoro
486 3006 633 3040 successit
659 3004 776 3041 Esdras
791 3031 802 3047 ,
827 3010 884 3052 qui
912 3020 952 3043 ex
969 3008 1109 3053 Impera-

213 3054 296 3090 toris
320 3054 468 3089 Heraclii
489 3056 572 3099 jussu
594 3056 679 3099 apud
704 3054 1006 3105 Theodofiopolim
1028 3060 1109 3094 ce1e÷

213 3103 322 3138 bravit
348 3115 501 3149 magnam
525 3106 696 3149 Synodum
719 3131 731 3146 ,
767 3107 897 3142 admisit
929 3110 963 3143 &
994 3110 1110 3152 profes·

213 3155 268 3188 sus
298 3153 345 3188 est
369 3155 542 3197 Synodum
562 3155 893 3198 Chalcedonensem,
914 3170 953 3197 ac
981 3157 1060 3196 duas
1071 3159 1107 3193 in

214 3203 370 3239 Domino
393 3205 535 3249 integras
557 3206 616 3241 sub
637 3219 701 3242 nna
724 3208 858 3251 persona
884 3216 1012 3242 naturas
1026 3232 1037 3248 ,
1057 3209 1109 3244 ab·

215 3253 337 3297 juravit
359 3253 579 3296 Eutychetem
600 3268 637 3291 ac
663 3258 850 3300 Iulianum,
883 3258 917 3292 &
947 3258 1036 3293 visus
1061 3258 1106 3293 est

215 3303 288 3338 fieri
315 3302 553 3339 Orthodoxus.
587 3306 713 3343 Verum
736 3308 831 3342 latuit
852 3309 969 3353 anguis
990 3309 1024 3342 in
1038 3308 1106 3348 here

217 3353 259 3388 ba
276 3378 283 3386 .
323 3354 459 3389 Etenim
478 3366 522 3389 ex
546 3355 713 3399 Julianista
735 3359 837 3392 faClus
858 3357 912 3403 est·
926 3358 1107 3394 Monothe-

216 3403 278 3438 lita
301 3428 314 3446 ,
347 3414 445 3448 atque
478 3405 522 3441 ita
554 3406 718 3451 optimum
752 3408 939 3454 Principem
969 3409 1105 3445 circum-

750 114 1090 172 Leours
1159 119 1395 168 Nout
1463 109 1765 168 Aeris.

1124 204 1136 801 Ι

1876 119 1981 184 ³335

1177 205 1297 249 scripsit
1317 204 1352 239 in
1375 203 1488 240 falsam
1507 205 1672 240 'unionem
1686 230 1694 238 .
1725 206 1808 240 Haec
1826 204 1997 254 est-unio,
2017 212 2059 248 ad

1174 266 1272 299 quam
1292 266 1486 300 cooperatus
1506 255 1684 300 plurimum
1704 256 1749 290 est
1784 255 1906 291 Paulus
1935 258 2061 295 Mono-

1174 305 1267 339 culus
1279 329 1291 345 ,
1308 306 1343 340 in
1361 306 1476 349 litteris
1494 305 1538 341 ad
1559 306 1752 342 Honorium
1774 305 1973 343 Pontificem
1992 310 2060 346 lau.-

1173 353 1266 390 datus
1284 355 1303 389 ὲ
1327 357 1443 402 Sergio
1459 355 1646 399 Patriarcha
1668 356 2059 402 Constantinopolitano.

1175 406 1279 449 ipsam
1304 406 1436 441 interim
1464 406 1634 458 Julianista
1658 408 1795 457 Joannes
1806 405 2058 451 detestatusest,

1175 456 1314 495 tentavit
1345 456 1528 499 I’rimatum
1562 459 1722 493 resumere
1744 482 1756 499 ,
1786 470 1864 493 cum
1894 459 2064 504 Stephano

1175 506 1418 549 Cartamanenfi
1455 507 1491 549 ἀ
1512 507 1586 541 aliis
1615 507 1710 551 plene
1737 508 1998 553 Eutychianistis
2020 512 2063 546 E·

1171 556 1309 601 piscopis
1328 557 1409 592 fecit
1431 557 1594 600 praefaram
1614 557 1811 600 Synodum,
1844 560 1879 597 δε
1902 571 2062 596 memora-

1171 616 1203 640 ta
1225 607 1365 642 Decreta
1388 631 1397 640 .
1430 605 1562 651 Nempe
1590 609 1693 642 unico
1715 609 1748 650 ὅ(
1770 609 1807 647 in
1833 609 1947 645 Calice
1966 612 2002 646 ἀ
2023 611 2062 647 in

1170 667 1252 700 pane
1272 658 1427 692 elementi
1450 656 1603 700 symbolo
1625 656 1841 701 profitendam
1861 661 1968 700 sanxit
1990 662 2063 700 uni-

1168 707 1292 741 camin
1312 708 1468 742 Domino
1491 715 1664 748 naturam,
1695 709 1902 743 voluntatem
1923 723 1962 745 ac
1983 723 2063 756 ope-

1169 757 1330 792 rationem
1350 781 1358 789 .
1384 757 1429 791 Et
1446 767 1489 791 ex
1509 754 1575 791 hoc
1599 756 1762 800 principio
1784 759 1859 792 suos
1883 759 2061 800 Armenios

1169 806 1356 851 Patriarcha
1378 806 1466 841 Isaac
1485 806 1578 850 supra
1599 807 1781 841 accusavit.
1810 808 1855 841 Et
1889 808 1930 843 ad
1951 810 2065 849 lauda·

1169 867 1238 902 tam
1262 857 1305 891 de
1327 856 1496 901 Armeniis
1519 857 1740 892 narrationem
1773 856 1882 892 scribit
1916 859 2064 898 Francis-

1168 918 1225 953 cus
1246 907 1435 949 Combefis:
1463 911 1640 952 Gregorius,
1668 912 1877 942 Armeniorum
1888 908 2064 951 Apostolus,

1167 958 1289 999 videtur
1311 960 1333 991 ἃ
1357 961 1473 1001 Grecis
1494 959 1628 1002 accepiffe
1643 958 1854 1000 firmentum,
1893 961 1974 1000 quod
1989 959 2064 1002 post-

1165 1009 1284 1049 modum
1300 1007 1470 1052 succeſjorcs
1487 1008 1570 1052 fac‘li
1597 1008 1777 1053 Julianistae
1796 1014 2008 1043 commutarint
2030 1015 2063 1044 in

1165 1069 1269 1098 azyma
1290 1062 1306 1100 ,’
1337 1057 1506 1110 infissnfin
1545 1060 1666 1102 aliquod
1694 1058 1821 1101 baeraefis
1844 1059 2040 1099 Eutychiana
2053 1085 2062 1094 .

1165 1111 1234 1153 ‚Quo
1249 1107 1338 1153 senfic
1359 1116 1453 1144 etiam
1473 1108 1576 1152 Sanc‘li
1598 1109 1761 1152 reprobant
1782 1108 1911 1153 ipsorum
1933 1122 2063 1151 azyma,

1164 1168 1199 1203 ut
1220 1160 1348 1194 sanans
1360 1158 1562 1204 Damafi‘enus
1573 1159 1705 1204 rral‘latu
1719 1161 1757 1203 de
1769 1171 1804 1194 ea
1825 1172 1858 1194 re
1868 1162 1992 1201 necdum
2000 1162 2062 1195 cdi-

1164 1218 1194 1251 ρο
1203 1217 1237 1242 in
1250 1210 1434 1245 Bibliotheca
1445 1215 1540 1255 Regia
1550 1206 1561 1242 .’
1584 1208 1710 1254 Verum
1734 1210 1898 1254 quando?
1925 1211 2062 1245 Etenim

1165 1260 1288 1303 primus
1315 1260 1357 1296 ad
1394 1260 1640 1304 Eutychianam
1664 1260 1786 1304 Juliani
1808 1261 1934 1305 Sectam
1956 1261 2062 1304 lapsus

1162 1311 1306 1355 contigit
1318 1309 1377 1345 sub
1388 1311 1505 1355 Justini
1517 1311 1616 1355 primi
1630 1306 1795 1358 Imperim·
1822 1312 1866 1352 Et
1877 1310 1984 1355 postea
2010 1312 2065 1344 sae·

1162 1359 1233 1405 pius
1249 1362 1381 1396 fuerunt
1392 1362 1427 1407 ᾇ
1437 1362 1661 1404 reconciliati,
1675 1363 1708 1404 ὃς
1721 1362 1832 1405 relapsi
1845 1386 1857 1403 ‚
1887 1364 1920 1396 δε
1934 1360 2061 1395 nullam

1169 1411 1203 1444 in
1217 1411 1293 1445 ullis
1306 1411 1398 1446 Astis
1409 1413 1583 1455 reperimus
1594 1413 1786 1446 memoriam
1798 1421 1855 1446 aut
1879 1411 1986 1454 azymi
2008 1410 2065 1446 ad-

1170 1461 1276 1501 missi,
1303 1472 1360 1495 aut
1370 1462 1491 1505 recepti
1503 1463 1672 1496 fermenti.
1703 1461 1820 1502 Unica
1845 1461 2003 1495 memoria
2016 1459 2064 1494 est

1169 1509 1203 1542 in
1227 1510 1318 1544 Actis
1338 1510 1415 1544 dicti
1427 1511 1564 1553 Joannis
1576 1537 1583 1543 .
1612 1512 1656 1545 Et
1669 1522 1776 1553 neque
1790 1511 1939 1553 Julianus
1955 1510 2066 1552 Haly-

1168 1560 1302 1593 carnaffi
1316 1559 1519 1603 EpiscopuS,
1546 1571 1653 1604 neque
1675 1560 1815 1604 Jacobus
1833 1563 1933 1602 Syrus
1954 1583 1964 1600 ‚
2004 1569 2066 1593 nec

1169 1608 1242 1652 quis
1262 1609 1344 1643 alius
1367 1609 1587 1655 Eutychianae
1621 1609 1830 1654 blasphemiae
1863 1610 1946 1643 Dux
1977 1608 2065 1643 anti-

1168 1668 1270 1698 quum
1292 1660 1491 1693 fermentum
1514 1660 1655 1694 mutavit
1676 1661 1711 1703 in
1725 1672 1859 1703 azyma.
1886 1660 1982 1704 Quin
1996 1658 2067 1693 imo

1167 1707 1357 1741 Demetrius
1379 1708 1562 1751 Cyzicenus
1582 1710 1667 1742 inter
1699 1709 1862 1752 Jacobitas
1886 1711 1920 1743 δε
1944 1710 2071 1742 Mono-

1167 1754 1298 1792 thelitas
1317 1758 1498 1792 Armenios
1525 1757 1611 1792 hanc
1647 1758 1757 1792 lucide
1791 1759 1887 1801 ponit
1919 1759 2067 1793 differen-

1167 1807 1269 1849 tiam,
1296 1806 1388 1851 quod
1406 1806 1443 1841 hi
1467 1808 1501 1841 in
1526 1818 1647 1851 azymo
1669 1808 1846 1850 offerrent,
1871 1808 1923 1841 illi
1949 1809 1984 1841 in
2007 1810 2066 1842 fer-

1166 1867 1301 1891 mento.
1329 1858 1385 1892 Est
1398 1858 1635 1893 resintricata:
1661 1856 1818 1892 Invenire
1840 1857 2009 1903 originem
2019 1857 2065 1898 est

1164 1905 1315 1941 difficile.
1900 1911 1904 1913 ’

1215 1956 1452 2001 Forsan&ipli
1465 1957 1617 1992 Armenii
1641 1956 1818 2002 ignorant.
1845 1957 1982 1992 Etenim
2005 1967 2067 1992 ter·

1165 2006 1247 2049 tiam
1268 2005 1377 2042 adhuc
1396 2009 1592 2042 sententiam
1614 2006 1749 2043 adducit
1769 2033 1780 2049 ,
1806 2008 1841 2043 &
1868 2008 1981 2042 scribit
2003 2007 2066 2042 Pa-

1165 2055 1306 2091 triarcha
1319 2057 1502 2103 Gregorius
1512 2058 1642 2092 Sisenfis
1654 2071 1665 2091 .·
1692 2062 1760 2092 Nos
1771 2060 1792 2090 ἃ
1805 2058 1914 2093 ῖαηέῖα
1924 2062 2065 2092 Romana

1163 2105 1290 2149 Ecclefia
1299 2118 1386 2150 aquae
1396 2110 1611 2142 admixtionem
1620 2110 1707 2142 modo
1725 2112 1881 2151 recipimus
1894 2133 1905 2149 ,
1926 2107 2000 2150 ficut
2024 2109 2065 2142 ab

1164 2158 1267 2191 eadem
1277 2166 1430 2200 acceptum
1448 2158 1588 2194 habemus
1610 2169 1765 2200 azymum,
1791 2162 1920 2198 Mytram
1946 2157 2069 2202 Episco-

1160 2209 1283 2251 palem,
1309 2207 1742 2252 &modumfignandiCruce.
1770 2209 1882 2251 Etiam
1905 2209 2066 2243 Romano

1165 2255 1233 2292 'ritu
1245 2258 1424 2303 Episcopos
1433 2261 1505 2293 suos
1515 2260 1549 2293 ὅ(
1561 2259 1708 2300 Clericus
1718 2261 1908 2296 consecrant
1922 2283 1933 2300 ,
1959 2259 1993 2293 δε
2005 2259 2066 2293 issa

1165 2307 1205 2350 de
1215 2320 1250 2344 re
1263 2308 1375 2347 scribit
1386 2309 1530 2353 ipsorum
1541 2310 1668 2344 Dostor
1679 2310 1860 2355 Gregorius
1878 2310 2063 2344 Caesareen-

1165 2359 1223 2393 sis:
1254 2363 1457 2393 Armeniorum
1479 2358 1603 2400 Ecclesia
1621 2365 1714 2394 ritum
1748 2360 1921 2402 conferendi·
1942 2361 2061 2393 ordines

1164 2410 1185 2441 ἃ
1208 2412 1343 2453 Gregorio
1370 2411 1458 2452 Papa
1470 2408 1622 2453 suscepit,
1649 2421 1683 2444 ut
1704 2417 1736 2444 in
1760 2411 1850 2451 nostro
1872 2410 2062 2443 Ritualima-

1166 2470 1258 2493 nuum
1278 2458 1470 2502 impositionis
1492 2468 1669 2503 compertum
1689 2460 1814 2494 habetur
1835 2485 1846 2501 ,
1872 2465 2012 2503 quoniam
2030 2471 2060 2493 eo

1165 2515 1226 2552 ritu
1248 2515 1406 2553 accipimus
1428 2512 1585 2551 eorundem
1605 2511 1742 2553 ordinum
1756 2510 1933 2555 potestatem
1957 2534 1964 2541 .
2003 2508 2061 2543 Ab

1165 2558 1284 2602 eodem
1306 2560 1408 2604 igitur
1429 2561 1594 2605 Gregorio
1606 2559 1730 2595 habent
1743 2572 1898 2604 azymum
1912 2585 1922 2601 ,
1946 2560 1979 2594 &
1994 2559 2063 2603 plu-

1166 2619 1214 2650 res
1240 2609 1339 2644 Ritus
1361 2610 1516 2647 Latinos.
1544 2610 1619 2645 Nec
1638 2611 1760 2649 obsunt
1779 2610 1846 2645 haec
1870 2610 2062 2654 subsequen·

1166 2659 1212 2693 tia
1233 2659 1311 2693 disti
1335 2659 1487 2695 Armenii
1511 2660 1668 2697 Douoris
1691 2660 1808 2696 verba:
1836 2665 1872 2693 In
1893 2660 2002 2693 ritibus
2015 2668 2061 2692 ta-

1166 2719 1233 2742 men
1252 2709 1406 2752 Missurum
1432 2711 1467 2751 &
1491 2712 1619 2744 aliarum
1641 2717 1805 2752 orationum
1826 2721 1889 2743 cum
1916 2713 2060 2742 Romanis

1167 2761 1287 2794 minime*
1323 2761 1531 2794 concordamus
1555 2784 1563 2792 .
1591 2761 1727 2795 Etenim
1766 2759 1874 2802 azymi
1909 2758 2060 2793 admissio

1169 2821 1238 2845 non
1267 2809 1440 2854 compellit
1461 2808 1502 2852 ad
1527 2822 1644 2845 ornnes
1669 2812 1705 2845 &
1740 2810 1886 2854 singulos
1923 2809 2061 2843 Latino-

1169 2871 1240 2894 rum
1267 2859 1369 2894 ritus.
1395 2860 1573 2908 Qidquid
1585 2859 1647 2901 fit,
1673 2872 1828 2905 azymum
1841 2859 1926 2903 apud
1949 2859 2058 2903 ipsos,

1168 2910 1314 2954 adeoque
1350 2911 1386 2946 &
1422 2910 1507 2953 apud
1542 2911 1682 2945 Latinos
1717 2912 1762 2945 est
1802 2908 1944 2945 omnino
1979 2909 2061 2943 anti·

1169 2971 1272 3004 quum
1292 2984 1301 2991 .
1330 2960 1375 2994 Et
1394 2960 1471 2994 licet
1494 2960 1601 3003 ipsum
1628 2961 1785 2996 Armenii
1810 2973 1852 2995 ex
1871 2969 1974 3003 ‚pravo
1994 2960 2059 2994 forb

1169 3013 1224 3045 san
1246 3009 1407 3055 principio
1425 3010 1637 3052 admiserint,
1662 3011 1794 3055 possunt
1806 3009 1916 3054 postea
1937 3010 2058 3050 redium

1170 3061 1203 3094 in
1215 3061 1315 3094 finem
1334 3059 1539 3099 continuasse
1564 3084 1571 3091 .
1598 3059 1698 3104 Apud
1722 3061 1861 3095 Latinos
1881 3060 1943 3103 esse
1965 3058 2058 3102 Apo-

1169 3111 1318 3145 stolicum
1345 3109 1559 3149 Institutum,
1586 3110 1678 3154 supra
1700 3110 1797 3145 nobis
1822 3111 1977 3144 dixerunt
1987 3108 2059 3153 plu-

1168 3172 1216 3195 res
1240 3161 1340 3194 etiam
1362 3159 1490 3200 Graeci,
1512 3160 1547 3193 &
1572 3160 1751 3205 Anonymi
1775 3161 1809 3194 in
1826 3161 1963 3202 Parrum
1973 3158 2057 3194 Prae-

1166 3212 1350 3251 dicatorum
1370 3208 1747 3254 Constantinopolitano
1764 3211 1943 3251 Conventu
1957 3221 2058 3253 reper-

1167 3271 1218 3296 tus
1239 3261 1413 3301 Tractatus
1431 3259 1628 3303 confirmat,-
1656 3265 1761 3295 Latini
1764 3269 1822 3304 pro
1823 3260 1978 3303 fermento
1988 3272 2055 3298 azy-

1165 3322 1216 3349 ma
1238 3309 1384 3351 offerunt,
1409 3312 1445 3345 &¹
1466 3311 1686 3346 calumniantur
1712 3311 1853 3345 sanarum
1873 3313 1998 3345 Petrum
2018 3309 2053 3341 ὀ·

1166 3360 1287 3395 Sanc‘los
1301 3363 1411 3395 Patres
1422 3364 1569 3396 Romanos
1590 3362 1748 3403 Pontifices
1768 3360 1903 3407 exstitff·
1921 3358 2053 3398 nullom

1168 3412 1241 3446 talis
1252 3411 1424 3447 traditionis
1439 3437 1447 3446 .
1872 3411 1874 3414 ’
1939 3454 1974 3491 V

1973 3465 2005 3488 ea
