2352 3736
536 153 625 182 DE
697 137 736 180 S.
808 135 1143 179 LEONIS

265 221 366 262 nuda
375 217 562 253 sabbathum
585 217 758 252 incidebant
785 241 791 248 .
831 214 1090 259 ‚Quemadmodum
1113 221 1153 245 et-

255 277 328 303 tam
337 264 422 312 apud
431 282 481 302 nos
490 271 663 311 plerumque
676 272 797 310 contigit
809 292 815 298 .
843 271 930 298 Nam
941 276 1005 297 cum
1017 263 1153 304 Epipha-

265 321 319 352 nia
333 345 343 360 ‚
353 330 406 353 aut
417 322 547 353 carnalis
564 323 683 351 Domini
696 322 864 350 Nativitas
882 318 1032 347 Dominico
1043 314 1104 346 die-
1113 323 1154 345 oc-

254 376 342 403 -eurit
354 394 365 409 ,
390 371 535 412 duplicem
542 369 760 412 solemnitatem
772 367 857 407 efficit
873 388 883 404 ‚
913 367 947 398 &⁵
959 362 1157 405 velutfestum

266 419 377 462 infesto
390 445 397 452 .
424 422 538 453 Eodem
549 431 662 463 quoquo
686 418 770 451 modo
792 416 880 457 apud
902 414 965 447 illos
978 438 988 453 ,
1010 413 1040 453 fi
1049 410 1159 455 festum

266 477 300 502 in
309 470 456 503 sabbathi
465 473 543 504 aiem
566 469 709 511 incidiffitt
722 491 733 507 ‚
756 463 913 499 Sabbatha
940 463 1159 497 Sabbatborum

265 521 466 553 vocabantur.
495 518 601 554 Addit
625 521 659 551 in
681 515 950 559 quinquagefima
970 515 1062 557 super
1084 514 1160 546 San·

267 570 311 603 &i
324 571 460 613 Ioannis
472 568 689 613 Evangelium
701 565 841 599 homilia
861 566 994 599 Sanctus
1020 563 1160 606 Ioannes

268 618 548 663 chrysostomus:
578 620 699 650 Primus
710 617 744 650 ὁ*
756 615 874 648 ultimus
888 612 1054 648 Paschalis
1076 611 1162 645 festi-

268 670 379 704 vitatis
389 671 455 703 dies
479 679 606 710 magnus
621 675 687 700 erat
700 691 711 706 ‚
739 667 832 699 medii
844 674 943 698 autem
950 668 1050 705 potius
1062 667 1094 694 in
1114 663 1159 694 de·

265 720 341 752 liciis
361 717 601 761 consumebantur
623 742 629 749 .
664 716 746 750 Non
772 716 873 760 igitur
907 712 1161 754 cujuscumque,

266 769 326 803 sed
342 769 437 811 primi
467 766 660 807 dumtaxat,
688 777 745 800 aut
766 765 879 798 ultImi
904 761 1070 796 paschalis
1096 761 1181 797 diei«

265 829 346 853 cum
358 817 527 851 sabbatho
538 816 710 852 concursus
721 814 860 849 faciebat
883 822 1039 855 magnum
1058 812 1153 845 illum

266 867 421 902 Sabbarhi
443 867 529 902 diem
545 892 554 906 ,
593 869 647 900 seu
680 863 880 899 Sabbathum
904 860 1143 896 Sabbathorum
1154 881 1161 888 ·

254 918 313 950 ‚Et
325 917 483 951 hincfesti
492 916 688 960 principium
702 926 757 949 aut
769 914 870 947 finem
889 912 1007 947 debere
1029 922 1163 947 concur-

260 977 338 1001 rere
346 967 431 1000 dixit
442 965 580 1000 Ifidorus
590 964 768 999 Pelufiotes
781 989 788 996 .

314 1017 439 1051 Omnia
452 1016 517 1051 haec
532 1016 698 1060 eleganter
710 1015 849 1057 exponit
862 1014 896 1047 in
920 1012 1012 1048 libris
1033 1013 1074 1047 de
1095 1013 1163 1046 He-

266 1067 424 1101 braeorum
447 1066 629 1109 Republica
652 1065 791 1100 Carolus
816 1063 990 1107 Sigonius:
1032 1068 1161 1099 Cautum

263 1120 326 1160 lege
335 1120 355 1149 5
351 1118 429 1156 yned
433 1122 468 1151 rit
484 1116 552 1157 fuit
563 1141 572 1156 ‚
600 1124 631 1147 ut
643 1116 777 1148 traditur
791 1114 830 1146 ab
841 1114 972 1146 Hebraeis
984 1120 1016 1146 in
1029 1114 1103 1149 libro
1114 1115 1160 1146 Se-

263 1169 317 1201 der
331 1167 420 1199 clam
432 1192 443 1207 ‚
470 1178 507 1199 ne
520 1165 636 1209 Pascha
647 1164 841 1198 celebraretur
851 1164 898 1196 dic
919 1163 1098 1206 septimanae
1117 1161 1161 1204 se-

264 1219 357 1251 cundo
371 1242 381 1257 ‚
400 1225 505 1259 quarto
516 1241 525 1255 ‚
554 1213 694 1258 &sexum
730 1214 759 1256 fi
784 1220 815 1246 in
829 1225 876 1248 eos
900 1215 1058 1256 incidiffi‘t.
1102 1216 1158 1244 Ita-

264 1267 423 1310 quefidies
439 1272 546 1308 quinta
561 1268 677 1299 decima
688 1264 790 1306 mensis
807 1264 974 1297 incurrebat
986 1270 1020 1298 in
1041 1262 1160 1306 sextum

265 1319 346 1351 diem
364 1316 545 1360 septimanae
558 1341 568 1356 ‚
596 1314 713 1358 Pascha
739 1314 927 1356 differebatur
954 1320 986 1347 in
1014 1314 1159 1354 posterum

264 1369 345 1401 diem
361 1392 371 1407 ‚
399 1374 449 1409 qui
481 1376 547 1400 erat
573 1365 740 1406 sabbathi,
778 1365 1026 1408 quemadmodum
1037 1363 1158 1405 fat‘lum

266 1421 354 1457 ajunt
366 1424 396 1450 in
406 1429 436 1450 eo
449 1429 529 1450 anno
542 1440 552 1454 ‚
578 1428 633 1458 quo
644 1415 779 1455 christus
791 1414 830 1455 est
838 1414 940 1457 paffus
956 1438 964 1445 .
992 1414 1045 1447 ille
1058 1425 1157 1448 autem

264 1477 297 1500 ut
312 1469 397 1501 multi
407 1473 569 1508 opinantur
582 1471 766 1507 Interpretes
782 1490 793 1506 ,
818 1466 838 1495 ἃ
848 1466 907 1507 lege
916 1466 971 1495 Dei
984 1464 1086 1496 nolens
1114 1475 1157 1496 re-

265 1521 382 1559 cedere,
402 1517 565 1550 celebrat-tt
581 1517 658 1549 illud
659 1516 745 1557 feria
757 1520 866 1557 quinta
881 1512 1023 1555 Vesperi,
1042 1517 1074 1556 J
1076 1514 1155 1545 udaei

264 1571 336 1601 vero
347 1593 358 1608 ,
384 1579 492 1601 morem
505 1577 612 1599 novum
625 1575 679 1597 aut
691 1566 884 1597 traditionem
901 1565 1032 1594 Parrum
1038 1561 1132 1604 secuti
1146 1586 1156 1600 ,

253 1628 256 1641 1
257 1617 342 1658 feria
350 1616 441 1659 sexta
466 1614 607 1657 Vesperi,
634 1615 712 1647 unde
736 1612 911 1656 solemnitas
935 1610 1083 1644 sabbathi
1102 1617 1157 1643 ini-

263 1672 338 1699 tium
362 1675 429 1701 erat
449 1665 575 1699 dut‘lura
592 1688 599 1695 .
642 1669 748 1706 Neque
768 1665 1043 1702 verr-Interpretes
1070 1663 1157 1693 multi

261 1716 351 1750 aliter
372 1726 525 1759 congruere
548 1714 642 1748 verba
659 1716 688 1756 J
691 1719 797 1746 oannis
823 1723 889 1745 cum
901 1710 1004 1743 verbis
1030 1711 1155 1742 allorum

212 1767 214 1769 ’
262 1767 526 1810 Evangelistarum
535 1765 610 1807 poffit
635 1763 842 1796 arbitrantur.
872 1762 1006 1804 ,Quorum
1027 1758 1059 1792 ki
1084 1758 1157 1802 Pas-

258 1815 331 1859 scha
341 1816 518 1850 celebratum
538 1815 589 1858 effe
611 1816 631 1846 ἃ
653 1812 768 1854 christo
786 1811 871 1854 feria
900 1817 1006 1852 quinta
1031 1808 1157 1852 Vespere

255 1869 411 1906 tradunt,
439 1866 487 1898 ille
507 1867 579 1906 vero
596 1862 691 1906 ipsum
717 1869 750 1895 in
773 1859 962 1904 Parasceve,
994 1858 1097 1900 idest,
1124 1866 1156 1892 in

257 1921 485 1958 praeparatione
509 1913 633 1957 Pascbae
649 1938 660 1954 ,
687 1915 721 1946 id
740 1911 778 1953 est
790 1937 800 1953 ,
835 1912 935 1953 pridie
962 1908 1157 1952 Paschae,effe

257 1967 375 2009 paffum
404 1969 525 2008 exponit
539 1989 546 1996 .
570 1965 710 2004 Accedit,
736 1963 816 2005 quod
823 1967 857 1994 in
877 1959 944 2003 ipsa
968 1959 1156 2002 Parasceve‚

263 2027 331 2058 quae
341 2017 405 2049 dies
426 2015 463 2056 est
468 2013 558 2057 sexta
563 2018 595 2058 J
597 2015 676 2048 udaet
684 2012 718 2056 se
731 2013 804 2046 nolle
819 2015 998 2044 Praetorium
1020 2012 1155 2053 ingredi,

262 2078 301 2100 ne
311 2071 583 2099 contaminarentur
601 2089 611 2104 ,
647 2066 680 2097 (y
693 2072 726 2096 ut
739 2061 854 2105 Pascha
865 2062 1009 2095 comedere
1022 2061 1133 2103 possent
1147 2086 1153 2092 .

262 2116 384 2157 quuod
393 2126 423 2148 eo
435 2116 483 2147 die
494 2126 552 2147 non
563 2125 652 2148 manc
667 2138 678 2154 ,
699 2112 756 2157 fid
765 2110 887 2155 Vespere
911 2118 998 2144 erant
1013 2109 1132 2151 fac‘luri
1145 2134 1155 2150 ,

262 2172 313 2207 qui
323 2166 367 2197 ad
380 2163 596 2208 solemnitatem
617 2162 768 2207 sequentis
792 2160 939 2195 sabbatha·
965 2160 1152 2203 pertinebat.

263 2215 363 2260 Judaei
379 2215 479 2259 igitur
499 2225 647 2258 paternas
671 2213 884 2252 traditiones,
911 2210 1080 2244 Dominus
1113 2210 1155 2244 le-

263 2277 340 2310 gem
372 2264 561 2298 servandam
585 2263 704 2305 duxit,
740 2273 839 2306 atque
861 2263 907 2295 ita
929 2259 983 2294 hic
1012 2261 1151 2303 quinta,

263 2316 318 2349 isti
331 2316 419 2349 sexta
433 2314 512 2348 feria
527 2315 620 2348 suum
638 2312 764 2348 Pascha
787 2314 934 2347 fecerunt
948 2336 955 2342 .
982 2310 1030 2343 Hi
1044 2310 1153 2354 legem

263 2365 331 2399 Dei
355 2374 485 2409 propter
504 2365 574 2398 suas
596 2364 788 2399 traditiones
810 2388 821 2405 ‚
858 2361 908 2396 uti
941 2360 1018 2404 saepe
1053 2360 1154 2402 alias,

264 2417 340 2448 sunt
352 2415 547 2457 praevaricati
561 2439 569 2446 .
598 2414 702 2449 Etuti
714 2413 898 2458 legitimum
923 2410 1012 2445 diem
1025 2435 1036 2450 ‚
1062 2411 1106 2445 ita
1120 2411 1154 2445 ὅ(

264 2465 434 2509 legitimos
444 2464 535 2499 cibos
555 2466 699 2499 omnino
720 2463 858 2498 servavit
889 2463 1058 2496 Dominus
1071 2485 1082 2501 ‚
1108 2471 1158 2495 at-

264 2526 329 2558 que
342 2514 690 2558 italucetipsumtunc
702 2526 771 2549 non
794 2515 956 2548 fermento
972 2535 983 2551 ‚
1010 2509 1063 2545 sed
1083 2511 1154 2546 solo

265 2576 386 2608 azymo
398 2564 492 2599 fuisse
508 2566 602 2600 usum
613 2591 621 2599 .

84 1143 224 1178 L.3.c.9.

444 2754 788 2802 CAPUT
855 2746 1067 2802 ‘VLQ

548 2870 758 2919 Michaelis
782 2877 816 2918 C
817 2872 896 2919 erul
897 2875 970 2919 arii
998 2877 1155 2920 rationes

268 2875 520 2940 Exponuntut·

363 2951 369 2961 ”
535 2958 662 2988 contra
686 2940 879 3006 Azyma?
931 2962 936 2965 ’

373 3060 488 3097 —Ichael
499 3061 684 3096 Cerularius
693 3062 726 3095 ὃς
737 3063 852 3095 cuncta
867 3061 933 3104 ejus
948 3061 1047 3096 sastio
1060 3064 1152 3105 perti-

374 3119 378 3124 '
407 3113 531 3147 naciter
552 3113 691 3146 asserunt
713 3109 846 3153 Azyma
870 3123 937 3144 non
962 3112 1024 3146 effe
1042 3124 1151 3147 verum

266 3173 385 3205 panem
402 3187 411 3201 ‚
447 3161 584 3206 ideoque
605 3173 664 3196 nec
687 3172 794 3204 aptam
815 3161 1025 3195 Sacramento
1052 3172 1149 3197 mate·

268 3213 349 3246 riam
363 3236 373 3252 ,
394 3223 431 3245 ac
442 3213 580 3254 proinde
593 3224 654 3246 nos
667 3212 804 3245 Latinos
818 3221 923 3244 carere
933 3210 1150 3254 Eucharistia,

266 3262 301 3295 ὅ(
325 3272 391 3295 non
412 3262 475 3304 eflje
498 3273 588 3295 veros
609 3273 647 3296 ac
671 3262 784 3305 plenos
798 3260 1003 3294 Christianos
1020 3269 1034 3293 .“
1056 3262 1149 3296 Hinc

265 3312 333 3355 ipse
359 3309 507 3345 Michael
526 3312 606 3345 fecit
632 3335 643 3351 ,
677 3312 766 3355 quod
790 3309 897 3344 scribit
922 3311 1056 3344 Sanetus
1077 3312 1148 3346 Leo

93 3360 250 3398 [Phe-²0*
266 3357 405 3396 nonunt
425 3364 550 3393 Atanta
572 3366 705 3401 amentta
720 3364 791 3402 jam
812 3359 956 3404 respirate
969 3385 979 3401 ,
1007 3362 1042 3394 (5
1066 3364 1148 3395 Lati-

267 3423 319 3446 nos
336 3413 406 3447 vere
419 3411 586 3443 Catholicos
600 3434 610 3449 ,
636 3419 724 3453 atque
734 3417 861 3445 maximi
873 3414 958 3447 Petri
974 3410 1144 3453 familiares

369 3466 396 3494 C
399 3460 475 3501 brist.
490 3466 567 3504 Lupi
580 3466 668 3503 Opcr.
680 3463 759 3496 Tom.
773 3465 826 3495 IV.

1215 130 1820 177 NoulActrs.
1927 145 2018 190 315

1216 212 1382 256 Discipulos
1394 239 1404 256 ‚
1432 211 1675 255 institutionisque
1693 214 1760 249 eius
1781 213 1948 258 devotiores
1970 214 2097 247 Seciato-⁴

1216 276 1263 297 res
1276 289 1285 302 ‚
1312 265 1419 307 cessate.
1430 262 1641 306 subsannando
1652 266 1801 300 azymitas
1813 271 1919 295 vocare
1930 287 1941 303 ‚
1966 272 2020 296 aut
2037 266 2095 297 Ec-

1216 312 1311 354 clefias
1324 316 1383 347 illis
1409 316 1574 357 denegare,
1600 322 1653 347 aut
1675 320 1837 352 tormenta,
1860 311 1933 352 ficut
1951 312 2096 354 coepistis,

1218 362 1329 404 inferre
1342 389 1352 404 ‚
1375 363 1403 406 fi
1410 365 1507 398 vultis
1525 375 1601 397 nunc
1613 365 1647 397 (α
1665 361 1780 405 semper
1797 370 1917 404 partem
1935 364 1969 396 (π
1986 368 2097 404 portio-

1220 425 1283 446 nem
1292 426 1356 447 cum
1370 417 1459 447 Petro
1470 413 1577 447 habere
1597 438 1604 445 .
1633 413 1676 447 Er
1686 412 1768 446 infra
1779 426 1790 446 .·
1816 416 1875 445 Vos
1897 414 2074 455 alloquimur
2084 436 2097 453 ,

1220 463 1383 505 quitultstis
1406 465 1520 498 clavem
1532 464 1672 509 scientiae
1690 487 1699 502 ‚
1725 468 1777 505 qui
1798 463 1940 509 clyuditis
1961 466 2098 506 Regnum

1223 515 1365 547 Coelorum
1378 524 1449 547 ante
1460 514 1590 547 homines
1604 538 1610 545 .
1637 517 1703 546 Nec
1713 512 1769 555 ipſs
1774 518 1897 546 intratis
1913 537 1923 553 ,
1949 524 2001 546 nec
2023 513 2096 546 alios

1219 570 1334 598 intrare
1344 567 1522 606 permittitis
1535 587 1547 603 ,
1567 562 1626 605 sed
1630 569 1731 604 potius
1739 563 1905 604 prohibetis
1919 587 1929 602 ,
1954 564 2026 595 dum
2037 575 2099 597 ma-

1220 619 1276 647 tris
1288 614 1491 648 venerandam
1493 612 1607 655 faciem
1618 611 1771 654 conspuere
1780 619 1914 655 qua-ritis
1926 638 1937 654 ,
1950 615 2022 646 dum
2033 625 2100 646 eam

1220 663 1408 706 inftquimini
1417 669 1557 696 convitiis
1570 664 1602 695 Θ
1613 663 1779 695 maledicus
1795 687 1807 703 ‚
1842 665 1913 695 dum
1926 668 2022 706 Agnos
2034 666 2099 706 ejus

1221 714 1258 746 ab
1270 726 1304 747 ea
1311 712 1482 757 segregare,
1520 718 1614 745 etiam
1624 711 1814 745 anathemate
1834 715 1868 746 <w
1886 714 2012 756 flagellis
2025 737 2036 753 ‚
2063 724 2100 747 ne

1203 778 1206 791 z
1222 775 1320 796 vocem
1333 771 1503 795 maternam
1514 760 1670 804 agnoscant
1683 762 1717 795 <5
1734 760 1896 804 sequantur
1906 787 1915 802 ,
1952 765 2101 797 contendi-

1221 819 1262 846 tis
1274 837 1281 845 .
1310 817 1349 846 Ut
1358 818 1436 845 enim
1442 812 1547 853 fertur
1560 836 1570 851 ,
1596 822 1693 844 omnes
1706 811 1882 844 Latinorum
1896 811 2037 852 Basilicas
2046 821 2100 854 pe-

1210 874 1274 896 :nes
1286 875 1341 896 vos
1352 861 1488 904 claufistt‘s
1500 886 1511 903 ,
1536 860 1688 895 Monachis
1702 860 1879 901 Monasteria
1889 863 1922 895 δ’
1936 861 2099 896 Abbatibus

1221 912 1330 952 tulistis
1351 937 1362 953 ,
1397 914 1488 947 donec
1520 912 1625 954 vestris
1646 918 1789 946 viverent
1808 911 1952 951 institutis
1974 936 1981 943 .
2017 912 2102 958 Qae

1202 963 1334 1050 lomnia
1351 964 1428 997 fecit
1449 964 1483 997 δε
1506 962 1575 997 Leo
1601 960 1788 996 Acridenfis
1813 962 1991 1006 Episcopus
2011 961 2102 1005 apud

1222 1015 1360 1057 primam
1379 1013 1594 1056 Iustinianam
1605 1037 1612 1044 .
1641 1013 1751 1057 Pergit
1764 1013 1899 1046 Sanctus
1911 1012 2017 1046 noster
2031 1013 2100 1047 Leo

1222 1065 1255 1097 in
1270 1064 1333 1098 alia
1342 1063 1510 1107 Epistolat
1542 1064 1624 1097 Illud
1635 1068 1699 1105 quis
1714 1074 1769 1095 non
1776 1062 1893 1105 stupeat
1903 1086 1913 1101 ,
1942 1064 2024 1105 quod
2037 1061 2101 1105 post

1220 1122 1262 1147 tot
1274 1113 1396 1147 Sanc‘los
1411 1115 1444 1146 &¹
1456 1111 1642 1146 Orthodoxos
1659 1115 1766 1145 Patres
1774 1120 1828 1154 per
1840 1113 1918 1145 mille
1931 1114 1965 1146 <5
1985 1119 2101 1158 viginti

1221 1167 1240 1196 a
1253 1167 1373 1197 Domini
1385 1164 1553 1198 salvatoris
1568 1163 1693 1202 Paffione
1702 1174 1797 1195 annos
1808 1187 1818 1203 ‚
1838 1174 1932 1195 novus
1943 1164 2100 1196 calumnia-

1221 1226 1265 1247 tor
1293 1218 1322 1246 E
1325 1213 1426 1253 cclefiae
1449 1217 1626 1246 Latinorum
1648 1211 1779 1253 emersisti
1793 1237 1803 1251 ‚
1839 1211 2101 1246 anathematizans

1220 1276 1317 1297 omnes
1331 1289 1342 1304 ‚
1369 1266 1403 1297 (9⁴
1422 1264 1573 1305 publicam
1591 1262 1818 1306 persecutionem
1841 1269 2001 1303 excitans,
2039 1268 2102 1305 qui-

1219 1326 1339 1357 cumque
1347 1320 1607 1356 partiet'parentur
1630 1316 1883 1346 sacramentorum
1906 1324 1944 1346 ex
1965 1317 2102 1352 Azymis.

1221 1365 1263 1399 Et
1285 1366 1319 1398 in
1345 1364 1460 1399 litteris
1481 1364 1522 1398 ad
1555 1364 1788 1407 Imperatorem
1820 1362 2100 1397 Constantinum:

1220 1419 1351 1448 Noverit
1361 1423 1415 1449 tua
1427 1415 1563 1448 Claritas
1576 1438 1587 1454 ‚
1615 1417 1742 1456 qualiter
1758 1413 1888 1447 Michael
1908 1421 2017 1455 aperta
2033 1421 2106 1456 per-

1215 1463 1358 1505 secutione
1377 1470 1411 1496 in
1438 1467 1585 1497 Latinam
1608 1462 1768 1503 Ecclefiam
1789 1461 1980 1505 exardescens
1994 1488 2005 1504 ‚
2031 1475 2104 1496 ana-

1218 1513 1416 1546 thematizare
1428 1524 1484 1545 non
1496 1518 1597 1544 timuit
1620 1523 1718 1545 omnes
1731 1536 1740 1551 ,
1767 1519 1818 1554 qut
1839 1515 2035 1546 sacramenta
2058 1521 2106 1545 at-

1218 1562 1349 1595 trenam
1374 1574 1412 1595 ex
1437 1566 1571 1601 azymis.
1598 1562 1708 1595 Etiam
1732 1561 1973 1596 Constantinus
1995 1587 2005 1602 ‚
2042 1574 2109 1596 ma*

1217 1624 1289 1657 gnae
1314 1611 1694 1655 Constantinopolitanae
1718 1611 1868 1646 Ecclefiae
1891 1612 2105 1653 Sacellarius,

1217 1661 1412 1705 fecit,quod
1432 1661 1540 1695 scribit
1554 1661 1741 1695 cardinalis
1762 1661 1968 1697 Humbertus
1988 1664 2023 1697 in
2039 1663 2107 1696 Mi-

1216 1710 1338 1746 chaelis
1358 1710 1696 1746 excommunicatoria
1707 1711 1909 1754 diplomate:
1938 1712 2106 1753 Constanti-

1216 1773 1272 1794 nus
1295 1764 1472 1794 Latinorum
1492 1759 1667 1804 sacrificium
1674 1761 1813 1804 profanis
1827 1765 2010 1797 conculcavit
2018 1764 2106 1805 pedi-

1215 1812 1286 1845 bus.
1313 1812 1417 1859 Qod
1429 1822 1545 1854 nempe
1558 1823 1618 1845 nos
1643 1812 1784 1846 Latinos
1811 1813 1945 1849 duceret
1966 1813 2109 1848 Haereti-

1206 1873 1295 1901 cos,
1330 1861 1538 1903 nostramque
1562 1860 1803 1898 Eucharistiam
1827 1862 1890 1897 effe
1913 1874 2048 1897 vacuam
2072 1863 2106 1896 &

1215 1911 1336 1946 nullam
1352 1937 1359 1943 .
1397 1913 1441 1946 Et
1473 1912 1513 1945 ad
1537 1911 1762 1954 synadensem
1787 1912 2024 1948 Armeniorum
2046 1913 2107 1946 Ar-

1215 1960 1461 2005 chiepiscopum
1474 1961 1583 1996 scribit
1595 1962 1777 2006 Gregorius
1787 1964 1959 2006 septimus:
1988 1969 2030 1996 Co
2030 1975 2108 2007 gno-

1214 2016 1316 2045 vimus
1330 2010 1485 2053 Ecclesiam
1498 2010 1626 2052 vestram
1638 2018 1670 2045 in
1681 2015 1787 2051 Azyma
1804 2011 1975 2056 sacrificare
1987 2038 1997 2054 ‚
2025 2015 2059 2046 ό*
2070 2013 2105 2046 ob

1214 2062 1418 2096 hocaGraect's
1438 2063 1604 2098 dumtaxat
1626 2069 1775 2106 imperitis
1791 2087 1800 2102 ,
1827 2061 1911 2105 quast
1927 2064 1964 2096 de
1994 2063 2109 2106 Haerefi

1214 2111 1386 2154 reprebendi
1404 2137 1410 2144 .
1441 2112 1580 2147 Volumus
1603 2124 1656 2146 vos
1683 2114 1721 2147 de
1743 2119 1903 2147 temeraria
1916 2114 2102 2157 garrulitate

1215 2164 1331 2195 illorum
1344 2161 1470 2196 multum
1484 2169 1588 2196 mirari
1602 2186 1612 2202 ,
1634 2161 1692 2206 sed
1703 2175 1755 2197 nec
1767 2164 1804 2197 ab
1816 2162 1946 2203 instituto
1957 2161 2083 2204 defistere
2091 2189 2102 2205 ,

1210 2211 1338 2255 scientes
1360 2223 1455 2246 eorum
1476 2218 1687 2254 procacitatem
1719 2225 1776 2247 non
1806 2215 1890 2247 modo
1907 2214 1994 2247 vobis
2025 2212 2102 2247 banc

1214 2261 1298 2304 quafi
1302 2264 1484 2296 calumniam
1497 2263 1623 2304 objicere<
1633 2288 1644 2304 ‚
1665 2265 1770 2298 verum
1780 2270 1871 2297 etiam
1875 2262 1967 2305 simili
1975 2265 2012 2297 de
2037 2276 2104 2298 cau-

1209 2312 1265 2355 sa,
1287 2318 1426 2357 graviori
1440 2316 1511 2347 vero
1534 2316 1668 2356 injuria,
1693 2312 1839 2358 hucusque
1849 2324 1950 2348 contra
1960 2314 2102 2347 Sanc‘lam

1213 2367 1380 2396 Romanam
1414 2363 1569 2406 Ecclefiam
1598 2362 1745 2408 insurgere
1768 2390 1775 2396 .
1814 2365 1944 2407 Azyma
1965 2365 2010 2398 est
2035 2376 2103 2399 una

1215 2414 1383 2447 causarum
1407 2438 1417 2454 ‚
1456 2414 1501 2447 ob
1526 2426 1606 2457 quas
1639 2415 1681 2448 de
1703 2412 1888 2457 Euthymio
1912 2414 2104 2448 Graecorum

1216 2461 1434 2498 Antiocheno
1444 2462 1631 2498 Patriarcha
1656 2464 1768 2499 scribit
1790 2465 1956 2509 Georgius
1979 2463 2104 2507 Pachy-

2124 1961 2135 1975 Y

2126 1980 2143 1989 u

2123 1037 2210 1077 Epist.
2227 1041 2257 1069 6.

2123 1382 2206 1421 Eplst.
2233 1392 2261 1416 7.

2149 1960 2186 1986 .8.
2198 1958 2246 1994 ΕΡ.
2256 1967 2280 1987 1.

1214 2525 1318 2548 meres
1331 2527 1342 2547 .·
1369 2513 1547 2552 Euthymius
1560 2514 1598 2547 ab
1611 2513 1731 2558 Arsenio
1741 2513 1928 2549 Patriarcha
1942 2513 2104 2549 Constan-
2120 2538 2146 2565 L.
2161 2546 2187 2570 4·
2197 2546 2222 2564 c.
2226 2545 2256 2572 9·

1215 2563 1440 2606 tinopolitano
1476 2576 1533 2598 non
1565 2563 1758 2607 recipiebatur
1789 2570 1821 2597 in
1850 2570 2076 2598 communionem
2095 2590 2102 2596 .

1199 2607 1317 2657 lCausa
1322 2613 1481 2655 ferebatur
1493 2640 1503 2656 ,
1529 2614 1608 2656 quod
1629 2615 1855 2659 communicasset
1867 2617 1999 2657 quadam
2019 2622 2051 2649 in
2072 2626 2103 2648 re

1199 2654 1202 2705 l
1216 2675 1281 2697 cum
1296 2668 1458 2697 Armeniis.
1487 2665 1530 2699 Et
1543 2663 1750 2707 Nicephorus
1763 2664 1913 2699 Calixtus
1926 2666 1960 2697 in
1975 2667 2031 2698 suo
2046 2667 2103 2707 Sy-

1199 2714 1202 2758 l
1216 2713 1362 2748 naxiano
1375 2713 1521 2748 Triodio
1543 2712 1608 2747 haec
1620 2715 1746 2758 posuit:
1773 2716 1856 2747 Unde
1873 2717 1907 2748 δ’
1925 2722 2038 2755 panem
2054 2726 2105 2747 vo·
2119 2729 2189 2766 Cap,
2201 2738 2226 2763 7·
2245 2732 2271 2758 g,

1200 2760 1265 2807 {cat
1279 2771 1381 2805 corpus
1395 2762 1484 2806 suum
1496 2787 1507 2803 ,
1533 2775 1591 2796 non
1617 2773 1716 2797 tamen
1736 2775 1887 2803 azymum.
1914 2762 2033 2807 Erubes
2033 2774 2102 2797 cant

1199 2821 1203 2862 ξ
1217 2820 1268 2856 qui
1274 2811 1416 2856 sacrificio
1427 2824 1540 2852 azymos
1552 2812 1694 2847 adhibent
1706 2839 1713 2846 .
1741 2815 1790 2848 Ita
1804 2812 1901 2848 habes
1913 2812 1999 2856 apud
2010 2815 2099 2849 Gen-

1199 2867 1201 2876 *
1217 2864 1350 2899 nadium
1365 2864 1542 2897 secundum
1556 2863 1781 2899 patriarcham
1794 2863 2099 2907 Constantinopoli-

1216 2925 1330 2949 tanum
1349 2914 1383 2947 in
1404 2912 1573 2958 Apologia
1594 2914 1779 2949 Florentini
1803 2914 1968 2948 Concilii.
1999 2914 2040 2949 Et
2059 2914 2095 2948 in

1198 2964 1318 3007 sprima
1329 2965 1380 2997 sua
1392 2966 1432 2998 ad
1456 2964 1584 2999 Graecos
1602 2965 1754 3008 Epistola
1775 2964 1886 2999 scribit
1910 2964 2096 2998 Barlaamus

1198 3015 1199 3018 ’
1217 3014 1396 3056 Episcopus
1418 3014 1610 3056 Gyracenfis
1628 3028 1638 3048 .·
1679 3018 1852 3047 Graecorum
1872 3017 1951 3047 Gens
1970 3022 2096 3057 propter·

1214 3065 1270 3095 duo
1292 3067 1417 3096 Latinos
1437 3061 1577 3106 accusans
1598 3089 1609 3104 ‚
1646 3062 1770 3102 aestimat
1792 3071 1922 3105 oportere
1937 3062 1971 3106 se
1996 3064 2035 3097 ab
2052 3070 2095 3098 eis

1213 3114 1333 3146 dividi.
1362 3116 1458 3145 Unum
1483 3114 1517 3146 (r
1534 3115 1733 3155 principalius
1747 3139 1757 3154 ,
1783 3115 1864 3156 quod
1891 3114 1980 3156 ajunt
2000 3116 2094 3156 spiri-

1213 3174 1277 3198 tum
1287 3162 1427 3196 sanctum
1438 3174 1475 3196 ex
1489 3166 1584 3195 Patre
1590 3163 1710 3206 filioque
1713 3165 1879 3206 procedere.
1914 3166 1935 3197 5
1937 3166 2092 3204 cerandum,

1213 3214 1291 3256 quod
1297 3221 1353 3254 per
1365 3216 1485 3251 Azymos
1503 3221 1601 3254 panes
1619 3213 1840 3256 sacratiffimam
1863 3214 2011 3248 celebrant
2037 3217 2092 3246 Ho-

1207 3264 1312 3303 stiam.
1338 3263 1407 3296 Hic
1430 3262 1587 3306 posterior
1610 3265 1710 3298 etiam
1730 3264 1885 3298 articulus
1906 3264 1972 3298 fuit
2003 3262 2088 3306 apud

1212 3314 1342 3346 Graecos
1364 3310 1446 3346 adeo
1465 3313 1638 3355 capitalis,
1664 3323 1699 3347 ut
1721 3313 1761 3347 ad
1783 3313 1976 3359 Eugenium
1997 3323 2090 3354 quar-

1211 3374 1281 3396 tum
1292 3362 1489 3396 Pontificem
1499 3363 1629 3397 Marcus
1640 3361 1852 3407 Ephesiorum
1864 3361 2091 3402 Archiepisco·

1212 3424 1272 3458 pus
1282 3413 1438 3458 scripserit
1453 3413 1667 3448 Ecclefiarum
1676 3416 1835 3450 unionem
1847 3414 1915 3449 fore
1937 3410 2068 3493 facilem
2079 3433 2091 3449 ,
2132 3414 2135 3420 '

1566 3462 1596 3496 R
1624 3475 1639 3498 r
1690 3475 1712 3500 2
1981 3470 2042 3493 um-

2108 3396 2128 3424 L
2154 3403 2243 3431 5.c.2.
