2352 3736
39 364 66 389 ᾖ.

339 120 392 152 οε
431 108 701 154 LATINORUM
736 107 1050 153 Emscorolwm
1086 121 1136 150 ετ
1170 107 1465 152 thnlconu'm
1499 120 1824 155 εοΝτιΝεΝτιΛ.
1904 127 1959 170 13

265 193 373 228 Etiam
390 193 478 239 apud
500 195 658 232 Calabros
679 196 714 230 in
738 195 932 242 Rhegienfis
945 191 1092 233 Ecclefiae
1151 199 1236 231 tam,
1261 193 1314 232 vel
1321 192 1460 231 ancillam
1472 216 1480 231 ι
1504 194 1566 234 Sed
1574 192 1678 242 fisum
1685 193 1863 239 ‚eujusmodi
1871 195 2002 240 servitia
2018 222 2030 238 >

214 241 428 280 Subdiaconis
439 247 547 291 viguit
560 247 620 281 ista
632 247 762 283 licentia
785 250 884 291 usqne
895 245 935 278 ad
945 253 1091 286 tempora
1148 247 1254 290 matrs,
1263 240 1411 287 velsoml,
1421 268 1433 287 ,
1446 243 1901 294 feelaliipropinquaepontradat
1910 271 1919 279 .
1946 248 2031 282 Non

38 315 96 347 L3-
114 305 198 348 Epist„
213 292 337 328 laudati
360 294 514 341 Gregorii
538 296 705 334 scribentis
724 297 766 331 ad
789 295 999 336 Bonifacium
1020 292 1090 334 istic
1151 292 1227 333 solis
1250 291 1418 342 Episcopis
1438 318 1450 334 ,
1472 293 1676 338 Presbyteris
1698 308 1736 329 ac
1756 296 1919 338 Diaconis
1938 322 1948 338 ‚
1975 297 2029 331 sed

213 343 434 388 Episcopum:
461 346 654 381 Subdiaconis
669 353 729 380 tuis
737 345 790 388 ,boc
800 369 812 386 ‚
839 346 918 388 quod
936 346 973 377 de
982 344 1090 385 siculis
1146 341 1249 382 etiam
1262 341 1478 386 subdiaconis
1488 344 1654 385 interdicit
1666 368 1678 384 ,
1689 347 1854 390 Agapetas
1867 372 1875 380 .
1903 348 1947 381 Et
1960 348 2029 395 qui-

206 392 385 435 statuimus,
411 397 592 430 decernimus
602 396 774 440 observari.
801 399 870 436 Nec
880 395 964 427 illam
988 393 1089 436 defini-

211 449 319 479 tionem
327 445 451 484 nostram
461 445 624 490 cujuspietm
633 444 722 487 'finas
736 450 918 486 contumacia
938 454 994 477 aut
1005 453 1091 484 teme-

209 500 302 529 ritate
323 501 469 537 corrumpi
487 521 497 537 .-
527 495 594 530 Uti
616 494 812 540 Rhegiensis
823 519 835 537 ‚
863 495 909 529 ita
927 494 962 536 ὅ(
975 505 1091 529 omnes

210 544 397 580 Siculorum
409 545 576 587 Ecclesia,
601 552 768 588 tamquam
787 546 922 589 propria:
944 542 1090 588 suffraga-

211 606 278 629 neae
288 595 370 630 olim
388 593 570 638 spectabant
594 592 742 638 proxime
762 594 802 629 ad
815 595 1002 636 Romanam
1025 606 1090 632 rne-

211 645 387 688 tropolim,
413 653 513 685 >atque
524 644 568 679 ita
581 644 685 688 liquet
703 646 852 682 Romani
865 645 952 680 Cleri
965 644 1090 679 castita-

211 704 277 729 tem
298 695 331 727 in
345 690 471 742 propria
492 695 593 729 etiam
614 696 781 739 provincia
806 708 874 730 non
905 696 1027 738 semper
1046 705 1088 732 ex

210 746 339 788 integro
350 743 486 788 viguisse
497 768 505 775 .
524 744 691 791 Integram
702 746 835 789 tandem
845 746 965 789 recepit
979 746 1090 780 omnis

210 794 327 828 Latina
340 792 570 836 Christianitas
580 820 591 836 ,
611 795 785 840 multisque
797 794 949 840 Decretis
960 796 1090 829 Sanetus

209 844 279 877 Leo
291 844 413 887 Nonus
436 843 616 885 Pontifex,
641 846 823 892 Gregorius
844 847 1007 891 Septimus
1020 869 1031 885 2
1056 846 1089 879 &

208 894 287 928 varii
313 894 458 939 ipsorum
484 895 675 932 successores
700 897 937 938 confirmarunt
958 920 966 928 .
993 896 1088 942 Qin

206 946 276 979 imo
297 944 331 978 in
345 945 609 986 Claromontano
621 946 780 986 Concilio
801 946 963 982 Urbanus
979 947 1092 980 secun·

205 996 268 1030 dus
277 995 559 1038 Subdiaconatum
570 996 684 1032 statuit
696 997 849 1043 deinceps
857 998 920 1037 effe
928 995 1090 1032 Ordinem

205 1045 366 1089 majorem
384 1045 422 1084 ,δε
437 1048 584 1090 sacrum,
609 1056 708 1091 atque
730 1047 980 1090 subdiaconum
1002 1047 1090 1091 posi‘e

206 1095 287 1141 eligi
310 1096 346 1137 in
368 1096 569 1143 Episcopum
587 1123 596 1138 ‚
623 1098 674 1140 lta
693 1109 829 1133 omnem
855 1095 1090 1142 tergiversandi

206 1147 317 1181 ansam
328 1146 547 1188 ,Subdiaconis
559 1147 700 1192 praecidit
711 1174 719 1190 ‚

258 1196 382 1243 Quoad
404 1197 549 1232 minores
572 1198 651 1238 item
675 1197 822 1233 Clericos
843 1200 977 1239 fuerunt
996 1194 1091 1236 variae

206 1246 424 1289 Ecclesiarum
445 1247 698 1290 consuetudines
721 1273 730 1288 ,.
758 1248 817 1283 Eis
836 1247 979 1293 vulgaris
1001 1246 1090 1291 Apo·

205 1297 340 1339 stolicus
351 1297 471 1338 Canon
493 1297 654 1343 permittit
664 1297 766 1334 etiam
793 1309 896 1333 novas
907 1296 980 1341 post
1001 1307 1089 1331 acce-

205 1358 300 1390 ptum
310 1347 460 1388 ordinem
471 1348 601 1392 nuptias
617 1370 628 1387 ,
653 1347 812 1391 istamque
821 1347 1031 1391 disciplinam
1055 1347 1089 1389 ὃς

205 1397 323 1432 Latini
342 1397 495 1436 &Graeci
516 1398 628 1443 passim
653 1405 850 1436 tenuerunt.
878 1395 1089 1440 ,Augustodu-

206 1448 313 1482 nenfis
333 1456 444 1482 tamen
468 1447 504 1480 δε
523 1445 708 1487 Tricaffina
737 1445 773 1487 iu
797 1445 917 1488 Galliis
941 1445 1089 1480 Ecclesiae

205 1496 390 1536 habuerunt
406 1493 607 1536 sanffitatem
628 1495 787 1539 majorem
800 1521 812 1538 ‚
837 1496 880 1531 de
893 1506 957 1539 qua
976 1506 1086 1529 earum

203 1545 359 1590 Episcopi
371 1542 583 1590 Euphronius
604 1546 638 1587 &
650 1547 765 1590 Lupus
776 1544 919 1587 scribunt
941 1545 986 1579 ad
998 1544 1090 1579 Tha-

203 1593 540 1640 lafium'Episcopum
562 1596 836 1641 Andegavensem
857 1609 865 1631 ε
893 1600 939 1631 De
964 1596 1088 1630 clericis

204 1646 352 1690 bigamis,
376 1644 465 1689 usque
479 1648 521 1679 ad
527 1645 669 1686 ostiarios
680 1646 806 1690 Ecclefia
818 1651 971 1690 permittit
991 1647 1025 1680 (9⁶
1033 1655 1089 1689 pa·

203 1702 278 1731 titur
293 1720 301 1728 .
327 1697 510 1738 Exorcistis
530 1696 792 1733 &subdiaconis
815 1696 1087 1742 ajuntindulgeri

204 1747 304 1781 initas
324 1756 402 1786 ante
422 1746 574 1787 ordinem
597 1748 748 1792 nuptias,
773 1748 808 1782 δε
826 1746 972 1784 addunt:
1001 1750 1065 1782 Eos
1078 1771 1088 1787 ‚

202 1796 356 1841 postquam
364 1797 504 1841 ,affumpti
518 1798 637 1840 fuerint
652 1823 663 1843 ‚
688 1800 733 1834 ad
742 1803 863 1843 nuptias
880 1796 1011 1838 -tranfire
1030 1807 1088 1829 non

205 1852 341 1889 patimur
398 1848 514 1894 Qm
536 1849 734 1888 sanctitatem
758 1849 897 1894 ,viguisse
922 1848 957 1882 in
977 1847 1089 1884 multis

205 1897 307 1931 etiam
328 1897 556 1939 Orientalibus
599 1898 753 1936 Ecclefiis
788 1900 875 1938 lucet
901 1910 942 1933 ex
970 1907 1087 1942 quarto

203 1946 336 1981 decimo
354 1946 500 1987 „Canone
527 1945 788 1985 Chalcedonensi
810 1962 818 1982 :
846 1954 883 1982 In
910 1947 1087 1991 quibusdam

200 2001 371 2040 provinciis
378 1998 536 2042 conceffum
550 1999 590 2040 est
601 1999 771 2034 Lechribus
792 2002 826 2034 ό·
843 1997 1007 2042 Psalmistis
1018 2009 1089 2031 uxo-

204 2057 252 2080 res
273 2048 375 2081 ducere
396 2073 404 2080 .
433 2048 525 2094 Ergo
546 2050 581 2083 in
602 2050 714 2084 multis
737 2061 806 2084 non
826 2047 1084 2089 concedebatur.

205 2096 252 2131 Et
270 2097 356 2132 istud
376 2108 490 2142 prseter
513 2100 680 2138 rationem
701 2100 793 2134 fuine
806 2123 817 2139 ‚
842 2097 1085 2142 &Apostolico

206 2146 342 2183 Canoni
354 2147 522 2183 adversum
534 2173 545 2190 ‚
568 2148 773 2184 Theodorus
785 2149 959 2187 Balsamon
974 2158 1086 2191 praeter

202 2197 370 2232 rationem
393 2199 532 2238 ,affirmat
554 2226 561 2235 .
591 2200 701 2239 Etiam
728 2198 918 2243 Aphricana
945 2197 1086 2234 Ecclesia

207 2244 323 2282 habuit
342 2248 538 2293 singularem
558 2250 761 2290 sanititatem
773 2275 783 2290 ‚
808 2248 852 2282 de
869 2261 932 2293 qua
952 2248 1086 2283 tertium

210 2295 468 2343 Carthaginense
493 2299 687 2339 Concilium
711 2313 721 2336 .-
750 2299 884 2334 Lebi‘ores
904 2323 915 2339 ,
953 2309 1018 2333 cum
1043 2297 1088 2330 ad

204 2345 376 2385 pubertatis
384 2358 480 2386 annos
490 2355 642 2389 venerint,
667 2357 806 2393 cogantur
815 2357 870 2383 aut
886 2358 993 2387 uxores
1002 2349 1085 2381 duce·

207 2404 262 2433 re,
287 2402 340 2428 aut
350 2400 563 2431 continentiam
578 2398 735 2440 profitert.-
755 2400 799 2433 Et
808 2398 947 2439 iterum:
972 2401 1084 2436 Caetert

203 2442 266 2485 post
278 2445 423 2482 Diaconos
434 2448 545 2484 Clerici
563 2448 611 2483 ,ad
618 2454 827 2487 continentiam
845 2459 904 2484 non
921 2457 1061 2493 cogantur
1071 2472 1083 2491 ‚

206 2491 421 2534 nisimaturipri
432 2503 537 2533 atate.
565 2495 669 2531 Tunc
680 2498 818 2540 amplius
831 2510 898 2533 non
911 2509 979 2538 erat
990 2499 1082 2533 locus

206 2542 258 2576 isti
280 2543 451 2579 elestioni.
476 2545 555 2579 Huc
577 2545 656 2581 item
677 2547 796 2591 spectat
813 2548 927 2594 regula
946 2573 958 2590 ,
984 2559 1084 2594 quam

205 2592 245 2637 ad
258 2594 413 2634 Sanctum
424 2594 618 2636 Vidiricium
636 2593 940 2644 Rhotomagensem
952 2599 1086 2643 Episco-

206 2653 281 2686 pum
292 2644 413 2693 ,scripfit
432 2646 648 2685 Innocentius
659 2647 780 2691 primus
791 2645 812 2682 :¹
826 2648 983 2683 Monachus
996 2675 1007 2692 ‚
1032 2655 1084 2692 qui

205 2692 298 2731 postea
308 2695 354 2730 ad
363 2696 528 2735 clericatus
538 2697 670 2731 ordinem
675 2705 892 2741 pervenerint,
922 2711 980 2732 non
999 2700 1087 2733 debe-

208 2750 240 2772 ’θ
253 2743 517 2790 ἂρνίονίρνοροβῑρ
526 2747 651 2783 deviare
673 2774 679 2781 .
708 2749 776 2784 Uti
800 2748 901 2788 hodio
914 2750 1086 2794 Episcopa-

208 2787 250 2821 Ῑῖδ
263 2812 275 2828 2
302 2791 347 2825 ita
358 2794 438 2831 olim
454 2797 574 2840 quaevis
596 2798 766 2834 Clericalis
777 2799 921 2845 dignitas
944 2800 1084 2835 destrue·

210 2837 263 2872 bat
276 2837 395 2895 st²fum
405 2844 564 2884 Monachi
576 2872 586 2889 ‚
613 2848 754 2894 ideoque
764 2850 900 2894 quidam
926 2850 967 2884 ad
980 2850 1086 2885 mino-

206 2898 256 2944 res
268 2889 400 2928 ordines
410 2894 556 2939 assumpti
567 2898 723 2940 volebant
734 2901 767 2934 se
782 2900 902 2938 liberos
925 2900 943 2935 a
954 2901 1085 2935 castita-

206 2946 249 2972 ω
260 2947 341 2972 V⁰t⁰
357 2963 369 2978 ²
395 2939 429 2997 3}
453 2945 540 2987 posse
559 2946 601 2983 ad
615 2950 746 2994 nuptias
763 2952 912 2987 transire.
942 2951 1021 2986 Hoc
1032 2951 1085 2986 da-

213 2996 308 3022 mnat
320 2988 481 3026 Pontifex
491 3016 503 3033 >
523 2993 608 3036 aiens
615 2999 825 3039 Monachum
835 3001 877 3036 ad
888 3000 1084 3036 Clericalem

207 3036 326 3096 statum
347 3042 510 3098 transferri
530 3054 606 3083 cum
627 3049 685 3084 suo
707 3062 831 3093 onere,
857 3051 999 3095 ideoque
1020 3053 1083 3087 esse

207 3098 396 3132 nuptiarum
406 3101 549 3130 omnino
561 3094 745 3139 incapacem
755 3126 763 3133 ,

258 3137 383 3174 Verum
394 3138 445 3176 his
455 3140 582 3179 obstare
603 3141 729 3181 videtur
744 3151 892 3187 secundae
905 3152 1083 3187 Toletanae

209 3188 338 3229 synodi
350 3190 465 3227 tertius
484 3191 624 3228 Canon:
651 3197 733 3232 Illud
743 3205 890 3240 praeterea
904 3201 1028 3246 speciali
1040 3215 1083 3236 or-

210 3238 362 3272 dinatione
384 3240 586 3284 decrevimus,
612 3246 695 3287 quod
702 3252 753 3279 ne'c
771 3254 897 3291 antiqua
908 3255 1039 3289 eoncilia
1048 3258 1083 3291 in

210 3286 353 3330 antverfis
367 3292 536 3329 canonibus
549 3293 695 3340 ,filuerunt
707 3320 714 3328 .
741 3300 780 3330 Ut
798 3299 894 3334 nullus
905 3303 1081 3338 clertcorum

210 3338 335 3380 &gradu
346 3338 577 3379 subdiaconatus
598 3347 632 3385 φ·
638 3344 735 3389 supra
752 3352 785 3380 in
796 3347 933 3392 consortio
947 3349 1081 3390 familia-

209 3392 309 3421 ritatis
329 3387 439 3425 babeat
458 3394 627 3437 mullerem,
653 3398 873 3442 {ottingenuam
890 3422 902 3439 ,
928 3400 980 3434 vel
999 3401 1080 3435 liber·

1151 389 1226 424 dem
1246 391 1302 424 sub
1313 403 1426 435 prena,
1451 405 1551 437 quam
1563 395 1762 440 rigidiffimis
1776 396 1878 430 verbis
1902 396 2030 439 subdit,

1151 441 1504 485 excommunicationis
1516 457 1552 478 ac
1563 445 1806 491 degradationis
1815 471 1822 478 .
1851 447 1941 489 Ipsos
1950 459 2031 493 ergo

1151 492 1242 536 cogit
1253 492 1293 526 ad
1306 492 1404 535 plenae
1414 493 1568 534 castitatis
1581 495 1806 538 profeffionem
1819 521 1827 529 .
1856 496 1945 538 Nam
1964 499 2032 532 sola

1151 540 1218 576 haec
1229 542 1379 585 profeffio
1391 542 1533 577 Nicaenae
1547 545 1683 591 Synodo
1702 547 1852 590 persuasit
1864 547 2031 592 Agapetas

1150 590 1303 626 damnare
1329 593 1362 626 δε
1384 593 1580 635 proscribere
1603 620 1613 635 ,.
1642 595 1747 638 Addit
1768 597 1893 632 Canon
1914 596 1981 632 haec
1998 598 2032 632 sc

1150 641 1286 676 statuere
1308 653 1350 684 ex
1362 644 1506 686 antiquis
1517 643 1682 685 Conciliis
1696 668 1707 684 ,
1733 646 1882 691 adeoque
1903 657 2034 693 genera-

1149 691 1189 726 lis
1202 693 1426 736 Hispanorum
1440 692 1727 735 Subdiaconorum
1746 695 1789 734 ad
1803 698 1931 740 plenam
1942 698 2035 733 casti-

1149 753 1251 785 tatem
1267 740 1460 786 'constritfitio
1479 743 1525 777 est
1538 743 1680 786 omnino
1698 744 1919 788 antiquiffima
1935 772 1946 789 ,
1973 759 2036 783 nec

1150 792 1274 834 differri
1296 791 1392 827 debet
1403 793 1436 827 in
1458 795 1607 828 estavam
1626 794 1799 838 Synodum
1811 795 2033 833 Toletanarm

1153 842 1210 877 Ad
1235 843 1423 886 praesentem
1459 844 1650 879 Canonem'
1674 844 1874 888 eludendum
1900 846 2036 890 quidam

1151 891 1352 933 Subdiaconi
1361 904 1577 935 memoratam
1587 895 1629 930 de
1640 907 1710 931 non
1726 906 1859 940 accepta
1871 897 2038 939 consecra·

1151 943 1253 978 tionis
1275 942 1505 984 benedictione
1524 946 1758 990 exceptionem
1779 946 2037 993 excogitarunt,-

1152 995 1355 1029 Gtaffantem
1366 994 1534 1037 eliminare
1545 995 1672 1038 dudum
1687 1008 1755 1032 non
1770 1005 1952 1041 potuerunt
1963 997 2040 1040 Epi-

1154 1044 1266 1087 scopi,
1287 1055 1385 1088 atque
1405 1046 1451 1080 ita
1472 1047 1754 1091 ostavaSynodus
1767 1047 1830 1083 fuit
1852 1049 1961 1083 coacta
1971 1058 2039 1082 ma·

1155 1106 1235 1129 num
1255 1106 1438 1139 apponere.
1466 1096 1604 1141 Novam
1623 1098 1733 1144 legem
1745 1109 1815 1133 non
1825 1097 1953 1142 edidit,
1982 1097 2037 1142 sed

1153 1145 1595 1190 antiquiffimaminnovavit
1607 1173 1614 1180 .
1656 1150 1659 1153 ⁴
1724 1174 1727 1176 a

1202 1195 1399 1240 Respondet>
1416 1208 1486 1232 non
1505 1199 1571 1234 esse
1593 1198 1869 1243 antiquiffimam.
1898 1197 2036 1233 Etenim

1153 1244 1260 1279 Sirieii
1270 1257 1307 1280 ac
1317 1246 1508 1283 Innocentii
1517 1248 1616 1293 primi
1629 1249 1836 1284 Pontificum
1857 1249 2038 1284 transmissa

1152 1292 1193 1328 ad
1215 1294 1382 1340 Hispanos
1400 1297 1540 1334 Decreta
1563 1298 1650 1341 solos
1660 1298 1849 1334 Sacerdotes
1870 1298 2040 1342 &Diaco-

1154 1355 1214 1378 nos
1226 1345 1422 1390 alligabant:
1449 1348 1556 1396 Qod
1566 1360 1684 1392 nempe
1705 1350 1927 1390 subdiaconis
1939 1348 2040 1384 dunas

1155 1405 1250 1430 antea
1271 1398 1382 1430 uxoris
1406 1398 1482 1431 usus
1504 1398 1649 1433 omnino
1660 1398 1789 1434 liceret.
1817 1399 1912 1446 Qin
1934 1399 1968 1433 δι
1983 1410 2043 1432 no—

1155 1456 1227 1479 vam
1239 1445 1281 1480 ab
1301 1446 1374 1487 ipsis
1383 1443 1462 1478 duci
1483 1445 1594 1485 lucide
1617 1447 1798 1489 permittit,
1824 1457 1940 1482 verum
1962 1457 2040 1482 cum

1153 1495 1262 1538 aliqua
1286 1493 1479 1538 poenitentia
1503 1519 1514 1535 ‚
1542 1495 1646 1538 prima
1673 1496 1830 1540 Synodus
1845 1497 2019 1532 *Toletana
2034 1523 2041 1528 .

1154 1544 1198 1579 Et
1211 1544 1285 1588 quis
1295 1544 1449 1589 antiquus
1473 1545 1509 1579 in
1520 1545 1683 1589 Hispania
1695 1545 1821 1582 Canon
1843 1547 1949 1591 lapsos
1961 1557 2040 1582 cum

1154 1596 1283 1638 propria
1306 1606 1408 1629 uxore
1433 1594 1663 1638 Subdiaconos
1687 1596 1725 1635 ,δε
1746 1597 1849 1643 gradu
1877 1599 1982 1642 privat
2005 1598 2040 1632 ὅτ.

1152 1645 1392 1681 communione
1404 1646 1420 1678 ?
1446 1646 1596 1682 Laudata
1609 1647 1814 1689 Pontificum
1826 1649 1967 1683 Decreta
1978 1658 2043 1683 nec

1153 1696 1260 1738 lapsos
1272 1695 1319 1736 ita
1330 1694 1488 1741 castigant
1502 1698 1691 1741 Episcopos.
1717 1699 1752 1734 Si
1763 1697 1859 1734 detur
1884 1698 2018 1733 licentia
2031 1723 2044 1740 ,

1152 1745 1260 1779 dicam
1281 1746 1344 1781 esse
1366 1747 1548 1788 mendum,
1575 1749 1608 1782 &
1631 1760 1689 1792 pro
1715 1748 1872 1789 vocibus,
1894 1753 1918 1782 A
1937 1750 2041 1793 gradu

1151 1794 1386 1830 Subdtaconatus
1411 1821 1422 1837 ,
1449 1797 1627 1843 legendum
1656 1803 1681 1840 4
1704 1801 1807 1849 gradu
1835 1803 2019 1833 Dias-onasus
2033 1825 2043 1832 .

1153 1847 1207 1881 sic
1217 1847 1309 1881 enirn
1319 1845 1439 1882 Canon
1462 1860 1539 1889 cum
1561 1849 1781 1884 anterioribus
1806 1849 2045 1894 &posteriori-

1151 1896 1210 1938 bus
1233 1897 1395 1934 variarum
1416 1897 1457 1932 de
1471 1898 1533 1932 hac
1554 1910 1587 1936 re
1599 1899 1685 1943 apud
1696 1900 1866 1944 Hispanos
1889 1899 2043 1944 Synodo-

1151 1959 1224 1981 rum
1236 1948 1374 1983 decretis
1393 1959 1447 1991 per
1457 1949 1573 1983 omnia
1594 1950 1828 1990 concordabit.
1857 1951 1944 1999 Qae
1967 1961 2042 1985 mea

1151 1997 1290 2040 suspicio
1307 1998 1330 2031 si
1348 2009 1522 2043 tamquam
1543 2001 1695 2045 grassatio
1715 2002 1874 2036 refutetur
1893 2005 1905 2042 ’,
1926 2001 2041 2035 dicam

1151 2048 1235 2082 solas
1254 2046 1421 2093 Agapetas
1442 2048 1497 2083 hic
1524 2049 1678 2086 interdici
1698 2051 1938 2093 Subdiaconis‚
1967 2062 2037 2085 non

1124 2107 1126 2109 ’
1150 2108 1285 2133 uxores.
1313 2097 1409 2133 Licet
1429 2099 1519 2134 enim
1538 2101 1687 2146 conjugii
1710 2101 1896 2145 prohibitio
1926 2101 2043 2144 prohi-

1150 2147 1224 2183 beat
1244 2148 1344 2190 etiam
1372 2148 1590 2194 Agapeticam
1622 2152 1901 2192 introductionem
1926 2175 1936 2192 ‚
1966 2162 2038 2184 non

1149 2208 1260 2234 tamen
1280 2199 1352 2237 vice
1374 2201 1463 2234 versa
1477 2225 1484 2236 ,
1510 2201 1645 2240 Etenim
1668 2198 1838 2244 Agapetas
1865 2211 1935 2234 non
1963 2199 2040 2235 solis

1152 2247 1340 2291 Episcopis,
1366 2248 1568 2295 Presbyteris
1589 2261 1626 2283 ac
1648 2250 1834 2292 maeonis,
1862 2249 1915 2284 sed
1940 2252 2037 2284 omni

1148 2298 1280 2341 penitus
1307 2297 1440 2332 Clerico
1477 2297 1615 2333 Nicaena
1649 2300 1805 2343 Synodus
1842 2299 2040 2335 interdixit:

1147 2347 1238 2391 quod
1265 2357 1382 2391 nempe
1425 2347 1563 2394 quidam
1585 2348 1687 2385 ctiam
1713 2350 1889 2386 inferiores
1913 2350 2038 2385 Clerici

1149 2397 1410 2443 Agapetisjungi
1424 2398 1560 2438 mallent
1578 2411 1678 2443 quam
1703 2401 1883 2435 uxoribus.
1912 2401 2038 2445 Magni

1148 2448 1283 2488 Basilii,
1311 2448 1447 2492 Ioannis
1468 2446 1722 2492 Chrysostomi‚
1747 2450 1975 2494 Hieronymi,
2002 2452 2038 2485 δε

1147 2497 1289 2532 aliorum
1322 2499 1515 2537 Sanetorum
1537 2498 1674 2539 Patrum
1708 2501 1811 2541 firmis
1835 2501 2036 2536 testimoniis

1146 2548 1242 2593 poffit
1265 2548 1331 2582 hoc
1349 2547 1582 2584 demonstrari.
1612 2550 1705 2597 Quin
1728 2551 1798 2586 imo
1811 2564 1879 2587 non
1904 2561 2037 2593 tantum

1147 2598 1349 2643 quicumque
1377 2599 1499 2641 Clerici
1525 2600 1711 2646 AgapetaS‚
1738 2602 1793 2638 sed
1816 2603 1917 2644 etiam
1945 2603 2039 2637 sacras

1146 2648 1305 2694 Virgines
1332 2649 1587 2691 introducebant
1601 2652 1771 2696 Agapetos
1783 2652 1948 2687 Clericos:
1974 2663 2038 2687 nec

1145 2700 1251 2740 sacros
1273 2699 1402 2740 solum,
1429 2700 1483 2734 sed
1504 2701 1741 2742 &inferiores.
1770 2703 1875 2738 Hunc
1896 2702 1938 2737 ab
1953 2703 2040 2736 anti-

1146 2750 1218 2794 quis
1240 2750 1400 2785 variarum
1432 2752 1585 2796 gentium
1612 2752 1810 2788 canonibus
1837 2754 2035 2788 damnatum

1145 2801 1281 2835 abusum
1292 2801 1391 2835 credo
1414 2801 1592 2846 grassatum
1615 2803 1650 2837 in
1664 2803 1846 2847 Hispania.
1875 2803 1934 2838 Est
1958 2801 2036 2835 abu-

1145 2851 1198 2884 sus
1220 2847 1415 2886 foediffimus'
1432 2876 1441 2891 ‚
1471 2851 1612 2897 ideoque
1646 2854 1680 2888 δε
1702 2854 1888 2895 Montanus
1910 2851 2032 2886 Archi-

1145 2901 1315 2945 episcopus
1335 2903 1370 2935 iu
1384 2901 1524 2937 secunda
1546 2903 1716 2940 Toletana
1730 2904 1870 2949 Synodo
1892 2913 1947 2944 per
1961 2901 2037 2935 lau·-

1143 2951 1260 2992 „datum
1274 2952 1447 2988 Canonem
1464 2952 1655 2999 rigidissime
1669 2955 1786 2990 iterum
1814 2951 1983 2989 damnavit
1996 2976 2003 2983 .

1898 3455 1983 3490 CA-
