2352 3736
511 94 602 124 DE
672 79 710 124 S.
782 73 1118 126 Leo‘fNIS

1190 75 1423 125 Nom

1493 83 1786 127 Ascrxs.
1919 96 2007 145 363

262 170 364 203 colitur
374 179 468 202 annos
482 193 489 199 .
513 169 630 201 Deinde
641 173 768 208 tempore
779 166 865 206 meffs
879 174 1028 198 maturum
1039 160 1159 228 morta-'l
1210 162 1413 198 Cerulari-um
1426 188 1437 205 ‚
1463 162 1604 208 ideeque
1613 163 1680 207 ejus
1691 165 1788 199 Dicta
1796 167 1959 200 contraxit
1969 170 2003 201 &
2014 180 2081 209 corf·

259 220 340 261 riolis
350 220 500 263 indigenae
514 219 708 256 contundunt,
717 215 889 260 succumque
902 218 1030 249 colatum
1044 219 1076 244 in
1089 224 1157 278 ‘tnt-i

251 267 294 309 fis
298 266 367 310 suis
380 277 572 311 reponentes,
593 279 647 310 quo
670 266 759 310 usque
782 267 950 310 coagulatus
974 260 1157 327 indurescat,

253 318 311 362 sub
321 318 414 362 specie
427 325 509 352 nivis
523 319 573 352 vel
578 317 600 362 s
597 320 652 352 alis
663 318 725 350 albi
737 343 743 350 .
770 319 869 360 ,Quem
881 314 980 358 rasum
989 321 1156 354 campane·

257 369 428 412 miscentes,
453 379 506 403 aut
522 380 586 403 cum
599 380 679 410 aqua
691 375 819 401 terentes
836 390 847 406 ‚
870 373 926 407 pro
933 367 1082 406 pulmento
1091 360 1142 405 su-

257 430 342 453 munt
360 445 367 452 .
394 419 664 462 Etfitprbfavum
676 419 771 451 mellis
791 415 981 460 gustantibus
1005 414 1086 447 dulce
1110 421 1144 443 ac

252 469 370 512 salubre
381 471 502 503 videtur
514 495 520 501 .
533 471 670 512 ‚Quidam
681 470 767 508 ajunt
779 466 828 509 effe
833 477 931 509 genus
940 465 1045 504 mellis,
1063 461 1146 506 quod
1153 468 1156 511 j

257 526 403 561 reperiens
409 524 440 564 J
443 519 570 553 anathas
577 519 660 560 filius
677 518 748 550 saul
758 515 941 558 Regii-super
960 515 1074 556 faciem
1088 519 1156 546 ter-⁹

256 581 299 602 rae
309 596 318 610 ,
347 571 512 603 inobediens
529 568 645 613 gustare
662 565 850 609 praesumpfit
862 591 869 598 .
898 571 957 600 His
981 566 1044 608 erg&
1063 563 1143 596 cala-

257 621 353 652 mellis
368 621 472 652 melliti
477 618 596 662 saporis
608 618 734 659 populus
748 642 758 658 ‚
794 622 827 649 in
851 614 991 657 obsidione
1013 613 1141 646 multum

257 670 404 703 horrenda
407 669 495 710 fame
522 676 654 701 vexatus
671 690 682 707 ,
708 666 746 707 est
770 666 947 708 refhcillatus
960 689 967 696 .
997 664 1049 696 Ex
1071 662 1141 703 qui-

257 720 317 754 bus
329 719 413 752 lucet
426 717 558 752 herbam
571 717 654 751 hanc
665 717 682 750 a
708 718 737 750 S.
750 717 874 760 Joanne
905 712 1047 758 Baptista
1071 724 1137 746 non

257 770 350 804 fuiss'e
360 768 534 802 comestam
548 793 555 800 .
582 768 638 801 Est
650 767 734 800 adeo
745 765 883 799 delicata
895 787 906 803 ‚
917 774 953 797 ut
965 763 1140 798 Canarien-

256 819 304 853 ἧς
316 844 326 858 ,
353 819 409 861 qui
421 818 489 862 ejus
500 818 621 861 siliquis
634 817 807 860 pascuntur
818 839 828 854 ‚
850 824 965 858 porcos
978 811 1141 848 authenti-

257 871 289 903 ci
301 870 395 903 testes
408 868 618 905 scribantesse
630 865 746 899 nostris
772 862 988 908 Brugenfibus
1010 864 1140 907 caponi-

257 919 317 954 bus
328 919 478 952 meliores
490 941 498 948 .
525 917 570 950 Et
582 916 617 950 in
631 914 758 949 deserto
768 915 866 958 Syriae
881 926 948 948 non
961 913 1074 957 sponte
1085 925 1141 947 na·

257 970 376 1010 scitur3
406 966 459 1001 sed
469 977 592 1011 magno
605 965 714 999 labore
726 965 900 998 seminatur
911 965 946 997 in
960 965 1081 1007 campis
1107 965 1141 998 &

257 1019 355 1052 alitur
365 1042 372 1048 .
401 1017 496 1051 lstam
519 1017 598 1061 crgo
619 1016 813 1048 sententiam
835 1012 951 1049 merito
972 1014 1140 1058 proscribit

256 1067 396 1102 Isidorus
408 1067 590 1101 Pelusiota.
621 1065 786 1112 roirca
798 1066 827 1098 S.
841 1066 982 1108 Joannes
1008 1065 1142 1098 mandu-

257 1118 351 1152 cabat
365 1117 563 1160 sylvestrium
577 1127 673 1158 apum
688 1115 751 1149 mel
765 1138 776 1155 ,
788 1115 876 1158 quod
888 1116 923 1149 in
937 1115 1035 1159 Syriae
1043 1115 1140 1149 deser-

257 1170 300 1202 tis
311 1167 476 1202 abundare
487 1167 625 1200 affirmat
639 1166 725 1198 idem
751 1164 888 1208 Jacobus
911 1164 951 1198 de
972 1165 1139 1199 Vitriaco.

256 1230 318 1252 nec
331 1219 455 1252 mireris
466 1216 548 1250 istud
573 1216 638 1249 mel
661 1216 754 1249 fuiffe
775 1216 1025 1251 arnariffimum.
1052 1215 1140 1249 Nam

257 1269 291 1303 &
305 1269 337 1301 in
349 1268 542 1312 quibusdam
554 1265 743 1310 regionibus
753 1265 934 1300 domestica:
944 1277 1018 1309 apes
1042 1267 1141 1300 confi-

257 1319 348 1352 ciunt
361 1325 555 1352 venenatum
569 1341 580 1358 ‚
605 1327 646 1349 ex
669 1316 827 1358 qualitate
838 1316 984 1350 alimenti
997 1342 1004 1348 .

308 1367 414 1402 Porto
439 1366 627 1410 Neophytis
649 1366 798 1409 Bulgaris
814 1366 1005 1411 rogantibus
1019 1390 1031 1407 ,
1065 1369 1143 1410 ,ραι

258 1416 461 1460 animaliaseu
490 1418 626 1450 volatih'a
646 1417 730 1449 liceat
750 1419 929 1450 manducare
942 1442 953 1457 ‚
981 1416 1142 1460 respondit

258 1469 420 1502 Nicolaus
430 1467 551 1510 primus
565 1465 740 1500 Pontifex:
769 1471 861 1499 Omne
885 1468 1023 1506 animal,
1060 1468 1142 1506 cujus

258 1519 339 1552 cibus
350 1519 472 1551 m1'm'me*
483 1522 593 1558 corpori
607 1521 713 1549 noxius
737 1516 789 1559 effi!
808 1516 957 1558 probatur
968 1540 978 1555 ,
1004 1517 1038 1548 Θ
1057 1514 1141 1557 sorie-

259 1578 309 1602 tas
322 1568 372 1602 boc
382 1574 415 1602 in
425 1567 520 1601 cibum
533 1568 669 1598 admittit
683 1565 815 1596 bumana
824 1589 835 1605 ,
862 1566 972 1597 comedi
995 1574 1052 1596 non
1074 1572 1142 1605 pro-

257 1618 375 1651 hibetur
385 1646 394 1652 „
421 1616 544 1649 Probat
567 1615 601 1647 δε
630 1625 671 1647 ex
693 1613 874 1648 Canonicis
894 1614 1064 1657 Scripturis
1075 1638 1086 1654 ,
1111 1615 1143 1647 &

256 1678 297 1701 ex
319 1668 349 1702 S.
374 1666 585 1710 Augustino.
623 1662 803 1698 Praesertim
824 1674 864 1696 ex
884 1664 1016 1696 Genefis
1042 1663 1143 1701 loco,

259 1717 316 1751 ubi
329 1718 498 1750 Dominus
511 1715 588 1748 Noe
598 1712 631 1745 &
643 1713 718 1746 filiis
727 1711 794 1753 ejus
806 1713 918 1745 omnia
937 1712 1017 1746 citra
1030 1722 1144 1754 excep-

86 1479 217 1517 <hp-43·

260 1769 387 1800 tionem
398 1764 552 1799 animalia
575 1763 751 1801 conceffit,
779 1761 911 1805 dempto
925 1762 995 1796 solo
1020 1761 1144 1805 sangui1

259 1827 302 1851 ne
322 1816 355 1850 &
379 1817 555 1850 suffocato.
596 1813 695 1846 Hanc
716 1810 899 1861 libertatem
919 1813 1057 1846 affirmat
1078 1812 1140 1846 toti

259 1867 387 1902 mundo
416 1865 597 1899 restitutam
615 1862 659 1897 ab
684 1861 887 1907 Evangelio.
930 1863 975 1895 Et
999 1861 1077 1896 hinc
1102 1861 1141 1895 ad

258 1918 443 1960 praesentem
456 1912 634 1948 Michaelis
653 1911 814 1946 Gerularii
839 1912 1040 1946 calumniam
1060 1911 1142 1946 reste

257 1966 399 2009 reposuit
412 1965 525 1999 Petrus
549 1960 736 1996 Patriarcha
760 1961 991 1996 Antiochcnus
1006 1976 1016 1995 .-
1051 1963 1145 2005 ,Quod

259 2019 366 2050 Latini
391 2015 555 2048 immundt‘s
575 2012 663 2046 rebus
682 2011 842 2055 vescamur
855 2035 866 2051 ‚
893 2016 1031 2045 invenies
1054 2017 1142 2045 etiam

259 2064 401 2108 ejusmodi
412 2075 459 2097 res
474 2088 485 2104 ‚
504 2062 535 2103 fi
544 2062 701 2105 diligenter
716 2067 850 2104 inquiras
866 2086 877 2101 ,
897 2065 918 2094 ἃ
933 2061 1083 2095 nonnullis
1094 2074 1141 2094 no-

253 2114 452 2157 strorumfieri
467 2138 475 2145 .
511 2111 634 2150 Bithyni
642 2117 720 2146 enim
729 2135 742 2152 ,
751 2113 785 2145 (9⁶
797 2111 924 2145 Thraces
934 2135 945 2151 ,
969 2114 1004 2146 (5·
1019 2113 1092 2151 Lydi
1102 2124 1144 2145 co-

259 2166 382 2198 medunt
399 2170 487 2207 picas
501 2187 512 2203 ‚
538 2163 698 2195 corniculas
711 2185 722 2202 ,
756 2170 885 2196 turtures
900 2187 911 2202 ‚
937 2163 971 2195 (θ’
994 2162 1141 2203 terrestres

259 2215 393 2254 echinos,
429 2224 551 2255 quorum
575 2210 657 2254 usum
677 2209 897 2250 indtfferentem
924 2216 1034 2245 Patres
1059 2212 1141 2246 nobis

258 2267 438 2306 reliquerunt
450 2289 456 2296 .
484 2264 581 2295 Nulla
591 2267 669 2294 em‘m
683 2265 738 2294 Dei
749 2271 884 2295 creatura
894 2261 932 2302 est
941 2262 1141 2304 reprobanda,

253 2314 284 2357 fi
301 2326 367 2348 cum
373 2319 543 2358 gratiarum
553 2310 818 2354 allionesumatur.
846 2311 1036 2355 Respondet
1056 2313 1141 2347 hanc

260 2365 459 2398 calumniam
471 2363 532 2397 effe
544 2362 695 2395 frivolam
706 2386 718 2402 ,
743 2363 777 2396 &
795 2363 906 2406 magni
921 2362 1026 2396 Bafilii
1041 2363 1140 2398 addu-

260 2415 313 2447 ἂο
326 2426 380 2457 per
391 2412 592 2447 Michaelem
604 2411 750 2454 Glycam
763 2412 954 2447 testimonio
964 2413 1017 2448 sua
1039 2415 1138 2462 Distu

262 2465 437 2498 confirmat
452 2489 459 2495 .

334 2689 914 2735 CALUMNIA
989 2692 1075 2737 IV.

266 2827 493 2873 Latinorum
517 2822 703 2870 Monachi
729 2827 895 2874 carnibus
919 2825 1145 2893 vastantur,

312 2894 431 2942 nidore
442 2892 613 2940 videlicet
616 2891 700 2957 fiais
710 2929 722 2952 ,
758 2899 816 2939 (9⁴
832 2894 952 2943 larido
965 2904 1061 2946 omm'
1074 2935 1088 2960 ,

381 2963 475 3030 quod
489 2967 609 3029 utique
622 2962 673 3008 ad
687 2981 837 3009 carnem
843 2969 1002 3031 pertinet
1015 3001 1026 3014 .

266 3102 449 3189 HAnc
463 3103 660 3138 calumniam
671 3102 764 3136 aliter
778 3103 811 3137 in
824 3103 927 3148 quarti
940 3102 1060 3139 decimi
1079 3107 1143 3142 An·

399 3155 512 3197 cyrani
561 3154 708 3187 Canonis
745 3155 981 3189 commentario
1028 3157 1144 3192 format

263 3202 466 3237 Theodorus
489 3203 680 3238 Balsamon.
713 3206 819 3236 Latini
844 3204 980 3237 Monachi
1005 3207 1142 3240 carnibus

266 3255 385 3296 quidem
396 3252 562 3295 abstinent,
587 3266 688 3288 earum
710 3263 808 3286 autem
831 3255 951 3294 adipem
976 3267 1042 3289 cum
1064 3257 1141 3290 oleri-

263 3304 317 3337 bus
331 3301 590 3344 indiscriminatim
600 3305 750 3336 comedunt
762 3329 770 3337 .
810 3303 939 3346 Nempe
953 3304 1073 3340 viderat
1083 3317 1137 3341 aut

265 3355 439 3388 mentitum
452 3376 462 3391 ,
500 3362 555 3385 aut
575 3352 659 3385 certe
680 3352 806 3395 lapsum
826 3354 919 3389 fuisse
940 3352 1135 3391 Michaelem

365 3407 390 3436 C
393 3401 468 3441 brist.
483 3405 560 3444 Lupi
571 3403 786 3444 Oper.Tom.1V.

1208 214 1287 248 rexit
1308 240 1314 247 .
1352 215 1446 262 Qin
1468 215 1554 253 &Ase
1575 215 1688 249 errasse
1710 214 1791 249 vidit
1814 215 1880 259 ipse
1909 216 2057 253 Michael
2071 233 2085 253 .-

1206 265 1298 298 Hinc
1309 265 1399 298 enim
1410 264 1444 298 δε
1455 264 1522 308 ipse
1533 266 1697 299 contraxit
1708 266 1798 299 suam
1820 265 2017 302 calumniam
2041 268 2084 303 ad

1208 314 1307 357 solius
1330 315 1423 348 laridi
1444 314 1478 347 in
1500 315 1679 359 coquendis
1696 314 1838 349 oleribus
1861 318 1976 357 usum,
2001 319 2085 352 affir-

1205 374 1297 398 mans
1312 365 1415 407 ipsum
1438 362 1478 398 ad
1489 376 1620 399 carnem
1640 366 1816 408 pertinere.
1845 366 1959 400 Aliam
1979 366 2083 403 adhuc

1206 414 1237 445 in
1251 414 1389 449 formam
1403 415 1546 457 loquitur
1560 415 1787 450 Schitinaticus
1800 440 1810 456 ‚
1836 415 1869 449 in
1894 416 2084 454 Constanti-

1204 465 1401 507 nopolitano
1411 465 1546 498 Parrum
1567 466 1816 500 praedicatorum
1839 465 2015 501 Conventa
2038 479 2085 503 ro·

1205 524 1310 555 pertus
1324 539 1333 554 ,
1360 515 1504 548 Auitor:
1531 517 1560 547 St·
1570 522 1636 557 quis
1650 519 1779 549 Latmus
1790 516 1950 550 Monachus
1962 522 1995 550 in
2009 521 2084 560 Ερὸ-

1197 562 1318 606 scopum
1335 573 1547 606 promoveatur
1568 589 1578 604 ,
1615 577 1717 599 carnes
1737 568 1898 600 manducat
1917 570 2083 610 intrepide.

1204 617 1247 645 Et
1271 614 1408 646 Monac-hi
1424 623 1528 655 parva
1551 622 1654 648 vexati
1668 617 1864 659 aegrititudine
1877 617 2012 650 carnibus
2035 629 2085 651 ve-

1197 662 1335 705 scuntur.
1365 668 1485 696 Commu
1491 670 1566 697 niter
1578 673 1674 696 autem
1684 677 1781 698 omnes
1790 669 1972 710 pinguedine
1990 673 2085 710 porci·

1203 725 1243 746 na
1254 723 1394 746 utuntur,
1426 714 1478 745 Ex
1491 724 1559 756 quo
1574 714 1660 746 lucet
1675 714 1730 747 has
1743 715 1920 750 calumnias
1943 728 1983 751 eo
2006 728 2086 757 tem?

1203 774 1281 805 pore
1292 786 1303 801 ,
1330 773 1396 806 quo
1410 762 1520 796 Latini
1536 774 1650 796 omnes
1660 762 1938 799 Monachiadhuc
1949 766 2086 802 abstine-

1203 813 1281 846 bant
1302 810 1473 853 carnibus,
1502 814 1562 847 effe
1583 813 1735 856 scriptas,
1760 814 1845 847 circa
1875 823 2002 859 tempus
2023 817 2088 850 Mi-

1202 862 1325 897 chaelis
1340 862 1497 896 Gerularii
1511 887 1517 894 .
1546 863 1636 897 Nam
1647 864 1680 897 &
1694 864 1852 898 Calabros
1863 876 1923 908 prae
1932 865 2087 900 omnibus

1203 914 1334 946 Latinis
1359 912 1514 957 gentibus
1541 914 1679 947 affirmat
1705 914 1768 949 esse
1793 926 1957 950 canonum
1984 916 2017 949 &
2042 914 2090 948 A·

1204 962 1369 1006 postolicae
1395 962 1572 1006 disciplinae
1591 963 1818 998 observantes:
1845 965 1948 1012 Qod
1972 964 2089 1009 nempe

1203 1012 1581 1056 Constantinopolitanae
1595 1014 1744 1048 Ecclefiae
1764 1013 1872 1050 adhuc
1883 1014 2089 1056 adhererent,

1206 1063 1345 1098 necdum
1371 1063 1493 1097 redum
1520 1064 1559 1097 ad
1587 1062 1845 1098 patriarchicum
1879 1065 1930 1109 jus
1967 1067 2091 1100 Rorna-

1205 1126 1251 1148 nae
1276 1112 1468 1148 Cathedrae.
1495 1113 1634 1147 Reduffl
1661 1115 1736 1148 sunt
1762 1127 1816 1158 per
1841 1114 2086 1156 Nottmannos,
2128 1127 2130 1129 ’

1206 1164 1287 1198 circa
1325 1174 1453 1206 tempus
1494 1157 1572 1197 disti
1611 1163 1787 1198 Michaelis
1812 1190 1820 1197 .
1859 1164 1964 1200 Aliud
2001 1165 2089 1200 hisce

1205 1213 1395 1252 calumniis,
1421 1213 1510 1247 aliud
1538 1224 1663 1257 tempus
1689 1214 1916 1258 assignandum
1943 1215 1988 1249 est
2012 1216 2090 1258 ipsa-

1208 1277 1277 1299 rum
1305 1263 1484 1300 Catholicae
1510 1264 1720 1299 refutationi.
1748 1264 1831 1298 Haec
1857 1264 1902 1301 est
1927 1263 2035 1300 multo
2047 1276 2091 1300 re-

1205 1315 1347 1350 centior.

1255 1365 1287 1399 A
1311 1366 1462 1400 carnibus
1483 1366 1517 1401 &
1545 1366 1625 1403 vino
1645 1366 1803 1402 abstinere
1814 1366 1861 1401 est
1870 1366 2023 1402 omnibus
2035 1378 2091 1411 per

1206 1416 1378 1450 Orientem
1406 1416 1586 1451 Monachis
1613 1417 1694 1451 adeo
1715 1417 1911 1460 antiquum,
1936 1426 2033 1460 atque
2043 1418 2092 1450 so-

1206 1466 1335 1506 lemne,
1362 1463 1442 1499 utin
1455 1467 1563 1500 Sansti
1579 1467 1721 1501 Antonii
1735 1491 1749 1507 ‚
1772 1478 1871 1509 quem
1881 1479 1970 1511 aquae
1993 1467 2092 1501 solius

1208 1525 1287 1557 potu
1299 1516 1331 1547 &
1344 1516 1436 1557 panis
1444 1526 1482 1547 ac
1494 1516 1566 1549 salis
1579 1517 1648 1549 solo
1658 1517 1712 1549 esu
1725 1517 1881 1550 viffitaffe
1894 1516 2003 1550 scribit
2015 1540 2026 1555 ‚
2047 1516 2093 1548 vi-

1206 1575 1236 1597 ta
1249 1563 1346 1596 addat
1364 1564 1393 1596 S.
1406 1562 1601 1597 Athanasius
1615 1578 1623 1597 :
1653 1569 1798 1598 Carnium
1810 1568 1843 1600 ὁ·
1855 1571 1924 1599 vin}
1946 1563 2096 1609 meminis-

1201 1612 1233 1656 se
1244 1613 1281 1652 est
1289 1611 1541 1655 supervacaneum
1553 1639 1563 1655 ,
1589 1626 1654 1648 cum
1667 1626 1703 1650 ne
1714 1617 1798 1657 apud
1815 1617 1890 1649 alios·
1912 1617 2031 1658 quidem
2056 1618 2095 1647 A-

1200 1661 1295 1704 scetas
1307 1663 1360 1693 illa
1371 1667 1596 1696 invenirentur.
1627 1664 1671 1697 Et
1681 1664 1723 1697 de
1746 1666 1850 1708 seipso
1871 1665 1937 1707 jam
1961 1666 2096 1709 Episco-

1206 1723 1248 1754 po
1261 1709 1302 1744 ad
1326 1712 1556 1754 Imperatorem
1579 1713 1766 1755 Iulianum,
1795 1714 1885 1748 mille
1903 1715 1973 1749 auri
1995 1714 2094 1749 libras

1205 1772 1263 1804 pro
1277 1760 1401 1795 Perfica
1411 1763 1466 1795 sua
1488 1761 1699 1804 expeditione
1720 1763 1964 1806 postulantem,
1989 1764 2097 1800 rescri—
2155 1801 2160 1807 ,

1206 1811 1265 1854 pfit
1287 1822 1427 1856 magnus
1448 1811 1581 1845 Bafilius
1603 1825 1613 1844 .-
1652 1816 1777 1847 Parcere
1797 1814 1880 1848 nobis
1907 1839 1919 1855 ‚
1954 1818 2094 1857 Optime,
2111 1801 2265 1842 EP¹st·²0⁸'

1200 1862 1320 1903 placeat
1332 1886 1342 1902 ‚
1368 1863 1487 1895 tantam
1498 1868 1554 1895 vs‘x
1564 1863 1773 1904 poffidentibus
1786 1888 1797 1904 ‚
1824 1865 1972 1907 quantam
1986 1888 1996 1904 ‚
2016 1865 2095 1907 filu-

1206 1911 1272 1945 beat
1285 1910 1436 1954 absumere
1448 1936 1458 1952 ‚
1481 1911 1564 1954 satis
1576 1912 1661 1946 hodie
1672 1925 1728 1946 non
1735 1913 1832 1954 fuerit
1843 1940 1850 1946 .
1877 1918 1936 1948 Ars
1948 1921 2028 1948 enim
2052 1927 2096 1949 co-

1204 1963 1317 2003 quendi
1327 1961 1405 1993 domi
1417 1959 1521 2001 mfirae
1532 1961 1660 2004 neglec‘la
1669 1962 1708 2001 el?
1722 1986 1733 2001 ‚
1759 1963 1895 1996 &culter
1913 1962 2094 2008 sanguinem

1205 2023 1261 2044 non
1286 2016 1412 2055 attingit
1425 2036 1432 2042 .
1474 2011 1612 2044 ciborum
1636 2012 1791 2052 lautiffima
1811 2013 1892 2047 nobis
1912 2012 1984 2057 sunt
2005 2016 2094 2048 oleris

1197 2061 1277 2102 folia
1289 2069 1441 2102 cumpane
1462 2062 1571 2095 modico
1591 2063 1625 2095 (π
1646 2067 1717 2095 vino
1733 2062 1913 2106 flaccescente
1927 2087 1938 2104 ‚
1965 2073 1998 2099 ut
2016 2064 2099 2100 nibil

1199 2110 1340 2152 stupeant
1362 2110 1446 2151 nostri
1463 2110 1569 2155 sensus
1588 2112 1622 2144 ob
1645 2118 1761 2145 ventris
1783 2115 1964 2157 ingluviem,
1998 2126 2091 2158 neque

1200 2169 1270 2202 prae
1281 2162 1393 2194 deliciis
1409 2167 1511 2194 munia
1518 2160 1575 2204 sua
1597 2164 1763 2206 negligant.
1791 2163 1895 2211 Qod
1918 2164 2023 2207 ipsum
2044 2176 2093 2200 re-

1206 2211 1284 2253 petit
1305 2211 1338 2244 in
1351 2211 1466 2246 iterato
1479 2211 1519 2245 ad
1542 2212 1688 2246 iteratam
1708 2211 1872 2257 Principis
1887 2214 2091 2250 exafflonem

1205 2260 1374 2304 Responso
1388 2287 1395 2293 .
1434 2261 1537 2308 Qod
1552 2262 1686 2299 Basilius
1698 2274 1777 2297 tunc
1794 2264 1970 2307 Episcopus
1981 2265 2091 2308 fuerit,

1204 2310 1404 2345 demonstrat
1454 2312 1652 2354 postulatum
1699 2324 1812 2348 aurum
1833 2327 1846 2356 ‚·
1887 2315 1972 2361 Qis
1998 2316 2089 2350 enim

1212 2371 1322 2395 mente
1346 2363 1440 2395 sanus
1452 2361 1604 2406 Princeps
1622 2362 1640 2395 a
1662 2374 1798 2407 paupere
1820 2361 1992 2398 Monacho
2011 2364 2089 2399 belli

1214 2411 1345 2445 subfidia
1358 2434 1368 2451 ,
1394 2411 1428 2444 &
1450 2411 1582 2453 quidem
1594 2422 1682 2447 tanta
1694 2438 1705 2453 ,
1732 2413 1899 2457 postularit
1911 2413 1928 2446 ἓ
1953 2414 1992 2448 In
2004 2416 2090 2450 vito·

1212 2473 1280 2496 rum
1294 2461 1465 2495 illustrium
1475 2453 1628 2508 catalogo
1649 2463 1756 2498 scribit
1768 2462 1808 2498 de
1820 2475 1944 2509 magno
1966 2465 2089 2500 Bafilio

1211 2512 1342 2545 Sanstus
1366 2510 1609 2555 Hieronymus:
1636 2516 1762 2548 Moritur
1781 2520 1947 2556 imperante
1967 2518 2087 2548 Gratia-

1211 2572 1246 2593 no
1258 2586 1265 2593 .
1293 2562 1335 2594 Et
1347 2560 1425 2596 hinc
1438 2563 1520 2596 recte
1535 2562 1730 2605 onuphrius
1751 2563 1921 2598 Panuinus
1944 2565 2087 2600 Domini

1210 2623 1299 2645 anno
1311 2612 1379 2654 post
1392 2613 1651 2646 trecentesimum
1665 2613 1861 2658 sexagesimo
1883 2625 1996 2655 nono,
2022 2626 2087 2649 ma-

1209 2660 1237 2693 le
1249 2661 1418 2695 Dominus
1428 2662 1614 2696 Cardinalis
1638 2663 1744 2697 Caesar
1767 2663 1926 2699 Batonius
1947 2665 2086 2698 affirmat

1209 2710 1396 2744 defun-stum
1428 2722 1518 2744 anno
1551 2713 1781 2756 septuagesimo
1812 2715 1928 2747 ottavo
1952 2738 1958 2744 .
2001 2714 2085 2749 Solis

1208 2760 1296 2793 enim
1310 2762 1385 2794 octo
1397 2762 1492 2795 annis
1504 2761 1536 2794 &
1547 2762 1672 2805 aliquot
1685 2761 1843 2797 mensibus
1856 2763 1990 2797 Bafilius
2003 2764 2084 2798 sedit

1210 2810 1410 2854 Episcopus,
1450 2811 1484 2844 δε
1506 2811 1545 2844 ad
1568 2811 1798 2855 sexagesimum
1819 2824 1968 2856 quartum
1992 2813 2083 2849 istius

1208 2861 1310 2894 saeculi
1322 2870 1444 2894 annum
1456 2861 1602 2904 Julianus
1615 2862 1711 2904 periit
1723 2863 1758 2896 in
1771 2862 1896 2897 Perside
1906 2888 1917 2904 ,
1945 2863 2083 2908 ideoque

1207 2909 1314 2944 lucide
1339 2911 1450 2953 nequit
1473 2910 1529 2945 ille
1548 2911 1589 2946 ad
1613 2911 1945 2947 DominiCardinalis
1963 2915 2083 2948 catalo-

1208 2972 1288 3005 gum
1301 2961 1431 2994 vixisse.
1462 2961 1504 2994 Et
1516 2961 1606 3004 quod
1620 2961 1675 2995 sub
1691 2963 1823 3005 Juliano
1834 2964 1931 2997 fuerit
1954 2963 2082 3007 Episco-

1208 3021 1285 3052 pus,
1312 3011 1467 3044 testantur
1486 3010 1660 3055 graviffimi
1674 3012 1849 3055 Scriptores
1863 3037 1870 3045 .
1900 3013 1943 3047 Et
1953 3015 2083 3049 exstant

1209 3060 1360 3102 Epistolae
1372 3084 1383 3100 ,
1410 3059 1526 3103 quibus
1538 3055 1781 3095 diclum‘aurum
1793 3062 1940 3105 Julianus
1950 3063 2060 3109 exegit
2071 3090 2078 3097 .

1206 3109 1339 3143 Basilius
1359 3120 1437 3154 ergo
1459 3110 1557 3143 etiam
1580 3110 1614 3143 in
1639 3111 1834 3155 Episcopatu
1856 3114 1938 3148 vixit
1961 3114 2079 3149 Mona-

1204 3157 1300 3192 chum
1312 3182 1323 3197 ,
1343 3159 1481 3202 ideoque
1492 3160 1663 3204 ignorabat
1677 3172 1788 3196 carnes
1799 3187 1810 3202 ,
1835 3163 1870 3198 &
1883 3175 1951 3198 non
1963 3164 2020 3198 nifi
2032 3164 2077 3198 ob

1204 3208 1395 3252 languidum
1418 3208 1624 3244 stomachum
1636 3209 1769 3246 modico
1795 3212 1828 3245 &
1848 3212 1985 3247 flaccido
1997 3215 2075 3247 vino

1204 3259 1368 3292 utebatur.
1400 3259 1443 3292 Et
1455 3260 1494 3293 ad
1509 3260 1626 3294 Nilum
1638 3260 1846 3296 Monachum
1858 3263 1965 3298 scribit
1976 3263 2072 3296 lfido-

1203 3320 1253 3341 rus
1275 3308 1459 3342 Pelufiota:
1484 3312 1513 3341 52·
1531 3310 1610 3344 cibos
1632 3311 1798 3351 Monasttcae
1832 3318 1908 3347 vitae
1926 3338 1935 3353 ,
1976 3314 2073 3349 juxta
2090 3325 2241 3364 L,1.1;·p.51

1202 3362 1295 3393 Deum
1317 3358 1460 3401 perfec‘lae
1479 3384 1490 3402 ,
1530 3367 1563 3395 in
1577 3364 1702 3405 Joanne
1727 3362 1868 3404 Baptista
1893 3362 2072 3403 didicimus,

1458 3425 1477 3437 a
1620 3409 1648 3444 Z
1674 3421 1691 3443 z
1741 3421 1764 3447 2
1960 3407 2024 3442 ber-
