2352 3736
549 121 613 151 ne
640 107 845 151 -REGIA
880 109 1217 152 ANT‘ISTITU
1239 120 1270 148 M
1306 116 1760 153 ΝοΜῙΝΑτῙοΝἙ.

61 185 145 226 lpist.
159 198 181 219 1.
237 187 398 230 Ngcolnm
418 184 598 227 secundus,
624 187 658 221 ὅ(
669 188 723 231 per
736 188 954 228 Guilielmum
976 189 1115 225 Remen-

236 241 304 277 sem
329 235 582 280 Metropolitam
606 236 691 280 juffit
711 239 880 283 castigari.
909 237 1057 277 Eandem
1069 234 1113 274 ob

235 286 386 326 causam,
411 286 659 331 adjunctamque
680 288 863 327 Simoniani
886 285 1033 330 suspendi
1059 296 1113 327 per

234 328 426 373 Gavafium
439 336 609 371 Guilielmi
622 338 838 378 Succefforem
853 337 945 381 jussit
956 360 967 376 2
992 336 1026 369 &
1042 334 1112 369 RO-

233 397 325 423 mam
334 388 487 422 evocavit
498 387 694 431 Episcopum
707 387 937 427 Beluacensem
953 410 960 417 .
987 385 1110 419 Eduar-

233 436 281 472 do
303 437 492 482 Anglorum
504 438 612 482 Regi,
634 437 751 486 acejus
770 437 1015 479 inperpetuum
1033 436 1115 474 Suc-¹

234 487 409 521 cefforibus
431 488 522 522 dedit
541 488 691 525 omnium
701 496 756 529 per
779 484 865 525 istud
879 484 1035 532 Regnum
1048 485 1108 523 Ec-

233 536 398 571 clesiarum
409 549 447 572 ac
459 536 734 579 Monasteriotum
746 535 993 573 Advocaturam
1013 546 1109 577 atque

233 587 412 622 tuitionem
424 611 436 627 ‚
456 586 582 625 atfilva
595 584 766 622 Canonica
777 586 939 620 electione
949 610 956 617 .
982 585 1015 625 A
1026 585 1109 625 Gui-

234 637 349 672 lielmo
370 647 477 675 tamen
489 633 722 677 Conquaestore
736 658 746 675 ,
772 636 829 679 qui
842 635 913 679 post
939 635 1107 680 expulsum

235 684 421 727 Haroldum
438 683 580 722 successit
593 683 767 725 Eduardo,
785 684 962 726 >nominari
974 685 1108 729 Episco-

234 748 295 781 pos
314 732 502 773 &Abbates
527 733 740 779 permiserunt
759 735 826 778 ejus
838 736 955 780 Legati
978 735 1013 768 in
1027 733 1108 768 Vin-

234 783 370 821 toniensi
390 783 530 830 synodo
550 807 562 824 ‚
589 794 687 827 quam
707 783 807 826 habes
826 783 912 830 apud
935 786 1107 830 Rogerum

234 833 464 877 Hovedensem
477 857 484 864 .
687 836 689 838 '
995 835 1001 838 ”

260 905 263 909 ,
282 882 434 917 Eundem
454 881 593 918 abusum
619 883 874 919 constantiffime
897 885 1108 930 impugnavit

231 931 412 980 Gregorius
431 933 604 976 septimus.
633 933 806 979 Quidquid
827 936 919 970 enim
940 937 974 970 in
987 936 1108 970 Roma-

229 982 282 1016 nis
296 982 358 1018 suis
368 982 511 1025 synodis
528 983 674 1018 adversus
686 984 820 1024 Laicam
844 985 1046 1021 Antistitum
1059 986 1105 1019 in-

229 1032 418 1067 vestituram
430 1032 560 1074 statuit,
588 1033 729 1068 omnino
740 1035 851 1070 statuit
865 1047 924 1079 pro
935 1035 1106 1073 Canonica

227 1082 386 1117 elestione
405 1108 413 1122 ,.
441 1083 487 1123 Et
511 1084 546 1117 in
569 1085 704 1127 septima
724 1086 802 1125 sua,
823 1097 877 1129 per
890 1085 1107 1125 Bettholdum

228 1132 518 1172 Constantiensem
550 1133 679 1167 laudata
708 1159 720 1175 ,
755 1135 894 1177 Synodo
937 1136 1042 1171 edidit
1074 1137 1107 1171 δε

232 1181 323 1217 hunc
335 1183 525 1223 Canonem:
553 1186 679 1227 ,Quoties
692 1184 832 1226 defuno‘lo
845 1185 962 1226 Pastore
984 1188 1108 1227 alicujus

229 1232 385 1274 Ecclefiae,
410 1233 488 1271 aliut
507 1232 547 1273 5st
570 1240 599 1273 oi·
612 1236 760 1274 canonice
785 1234 991 1280 subrogandus
1006 1261 1016 1277 ‚
1042 1237 1109 1270 cle-

229 1294 283 1317 rus
309 1283 502 1330 &populum
532 1292 644 1317 remota
662 1291 742 1319 omni
759 1284 899 1328 saeculari
925 1287 1108 1326 ambitione,

228 1337 334 1366 umore
346 1357 357 1373 ,
379 1343 471 1377 atque
475 1339 581 1376 gratia
591 1359 602 1374 ‚
629 1334 836 1377 Pastorcmfibt‘
844 1335 1000 1379 [beandam
1014 1340 1110 1370 Deum

229 1381 358 1425 eligant.
387 1383 432 1417 Et
454 1382 597 1427 Hugoni
621 1385 734 1418 Diensi
758 1386 944 1429 Episcopo,
971 1388 1030 1420 suo
1054 1398 1109 1429 per

229 1431 376 1465 Galliam
387 1431 524 1471 Vicario
534 1457 545 1473 ,
572 1434 760 1474 mandavit,
771 1445 808 1470 ut
819 1437 919 1470 totius
931 1436 1022 1470 istius
1032 1447 1110 1480 gen-

227 1480 271 1515 tis
282 1481 457 1517 celebraret
467 1482 639 1525 Synodum
651 1509 662 1524 ‚
690 1493 787 1527 atque
809 1485 960 1520 statueret
974 1500 985 1519 :
1010 1488 1109 1520 Nulla

229 1530 362 1571 Potestas
373 1556 384 1572 ‚
410 1533 578 1574 autaliqua
592 1532 722 1576 persona
739 1535 778 1572 ‚de
789 1534 976 1578 Episcopalis
988 1535 1108 1568 honorIs

226 1581 386 1615 donatione
410 1581 461 1621 vel
478 1587 644 1623 acceptione
666 1584 790 1617 ulteriar
811 1583 846 1627 se
855 1590 1048 1620 intromittere
1061 1587 1108 1624 de-

228 1629 317 1663 beat.
345 1628 389 1665 Et
413 1629 478 1665 hoc
499 1631 558 1666 sub
577 1635 685 1675 poenis
706 1633 836 1669 inflictis
859 1647 913 1678 per
933 1636 1107 1677 Synodum

228 1681 393 1715 octavam.
421 1681 535 1719 Plures
553 1682 665 1725 ejusin
689 1680 773 1718 hanc
787 1685 979 1722 violentiam
998 1686 1108 1719 Cano-

229 1740 287 1765 nes
298 1731 357 1765 suo
369 1731 446 1768 loco
458 1731 635 1767 adducam.
664 1733 746 1780 Qae
762 1735 875 1768 omnIa
888 1736 980 1768 fuisse
992 1736 1107 1769 confir-

230 1790 319 1814 mata
330 1792 385 1823 per
395 1780 692 1819 Clarornontanam
716 1783 848 1817 Urbani
860 1785 994 1819 secundi
1005 1786 1108 1826 Syno-

229 1829 311 1864 dum
321 1830 419 1869 docet
430 1831 586 1875 antiquus
594 1833 919 1875 Sansto-Dionysiani
942 1834 1107 1869 Monaste-

229 1879 396 1915 riiCodex
413 1881 585 1924 producitis
607 1881 803 1921 &laudatus
824 1895 879 1927 per
900 1885 1107 1919 Franciscum

227 1928 545 1969 Bello-forestinum:
580 1935 684 1967 Prima
697 1933 844 1973 statutum
865 1934 925 1974 est,
951 1944 985 1967 ut
1007 1936 1104 1969 nullus

227 1976 392 2021 Epfi‘opus
405 1981 458 2016 vel
464 1980 563 2014 Abbas
576 2005 588 2021 ‚
615 1984 668 2015 vel
677 1983 754 2019 alius
764 1985 780 2016 ἒ
794 1985 878 2016 clero
888 1989 991 2026 qulvis
1012 1986 1108 2028 digni-

226 2037 322 2062 tatem
342 2031 435 2066 ullam
447 2031 674 2072 Ecclefiasts‘cam
696 2034 716 2068 d
730 2034 923 2076 Principibus
941 2037 1042 2067 Laicis
1064 2045 1109 2068 ac-

227 2083 355 2120 ciperet.
382 2080 464 2114 Hoc
485 2081 591 2124 ipsum
611 2083 646 2116 in
661 2083 814 2120 Romana
839 2082 984 2126 ejusdem
993 2082 1109 2122 Ponti-

228 2127 300 2162 ficis
319 2129 462 2172 Synodo
483 2131 576 2169 finisse
589 2133 748 2166 sancitum
769 2133 921 2168 adfirmat
943 2133 978 2167 in
991 2134 1110 2174 litteris

229 2175 272 2210 ad
282 2176 473 2219 Paschalem
486 2182 663 2219 secundum
675 2184 811 2218 Sanetus
825 2183 1001 2218 Anselmus
1015 2197 1026 2217 .·
1053 2188 1109 2216 Au·

54 2243 116 2278 nb.
125 2255 150 2284 3-
159 2247 212 2284 ΕΡ,
229 2227 299 2260 divi
308 2231 339 2260 in
345 2232 477 2267 Romano
492 2233 622 2266 Concilio
631 2234 653 2264 ἃ
668 2233 847 2267 venerabilis
856 2238 1001 2266 memoriae
1020 2235 1109 2275 Papa

58 2294 102 2321 73·
228 2277 348 2310 Urbano
367 2287 608 2315 excommunicari
627 2286 722 2326 Reges
737 2285 772 2316 l&
783 2294 883 2316 omnes
910 2287 1015 2316 Laicos
1026 2288 1108 2318 inve·

225 2325 353 2366 stituras
385 2330 420 2362 ὁ·
438 2341 488 2364 res
507 2331 696 2373 Ecclefiarum
715 2334 827 2368 dantes
857 2334 892 2367 &⁶
911 2338 1102 2375 accipientesi

233 2375 310 2410 Ubi
334 2377 393 2412 sub
413 2378 616 2415 investituris
638 2382 780 2426 intelligi
798 2383 897 2417 etiam
911 2383 1109 2420 nominatio·

230 2437 290 2459 nes
315 2427 459 2467 ostendit
471 2427 636 2465 Paschalis
654 2432 696 2466 ad
706 2431 901 2470 Anselmum
926 2433 1107 2477 responsio:

228 2478 367 2510 Alienum
388 2477 426 2518 est
438 2479 478 2511 ab
491 2480 617 2522 Ecclesia
632 2506 642 2522 ,
667 2484 701 2516 (ἓν
711 2481 808 2525 sacris
819 2483 991 2521 Canom'bus
1001 2483 1108 2517 inbibi-

230 2534 295 2559 tum
318 2551 329 2566 ,
354 2539 393 2561 ne
414 2531 568 2572 Principes
599 2534 634 2566 (5
648 2531 808 2574 saeculares
832 2538 894 2566 virt
915 2533 1106 2574 investituras

231 2575 384 2619 mnsblfim
394 2579 493 2620 dare,
512 2578 576 2624 fid
593 2583 769 2616 meledium·
788 2581 1000 2626 Episcoporum
1014 2582 1110 2626 [σαμ-

234 2624 327 2661 deant
336 2629 480 2666 violenter,
487 2629 620 2673 inserere.
634 2631 756 2666 Probat
765 2644 807 2667 ex
816 2633 949 2676 septima
959 2634 1108 2677 Synodo,

235 2676 409 2719 repetitque
418 2678 454 2713 in
467 2679 530 2715 alia
538 2681 580 2715 ad
593 2683 732 2717 eundem
747 2681 941 2718 Anselmum
953 2683 1107 2728 Epistola.

285 2722 329 2779 E}
340 2726 426 2765 quod
438 2727 504 2765 haec
514 2731 656 2766 Decreta
667 2744 844 2777 utcumque
857 2733 1059 2768 obtinuerint
1073 2734 1107 2768 in

233 2771 410 2807 Gallicana
442 2777 580 2815 Ecclesia
601 2806 612 2822 ,
637 2782 727 2817 lucet
749 2795 794 2817 ex
825 2785 921 2818 variis
952 2785 1107 2828 Epistolis

235 2821 470 2877 Sanni-lvonis
484 2828 708 2874 carnutensis,
737 2832 893 2876 Stephani
916 2835 1108 2869 Tornacen·

234 2871 276 2905 fis
295 2872 445 2927 EPffiCOPl
460 2898 472 2914 ³
498 2876 530 2909 &
546 2878 694 2917 ›Goffiedi
714 2881 855 2918 Abbatis
879 2882 1106 2920 vindocinen·

234 2921 294 2960 fis>
319 2923 387 2964 :psa
413 2924 461 2957 uti
477 2926 551 2959 viva
572 2927 796 2969 laudantibus.
826 2934 874 2968 Ea
900 2934 1007 2968 vivere
1028 2934 1106 2972 fecit

233 2971 407 3014 praesertim
420 2973 572 3016 Synodus
583 2977 839 3018 Claromontana
852 3007 859 3016 .
879 2983 1107 3022 ,Obtinuerunt

231 3020 336 3055 etiam
348 3021 382 3055 in
393 3022 590 3059 Germanica
603 3027 743 3063 Ecclesia
754 3056 761 3063 .
786 3034 921 3070 Etenim
930 3035 1108 3078 imperator

236 3070 401 3106 Henricus
411 3074 542 3116 quintus
553 3076 569 3109 a
581 3075 728 3113 Paschali
741 3081 880 3118 secundo
890 3084 988 3124 ,dum
1000 3086 1107 3130 ipsum

235 3119 400 3163 captivum
408 3123 547 3159 adduxit
569 3125 603 3158 in
617 3128 783 3163 civitatem
794 3130 1012 3169 Castellanam
1023 3160 1034 3176 ‚
1061 3136 1106 3169 so—

236 3170 283 3204 las
307 3169 502 3208 Antistitum
522 3175 747 3218 investituras,
777 3190 980 3225 nequaquam
1001 3185 1106 3218 nomi·

236 3220 386 3254 nationes
410 3223 503 3265 petiit
520 3236 562 3260 ac
579 3228 735 3263 extorsit.
762 3230 866 3264 Lucet
882 3242 926 3265 ex
945 3231 1110 3268 Paschalis

53 844 95 880 ‘A
115 852 196 879 1070.

58 1145 93 1176 A.
111 1147 189 1177 1080-

56 1558 116 1591 [jb.
124 1566 152 1597 43
157 1563 210 1600 Ep.

59 1609 105 1630 22.

230 3268 415 3314 diplomate
427 3295 438 3311 ‚
458 3274 550 3316 quod
560 3277 658 3311 nobis
667 3279 803 3312 servavit
815 3279 1013 3319 Guilielmus
1023 3282 1119 3321 Mal-‚

232 3319 477 3356 mesberienfisz
505 3327 701 3361 concedmus
723 3338 757 3362 ut
771 3332 866 3373 ,Regni
888 3336 932 3364 tui
954 3331 1120 3376 Eplsioplsl

1174 191 1302 220 moniam
1313 186 1432 228 clears,
1455 186 1666 231 investituram
1676 194 1774 232 vlrgae
1793 190 1940 224 &annuli
1954 191 2052 231 confe-

1171 248 1244 272 ras.
1273 236 1399 275 Eadem
1419 237 1467 276 est
1477 238 1560 278 ratio
1581 236 1776 282 Anglicanae
1797 238 1943 274 Ecclesiae
1956 265 1964 273 .
1992 239 2052 274 Et-

1171 287 1260 319 enim
1270 295 1339 320 tota
1351 287 1491 325 Henrici
1510 288 1605 337 primi
1617 287 1720 332 Regis
1743 295 1819 323 cu'm
1831 288 2051 324 Pontificibus

1173 335 1317 369 Urbano
1336 337 1369 375 δε
1387 335 1535 372 Paschali
1555 337 1721 379 secundo,
1746 338 1779 378 ἀ
1799 350 1876 376 cum
1905 339 2052 375 Primate

1170 386 1287 419 Sansto
1310 384 1471 425 Anselmo
1484 388 1523 422 lis
1538 387 1600 422 fuit
1611 387 1653 426 de
1666 387 1863 427 Antistitum
1886 389 2053 425 investitu-

1171 434 1232 475 ris,
1254 434 1536 478 atquehominiis,
1562 438 1652 472 nulla
1662 435 1947 479 deelesiionibus.
1976 437 2063 475 San-s

1168 486 1253 518 &um
1265 485 1461 521 Anselmum
1471 487 1591 523 fuissea
1604 487 1705 522 Clero
1725 489 1761 529 §c
1777 488 2051 532 populoelessum
2094 532 2099 538 ι
2157 526 2161 529 ,

1172 534 1278 569 scribit
1291 535 1331 570 ad
1344 535 1519 576 Beccenses
1531 535 1717 575 Monachos
1729 536 1948 583 Gundulphus
1969 539 2053 578 Ros·
2071 531 2129 564 [ψ’
2144 539 2175 569 3·‘

1168 585 1262 623 sensis
1273 585 1471 629 Episcopus,
1497 584 1587 627 quod
1598 584 1640 619 de
1651 586 1790 624 Thoma
1809 589 1910 629 etiarn
1939 590 2053 630 secun·
2070 577 2118 611 Ep.
2135 582 2163 610 3'

1167 632 1212 673 do
1225 634 1477 670 Eboracenfium
1489 635 1704 678 Metropolita
1715 636 1862 679 adfirmat
1885 640 1920 673 in
1933 639 2058 679 litteris»

1168 684 1208 718 ad
1221 684 1388 719 laudatum
1403 683 1593 719 Paschalem
1614 685 1680 727 ipse
1694 685 1873 726 Anselmus
1885 714 1892 721 .
1921 687 2051 734 Regem
2069 692 2120 728 Ep·
2139 696 2202 725 15²--

1168 734 1262 774 suum
1274 735 1321 769 ait
1333 735 1532 778 praetendisse
1552 734 1637 775 istud
1649 735 1775 778 ipsum,
1802 738 1892 778 quod
1915 740 1949 772 in
1972 740 2053 774 Ger-

1167 784 1276 823 mania
1298 785 1470 828 usurpabat
1491 784 1658 819 Henricus
1685 787 1820 828 quintus
1850 787 2026 830 imperator
2039 785 2061 830 ,¹

1169 834 1236 873 sola
1255 830 1428 875 hominia,
1448 847 1486 869 ac
1500 835 1723 875 investituras.
1752 836 1879 876 Omnes
1904 834 2063 872 Ecclefiae'

1168 883 1332 923 libertates
1351 883 1392 918 ab
1416 885 1477 919 illo
1487 885 1628 926 redditas
1648 886 1787 919 affirmat
1799 885 1993 930 Radulphus
2011 888 2054 921 de

1168 934 1311 975 Diceto,
1337 934 1460 969 addens
1482 943 1589 975 tamen
1610 936 1718 970 Sansti
1738 933 1906 971 Edmundi
1940 936 2051 972 Abba-

1169 984 1249 1024 tiam
1269 984 1363 1025 fuisse
1376 983 1417 1024 ab
1438 985 1555 1020 eodem
1576 987 1641 1020 sine
1667 986 1865 1021 Conventus
1890 986 2061 1027 electione,

1169 1034 1326 1073 donatam
1341 1060 1347 1067 .
1375 1035 1466 1076 Etin
1477 1037 1601 1071 famosa
1626 1034 1772 1071 adversus
1789 1037 1943 1071 Sanctum
1954 1037 2052 1072 Tho-

1168 1095 1258 1119 mam
1268 1083 1561 1130 Archiepiscopum
1573 1087 1632 1121 lite
1642 1086 1811 1129 Henricus
1821 1089 1977 1129 secundus
1991 1099 2050 1122 ne-

1169 1145 1329 1178 quaquam
1349 1136 1538 1177 nominare‚
1566 1136 1621 1179 sed
1639 1137 1718 1181 eligi
1739 1137 1910 1179 dumtaxat
1945 1137 2055 1178 voluit

1168 1184 1209 1218 de
1221 1186 1274 1219 sua
1285 1186 1400 1228 praevia
1412 1187 1547 1227 licentia
1562 1212 1574 1229 ‚
1602 1198 1640 1222 ac
1655 1187 1689 1220 in
1701 1187 1807 1232 Regia
1820 1188 1956 1231 Capella
1967 1214 1974 1221 .

1218 1234 1343 1270 Verum
1354 1236 1411 1271 ista
1426 1261 1438 1278 ‚
1464 1236 1543 1279 licet
1556 1237 1716 1279 violenter
1736 1249 1865 1273 extorta
1876 1262 1888 1278 ,
1915 1237 2056 1273 Pascha-

1170 1283 1208 1317 lis
1221 1297 1294 1320 cum
1316 1286 1465 1322 Henrico
1480 1290 1567 1333 pasta
1585 1288 1769 1333 gravissime
1791 1288 2054 1323 scandalizarunt

1170 1333 1363 1377 Ecclefiam,
1390 1337 1474 1372 adeo
1502 1348 1540 1372 ut
1565 1338 1745 1379 PontifeX,
1772 1349 1928 1382 tanquam
1942 1339 2055 1374 Cano·

1170 1396 1249 1419 num
1268 1388 1301 1420 &
1313 1387 1543 1422 Ecclesiasticae
1553 1388 1710 1429 libertatis
1721 1390 1944 1432 praevaricator
1955 1414 1966 1436 ,
1988 1389 2059 1428 fuce

1169 1435 1212 1468 rit
1233 1437 1250 1469 Ξι
1264 1437 1377 1470 multis
1399 1437 1581 1481 postulatus
1603 1439 1644 1472 ad
1664 1435 1955 1481 degradationem,
1987 1439 2055 1477 Ro·

1170 1497 1266 1519 mana
1285 1486 1322 1520 in
1349 1486 1488 1528 Synodo
1503 1488 1683 1522 recantavit
1704 1486 1935 1522 solemnissime
1957 1489 1990 1522 &
2003 1488 2057 1523 da-

1170 1535 1295 1569 mnavit
1306 1537 1396 1578 pasta
1413 1536 1471 1570 ista
1483 1560 1495 1575 ,
1522 1538 1646 1580 suaeque
1657 1536 1859 1571 infirmitatis
1888 1537 1988 1581 lapsui
2003 1550 2058 1582 pe-

1170 1584 1224 1618 tiit
1243 1583 1484 1630 indulgentiam
1508 1599 1547 1621 ac
1568 1586 1771 1630 impetravit.
1803 1587 1915 1621 Etiam
1934 1588 2065 1622 violen-

1168 1634 1220 1675 tiae
1231 1634 1419 1670 Authorem
1431 1635 1617 1672 Henricum
1630 1635 1816 1672 damnavit.
1845 1638 1913 1673 Hic
1925 1639 2059 1672 interim

1171 1684 1344 1723 Antistites
1374 1686 1526 1724 investire
1548 1689 1710 1732 perrexit,
1736 1688 1818 1730 quin
1841 1689 2060 1723 &nominare

1171 1734 1294 1772 rursum
1306 1739 1407 1780 coepit
1419 1761 1430 1776 ,
1458 1737 1669 1782 Romamque
1682 1749 1825 1773 armatus
1836 1739 1932 1773 rediit
1945 1763 1955 1778 ‚
1983 1741 2064 1773 suasx

1170 1784 1206 1816 in
1225 1784 1424 1820 Pontificem
1451 1787 1631 1822 violentias
1649 1789 1886 1832 resumpturus.
1915 1788 1959 1823 Et
1974 1789 2061 1834 quia.»

1170 1833 1362 1873 Paschalem
1378 1837 1497 1882 repetit
1514 1838 1706 1880 defunctum
1720 1863 1732 1879 ,
1756 1839 1967 1879 successorem
1991 1839 2056 1874 Ge*

1172 1883 1286 1922 Iasium
1307 1886 1484 1921 secundum
1504 1888 1601 1930 ejecit
1615 1898 1651 1926 ut
1668 1887 1754 1929 male
1762 1898 1955 1932 promotum
1967 1914 1978 1931 ,
2009 1890 2057 1925 fu-

1169 1935 1261 1978 gavit
1277 1935 1312 1968 in
1325 1935 1453 1970 Gallias
1464 1960 1476 1976 ,
1503 1937 1691 1973 Curdinum
1711 1937 1966 1974 Bracharensem
1981 1939 2058 1982 Epi-

1169 1981 1308 2027 'scopum
1327 1985 1455 2022 intrusit
1467 1986 1670 2034 Apostolicae
1680 1989 1778 2030 sedi,
1803 1989 1838 2023 δι
1850 2001 1939 2025 novo
1952 1989 2058 2024 Schis-

1170 2043 1257 2067 mate
1269 2032 1552 2072 Christianitatem
1563 2038 1715 2073 laceravit
1728 2065 1735 2071 .
1762 2039 1857 2073 Hinc
1876 2039 1996 2079 Gelasii
2013 2040 2056 2073 ad

1163 2083 1342 2123 „modicum
1373 2094 1502 2130 ternpus
1520 2086 1694 2122 Pontificis
1718 2089 1885 2123 Successor
1911 2088 2054 2122 Calistus

1172 2132 1330 2167 secundus
1340 2134 1376 2168 in
1388 2136 1528 2179 Synodo
1552 2138 1706 2172 Remenfi
1719 2138 1908 2173 Canonicas
1923 2139 2058 2174 electio-

1171 2194 1229 2221 nes
1251 2183 1410 2226 restituit,
1435 2185 1607 2221 damnavit
1630 2187 1860 2229 investituras,
1886 2189 2055 2223 &Henri-

1171 2244 1229 2274 co,
1258 2233 1315 2267 nisi
1336 2244 1480 2276 pareret,
1506 2236 1651 2272 minatus
1668 2238 1715 2272 est
1734 2239 2056 2274 excommunicatio-

1171 2294 1247 2318 nem
1268 2308 1275 2314 .
1303 2283 1347 2317 Et
1367 2284 1499 2333 quidem
1515 2287 1704 2322 Canonicas
1729 2288 1903 2323 elerstiones
1925 2290 2056 2324 admisit

1171 2333 1226 2367 ille
1239 2356 1251 2372 ,
1261 2332 1375 2367 verum
1387 2333 1562 2371 Antistites
1576 2337 1618 2372 de
1629 2338 1781 2372 Ecclesia:
1794 2340 1966 2383 praesertim
1982 2341 2056 2383 pos-

1170 2381 1359 2422 sessionibus
1370 2396 1438 2418 non
1454 2387 1544 2428 posse
1564 2387 1583 2420 a
1594 2389 1625 2421 se
1635 2388 1797 2429 investiri,
1829 2390 1864 2424 ὄσ
1879 2390 1911 2423 se
1922 2401 2054 2424 excom-

1170 2433 1398 2468 municatione
1422 2436 1541 2478 pulsari
1561 2438 1641 2472 tulit
1661 2437 1744 2478 ader)
1768 2439 1989 2483 impotenter,
2016 2448 2055 2473 ut

1171 2483 1348 2519 Ludovico
1369 2485 1490 2525 Grosso
1506 2487 1707 2528 Francorum
1727 2489 1837 2534 Regi,
1864 2490 1992 2531 Synodi
2018 2490 2057 2523 δε

1170 2532 1344 2567 Pontificis
1353 2534 1471 2570 fautori
1482 2561 1493 2577 ,
1521 2537 1644 2573 bellurn
1657 2538 1815 2574 indixerit
1827 2564 1837 2581 ,
1860 2541 1985 2574 venerit
1997 2539 2056 2572 ob·

1170 2582 1302 2617 sessurus
1321 2585 1491 2620 civitatem
1514 2587 1713 2623 Remensem
1728 2614 1740 2631 ,
1763 2598 1862 2634 atque
1884 2592 1928 2624 ita
1948 2591 2055 2633 Syno-

1166 2629 1249 2668 dum
1260 2634 1395 2669 turbarit
1404 2661 1413 2668 .
1442 2636 1526 2682 Qae
1536 2639 1650 2673 omnia
1664 2638 1726 2674 late
1740 2639 1850 2675 videre
1861 2640 1956 2684 possis
1967 2639 2054 2684 apud

1169 2684 1346 2728 Sugerium
1364 2685 1530 2722 Abbatem
1544 2689 1654 2723 Sanffi
1672 2690 1830 2733 Dionysii
1842 2715 1853 2730 ,
1881 2691 2054 2733 Rogerum

1172 2734 1404 2769 Hovedensem
1442 2760 1453 2776 ,
1482 2738 1518 2771 ,ἀ
1548 2739 1737 2774 Simeonem
1770 2739 2029 2773 Dunelmensem
2043 2762 2053 2770 .

1171 2782 1318 2818 Michael
1339 2784 1476 2819 Roussel
1502 2787 1537 2821 in
1552 2788 1733 2824 Pontificiae
1740 2788 1972 2832 jurisdictionis
1990 2788 2054 2821 Hi·
2070 2790 2213 2827 βιζος,

1170 2833 1268 2868 storia
1279 2858 1291 2874 ‚
1314 2835 1454 2870 afferens
1464 2833 1532 2872 haec
1543 2838 1633 2883 gesta
1655 2840 1727 2882 post
1740 2839 1881 2880 Henrici
1905 2849 1982 2872 cum
1993 2837 2054 2872 Ca·

1170 2883 1256 2918 lixto
1267 2885 1518 2921 Concordatum
1528 2911 1540 2927 ‚
1565 2898 1712 2933 patenter
1721 2889 1768 2931 est
1779 2890 1885 2932 lapsus
1895 2914 1902 2921 .

1221 2934 1371 2970 Calixtus
1383 2935 1541 2972 Pontifex
1562 2950 1629 2974 erat
1652 2941 1701 2974 vir
1718 2938 1953 2979 nobilissimus,
1982 2949 2053 2975 non

1169 2984 1277 3019 solum
1298 2986 1500 3022 Francorum
1518 2988 1687 3034 Regibus,
1714 2988 1769 3030 sed
1788 2988 1889 3031 &ipsi
1902 2989 2051 3023 Henrico

1171 3034 1360 3077 Imperatori
1382 3047 1543 3080 cognatus
1570 3063 1582 3079 ,
1619 3040 1760 3081 ideoque
1781 3038 1832 3071 illi
1860 3037 1991 3073 tandem
2013 3041 2050 3074 se

1169 3084 1341 3119 inclinavit
1359 3086 1547 3127 Henricus,
1569 3088 1752 3121 Burdinum
1764 3087 1925 3130 deseruit,
1953 3088 2050 3124 Anti-

1170 3134 1280 3167 stitum
1301 3134 1507 3169 investituras
1530 3135 1693 3178 reddidit,
1718 3138 1847 3172 admisit
1871 3138 2048 3173 eleniones

1169 3183 1358 3221 Canonicas
1376 3207 1390 3228 ‚
1416 3184 1577 3228 inivitque
1603 3197 1679 3221 cum
1700 3186 1864 3222 Pontifice
1895 3189 1929 3222 δε
1951 3190 2048 3224 omni

1171 3234 1312 3272 Ecclesia
1325 3233 1390 3268 hoc
1397 3234 1647 3271 Concordatum
1662 3249 1669 3269 ε
1697 3241 1825 3272 Βὶιηῑηο
1836 3250 1951 3272 omnem
1963 3245 2047 3273 inve-

1163 3284 1301 3325 stituram
1319 3291 1377 3324 per
1401 3285 1546 3318 annulum
1562 3288 1597 3320 ό·
1619 3287 1751 3321 baculum
1781 3314 1793 3330 ,
1818 3290 1852 3322 Θ·
1872 3291 1993 3322 concedo
2015 3295 2047 3321 in

1170 3333 1304 3367 omnibus
1316 3333 1525 3377 Ecclelti's,quae
1537 3341 1570 3369 in
1579 3339 1677 3381 Regno
1687 3347 1744 3371 aut
1755 3343 1881 3381 Imperio
1889 3351 1953 3373 meo
1958 3337 2047 3380 sunt,

230 3379 325 3414 atque
345 3370 509 3408 abbatibus
528 3399 542 3418 ‚
562 3375 657 3411 libere
675 3386 791 3422 praeter
810 3382 981 3416 violentiam
1014 3394 1048 3417 ac
1068 3386 1110 3418 si—
1166 3384 1428 3427 fierielec‘honem,
1454 3385 1621 3422 &liberam
1638 3386 1879 3432 ronst-cretionem
1902 3414 1909 3422 .
1936 3389 2046 3429 Repo-

1939 3435 2001 3469 suit
