2352 3736
613 144 1095 190 D-ECRETUM

56 236 130 273 Cap.
160 239 188 266 9-
230 228 307 267 tatis
318 227 673 271 Dominiconsecratusest
694 235 771 263 inter
782 230 937 272 Mrffarum
953 227 1116 271 solemnia,

230 291 302 325 quae
311 290 349 313 ex
371 290 448 311 more
460 279 683 313 celebrabantur
704 285 783 313 circa
810 289 904 312 ortum
929 283 1005 312 diei.
1033 282 1122 311 Vene-

233 337 307 365 rant
315 335 423 371 quippe
442 331 486 362 ad
503 328 552 362 hoc
576 328 672 372 ipsum
695 341 762 363 cum
781 340 812 363 eo
833 331 934 370 plures
961 326 1119 371 Episcopi.

233 379 398 415 Adfirmat
417 378 451 412 in
465 379 603 414 secunda
616 380 706 413 istius
716 378 897 413 festivitatis
909 378 1007 412 Missa
1030 378 1122 412 fuisse

235 430 460 464 consecratum
474 454 481 461 .
507 430 616 463 Etiam
629 431 758 464 Sanctus
770 427 927 462 Paulinus
951 428 985 460 in
1008 427 1123 462 litteris

234 480 278 514 ad
289 479 442 514 Severum
453 479 602 514 adfirmat
611 480 644 513 se
656 478 768 513 eadem
780 476 832 510 die
849 478 942 512 fuisse
952 478 970 510 a
982 477 1123 521 Lampio

239 528 471 572 Barcinonenfi
486 530 649 574 Episcopo
660 529 882 561 consecratum
896 529 930 561 in
953 527 1124 570 Presbyte-

237 591 328 614 rutn.
355 579 450 614 Etde
463 579 558 615 beato
572 578 716 611 Alcuino
727 578 845 611 Flacco
869 577 967 612 habet
988 576 1123 611 authen-

238 629 305 664 tica
325 629 392 673 ejus
415 630 481 662 vita
502 643 516 663 ,·
545 632 603 660 Die
629 626 847 668 Purtficationis
870 628 988 661 512chae
1013 629 1123 659 Mariae

241 683 355 714 Levita
360 678 513 722 sacratur.
542 676 616 711 Nec
627 676 742 710 desunt
753 678 815 711 alia
841 676 997 720 ejusmodi
1018 686 1124 710 exem·

240 730 294 775 pla
317 754 324 761 .
363 726 560 770 Respondeo
593 724 784 762 Romanum
806 727 967 761 Ordinem
990 737 1059 759 non
1082 725 1123 759 de

238 788 379 821 quatuor
400 775 621 819 temporibus,
646 777 699 811 sed
721 778 762 811 de
787 777 856 811 solo
868 777 995 820 jejunio
1006 776 1119 819 loqui.

104 838 114 856 x
238 828 321 871 Ejus
330 827 365 862 in
375 826 489 862 dandis
510 826 691 861 Ordinibus
713 825 952 869 observantiam
975 826 1122 861 adfirmat

238 878 495 921 antiquissimam
518 901 525 909 .
555 877 611 909 Est
633 877 724 909 enim
746 874 937 920 Apostolica
964 876 1123 916 traditio,

238 928 368 963 laudata
383 928 595 970 persanstum
617 925 763 967 Lucam,
789 926 845 960 ubi
867 927 1005 970 exponit
1029 926 1124 962 Ordi-

235 978 409 1012 nationem
422 975 738 1011 Pauli&Barnabae:
757 978 948 1019 sejimantes
960 1001 970 1018 ‚
994 978 1126 1010 &oran-

238 1037 305 1068 tes,
332 1025 569 1070 imponentesque
588 1032 630 1059 eis
653 1037 780 1059 manus.
809 1027 854 1061 Et
875 1026 953 1061 hinc
977 1027 1124 1061 adversus

238 1076 692 1112 NovatianiOrdinationem
706 1100 717 1116 ,
744 1077 832 1120 quod
847 1075 928 1111 hora
954 1077 1019 1111 diei
1041 1077 1127 1110 deci-

62 653 151 695 Epist·
175 656 203 685 6.

61 925 137 962 eap-
159 920 207 961 112*

236 1139 290 1163 ma
315 1127 357 1163 ab
367 1127 462 1160 ebriis
486 1126 519 1159 &
539 1126 712 1169 crapulat's
732 1127 809 1160 esset
830 1128 911 1161 facta
935 1114 1148 1170 Episcopis.‚¹

62 1190 127 1222 ω,
145 1195 173 1221 6,
193 1178 278 1222 ς,πᾶ
292 1177 431 1211 Fabium
449 1174 640 1210 Antiochiae
650 1175 872 1211 Patriarcham
896 1177 1018 1220 scripsit
1041 1176 1125 1219 apud

61 1239 109 1271 35.
236 1227 418 1262 Eusebium
428 1226 660 1260 Caesareensem
673 1226 826 1261 Romana
848 1227 953 1261 Sancti
976 1227 1126 1261 Cornelii

236 1276 415 1312 Pontificis
436 1275 588 1318 synodus
608 1303 615 1309 .
642 1276 736 1310 Hinc
757 1277 917 1311 conclusit
941 1277 1046 1321 ipsum
1065 1275 1126 1311 esse

237 1327 424 1371 suspensum
438 1350 449 1365 ,
475 1325 528 1359 seu
542 1325 747 1370 irregularem
759 1351 766 1358 .

230 1389 240 1397 “
289 1376 442 1411 Adducta
452 1376 788 1419 exemplarespondco
809 1379 872 1412 effe
895 1377 1012 1413 similia
1035 1378 1122 1418 iuis,

235 1439 310 1472 quae
321 1427 355 1460 in
369 1425 514 1460 Proculo
525 1424 712 1461 Maffilienfi
724 1450 735 1466 ,
761 1426 895 1461 Hilario
918 1427 1099 1462 Arelatensi
1115 1451 1126 1467 ,

233 1476 406 1511 -Anatolio
424 1475 798 1518 Constantinopolitano
819 1502 829 1517 ‚
856 1477 1022 1511 Dioscoro
1050 1476 1125 1510 Ale·

236 1526 383 1561 xandtiae
397 1523 582 1560 Patriarcha
594 1550 605 1565 ,
628 1536 665 1559 ac
685 1526 719 1559 in
733 1525 806 1560 aliis
819 1526 989 1569 Episcopis
1001 1549 1012 1566 ,
1037 1537 1127 1559 com»

233 1575 611 1619 'pescueruntzozymus
622 1574 780 1608 Pontifex
799 1586 837 1609 ac
859 1575 1007 1619 Magnus
1029 1575 1100 1608 Leo
1115 1600 1122 1607 .

233 1626 386 1659 Fuerunt
406 1634 463 1657 aut
485 1623 738 1666 praevaricatoria
759 1647 770 1664 ‚
796 1633 852 1658 aut
873 1622 1123 1668 dispensatoria.

233 1675 374 1719 Singula
388 1672 554 1715 Majorum
563 1672 650 1718 gesta
663 1684 732 1708 non
744 1674 899 1708 convenit
922 1675 939 1707 a
962 1673 1058 1707 nobis
1080 1674 1125 1716 ju·

234 1722 357 1758 dicari.
381 1722 479 1757 Certe
493 1723 656 1763 rationes,
686 1723 731 1757 ob
741 1734 818 1766 quas
845 1724 996 1757 Sanctum
1015 1722 1125 1757 Pauli-

237 1785 319 1807 num
333 1773 463 1808 Siricius
477 1772 633 1806 Pontifex
648 1773 712 1806 fuit
741 1771 865 1807 dudum
885 1774 1046 1812 aversatus
1059 1797 1069 1813 ,
1094 1784 1125 1806 e-

233 1820 354 1857 ranti‘n
378 1823 444 1865 ejus
467 1821 687 1857 ordinatione
705 1822 849 1866 quaedam
874 1833 996 1866 patrata
1016 1822 1123 1857 adver-

236 1874 308 1906 sum
331 1874 503 1907 Canones.
533 1873 575 1905 Et
594 1872 726 1912 quidem
751 1872 792 1906 de
819 1872 939 1907 Wallia
961 1874 993 1907 δε
1014 1873 1122 1908 scotia

234 1922 346 1957 scribit
357 1923 396 1957 ad
420 1922 692 1955 Herefordensem
715 1922 912 1966 Episcopum
935 1922 1122 1957 Alexander

235 1973 373 2006 tertius.-
400 1972 478 2004 Sane
493 1970 583 2013 super
606 1983 636 2003 co
649 1996 658 2010 ‚
685 1974 765 2014 quod
784 1978 869 2004 moris
889 1974 940 2016 effe
962 1973 1070 2012 dixisti
1090 1979 1121 2006 in

235 2020 376 2062 Ecclessz
396 2019 574 2063 quibusdam
597 2022 721 2055 Walliae
735 2024 769 2055 (tr
791 2024 893 2055 scotiae
913 2048 923 2063 ,
950 2028 983 2055 in
1005 2025 1122 2056 dedica·

236 2071 366 2105 tionibus
389 2069 578 2111 Eccleffizrum
600 2072 653 2103 vel
663 2073 810 2104 Altarium
822 2074 1036 2114 extrajejum’a
1048 2085 1118 2115 qua·

237 2131 303 2155 tuor
314 2128 471 2161 temporum
484 2121 610 2153 clericos
620 2122 665 2153 ad
666 2120 766 2163 sacros
777 2124 904 2155 Ordines
924 2130 1094 2163 promovere
1109 2147 1119 2164 ,

234 2169 435 2213 significamus
458 2171 536 2211 quod
555 2170 726 2213 consuetudo
745 2173 818 2213 issa,
846 2175 947 2215 utpote
967 2173 1119 2214 institutio-

238 2225 275 2254 m
296 2218 496 2260 Ecclcfiasticae
517 2225 637 2253 inimica
659 2244 670 2260 ,
701 2223 740 2262 est
756 2224 878 2264 penitas
905 2223 1120 2263 improbanda,

241 2272 278 2303 (5
297 2268 353 2310 nisi
368 2271 525 2303 multitudo
543 2272 577 2304 Θ
588 2276 715 2313 antiqua
728 2271 899 2314 conficetudo
918 2281 1008 2306 terrae
1031 2274 1095 2316 esset
1109 2299 1120 2314 ,

241 2320 344 2352 taliter
365 2321 495 2353 ordinati
520 2331 577 2353 non
595 2322 734 2354 deberent
755 2328 892 2364 permisti
919 2329 950 2355 ln
981 2321 1126 2365 sufieptls

241 2369 406 2402 Ordinibus
426 2369 593 2409 ministrare
615 2396 622 2402 .
651 2375 739 2404 Nam
760 2373 846 2413 apud
867 2383 919 2405 nos
945 2374 1047 2406 taliter
1073 2378 1128 2406 Or-

240 2419 343 2452 dinati
363 2421 572 2461 deponerentur
594 2445 604 2460 ,
646 2422 679 2454 (9⁶
714 2423 896 2455 Ordinantes
926 2428 1124 2465 privarentur

241 2468 415 2506 aubloritate
429 2471 606 2502 ordinandi.
635 2471 741 2505 Santffi
755 2472 872 2505 Gelani
887 2472 1006 2506 Canon
1021 2475 1122 2516 usque

239 2523 322 2552 tunc
334 2529 402 2551 non
414 2520 600 2554 fueratistic
624 2518 778 2555 admissus
799 2524 832 2555 in
855 2534 982 2563 mores,
1008 2524 1041 2558 δε
1067 2524 1129 2557 for-

239 2569 298 2601 san
321 2580 382 2602 nec
405 2579 525 2602 notus.
555 2570 598 2604 Et
620 2570 699 2605 hinc
720 2571 832 2606 beatus
858 2573 1021 2607 Alcuinus
1041 2573 1126 2616 apud

240 2616 428 2652 Eboracum
450 2621 590 2653 sacratus
622 2621 727 2655 fuerat
760 2621 932 2657 Diaconus
963 2624 998 2656 in
1031 2624 1127 2658 Festo

243 2667 392 2709 Deiparae
402 2666 581 2717 Purificatae
590 2696 597 2702 .
621 2669 674 2703 Ex
684 2671 802 2705 eodem
815 2672 1033 2708 fundamento
1045 2674 1130 2707 anti-

242 2726 347 2760 quum
358 2715 556 2752 Metensium
568 2720 803 2764 Episcopotum
827 2721 1020 2757 Chronicon
1044 2723 1128 2758 vide-

243 2775 299 2800 tur
310 2764 461 2807 scripsisse
472 2765 512 2799 de
525 2769 640 2803 sancto
649 2770 876 2816 Crodogando
889 2786 895 2804 :
922 2778 976 2806 Hic
986 2772 1128 2816 consecra-

242 2821 298 2848 vit
310 2812 469 2856 Episcopos
479 2827 570 2857 quam
576 2819 720 2858 plurImos
732 2830 789 2862 per
799 2823 938 2867 diversas
951 2829 1104 2857 Civitates
1119 2849 1125 2856 .

245 2864 438 2903 Presbyteros
460 2864 646 2900 nibilominas
683 2881 718 2902 ac
741 2873 886 2904 Diaconos
910 2896 921 2912 ‚
956 2873 1128 2917 caeterosque

247 2913 451 2956 EcclefiastIcos
471 2917 625 2956 Ordines,
646 2915 716 2958 ficut
735 2925 823 2953 moris
845 2921 883 2960 est
908 2926 1049 2955 Romame
1071 2927 1128 2956 Ec-

247 2963 357 3006 olestae,
385 2970 416 2996 in
440 2964 541 2997 diebus
563 2965 775 3001 sabbathorum
796 2980 924 3012 quatuor
948 2973 1127 3013 temporibus

247 3019 324 3046 anni
344 3037 351 3045 .
381 3013 486 3049 Verba
509 3037 518 3053 ,
545 3017 624 3049 Sicut
642 3022 730 3050 moris
749 3017 786 3060 est
805 3023 949 3054 Romanae
973 3024 1003 3052 E
1007 3021 1106 3063 cclefiae
1118 3048 1128 3062 ‚

248 3063 393 3101 innuunt
404 3075 528 3098 morem
539 3065 636 3099 istum
650 3077 729 3100 tunc
741 3067 775 3101 in
789 3068 897 3103 Gallia
921 3083 988 3103 non
1012 3073 1129 3117 viguis-

247 3113 283 3168 se
306 3137 312 3143 .
349 3113 480 3165 Utique
505 3115 550 3149 ob
577 3116 864 3162 Merovingiorurn
886 3118 1017 3165 Regum
1039 3123 1129 3160 incu-

244 3173 352 3202 tiam.

1134 150 1584 186 ,TERTIUM.

1885 177 1889 180 “
1902 157 1997 197 299

1284 262 1534 326 Exponuntur
1559 253 1705 321 aliquot·
1727 255 1960 323 Qaestz‘ones.

1254 377 1351 411 Rima
1364 377 1417 412 hic
1429 378 1568 413 occurrit
1579 376 1703 419 questio
1716 401 1726 416 ‚
1753 374 1810 410 An
1821 375 1861 410 de
1872 375 2064 411 Alexandro

1278 428 1376 462 tertio
1387 427 1550 462 Pontifice
1562 428 1642 460 recte
1655 426 1769 461 scribat
1779 427 1915 471 antiqua
1926 426 2066 461 Histori-

1182 489 1219 510 ca
1232 477 1424 521 compilatio
1439 478 1456 509 ‚2
1483 483 1538 510 Hic
1564 480 1652 518 Papa
1673 477 1820 517 constituit
1839 486 1872 511 ut
1895 477 2002 510 Clerici
2023 487 2068 509 or-

1182 529 1283 560 dinan·
1299 529 1404 569 posfint
1422 533 1455 560 in
1478 526 1626 559 Sabbatha
1645 550 1655 565 ‚
1692 529 1831 561 sitientes
1853 551 1861 559 .
1891 528 1970 561 Hoc
1996 526 2041 574 est
2054 549 2068 566 ‚

1183 575 1347 611 Sabbatho
1370 586 1446 611 ante
1457 575 1615 610 Passionis
1628 576 1859 611 Dominicam.
1886 577 2067 611 Rationem

1183 627 1352 661 dubitandi
1367 628 1444 661 facit
1457 626 1564 660 Sancti
1575 625 1694 659 Gelasii
1719 627 1809 670 supra
1835 627 2003 661 laudatum
2025 625 2067 661 ad

1184 678 1336 711 Lucaniae
1346 689 1383 710 ac
1399 675 1705 718 Siciliae-Episcopus
1718 676 1924 720 Rescriptum
1938 703 1947 717 ‚
1977 675 2067 720 quod

1184 737 1324 769 quatuor
1346 736 1531 768 temporum
1555 723 1728 758 Sabbathis
1750 725 1866 760 diserte
1883 725 1974 760 addit
1994 725 2068 759 Sab-

1185 775 1320 810 bathum
1342 775 1498 809 medianae
1523 774 1804 821 Qadragesimae.
1833 775 1874 807 Et
1888 776 1928 809 ad
1942 776 2069 809 Mauri-

1185 826 1268 860 tium
1287 825 1478 859 Diaconum
1513 824 1731 859 Londinensis
1755 824 1904 858 Ecclefiae
1932 825 2071 857 elestum

1187 876 1383 920 Episcopum
1417 874 1526 909 scribit
1557 876 1690 909 Sanetus
1711 876 1915 910 Lanfrancus
1946 873 2071 908 Primas

1185 925 1446 961 Cantuariensrs:
1476 925 1630 965 cicestrum
1659 950 1669 966 ,
1688 923 1759 965 ficut
1785 929 1989 961 Fraternitati
2013 934 2073 957 tuae
2100 957 2109 962 ,

1187 975 1335 1019 '’nst-”uam
1352 1001 1362 1016 2
1402 981 1502 1009 veni&
1525 999 1536 1015 2
1565 977 1599 1009 (9·
1619 975 1660 1008 ibi
1687 975 1836 1011 sabbatho
1857 985 1930 1009 ante
1951 978 2072 1007 Laetare
2093 957 2139 992 ¹²9⁴
2164 965 2209 991 24-

2085 449 2219 487 him»

1160 1068 1162 1071 Ι
1189 1025 1370 1069 Hierusalem
1383 1049 1393 1065 ‚
1419 1034 1588 1068 cooperante
1606 1027 1720 1067 spiritu
1739 1026 1845 1059 sanllo
1857 1050 1869 1066 ,
1898 1025 2073 1064 Presbytern

1182 1078 1312 1120 gradum
1331 1081 1470 1118 recipies.
1500 1075 1543 1107 Et
1556 1075 1588 1108 in
1601 1076 1723 1109 animm*
1737 1076 1876 1111 Gemma
1899 1074 2073 1110 Honorius

1181 1126 1513 1172 >Augustodunensis>
1530 1125 1640 1159 laudat
1675 1125 1755 1159 item
1776 1136 1916 1169 quatuor
1937 1124 2075 1169 jejunio-

1190 1189 1260 1212 rum
1273 1188 1369 1219 atque
1383 1176 1642 1210 ordinationum
1654 1184 1800 1219 tempora
1810 1200 1820 1216 ‚
1854 1177 1888 1210 &
1900 1176 2049 1219 adjungit
2063 1188 2075 1208 .-

1191 1229 1382 1261 Clerici&in
1405 1223 1638 1270 Quadragefima
1654 1227 1855 1261 ordinantur.
1884 1225 2018 1269 Utique
2039 1225 2075 1258 in
2094 1221 2153 1254 Lib.
2177 1232 2202 1260 3·
2224 1230 2252 1251 c·

1190 1276 1356 1316 Sabbatho
1370 1278 1484 1310 mediae
1497 1276 1757 1323 Qadragesimae
1770 1301 1777 1309 .
1806 1276 1910 1324 Qod
1922 1277 2027 1320 ipsum
2040 1275 2077 1308 in
2098 1271 2160 1299 ¹55·

1190 1327 1447 1361 Claromontana
1479 1326 1617 1369 Synodo
1640 1326 1752 1361 statuit
1787 1326 1947 1360 Urbanus
1967 1327 2078 1360 secun-

1189 1376 1249 1411 dus
1266 1403 1273 1409 .
1302 1377 1500 1420 Respondeo
1525 1377 1687 1410 laudatam
1709 1376 1980 1419 compilationem
2003 1387 2079 1415 vera,

1190 1427 1342 1461 scribere.
1371 1427 1504 1460 Etenim
1527 1426 1713 1460 Alexander
1736 1428 1870 1467 tertius,
1898 1438 1976 1469 quas
1999 1426 2078 1459 San-

1190 1479 1257 1510 <stus
1277 1476 1423 1509 Gelafius
1435 1475 1502 1508 fieri
1515 1475 1665 1508 sanxitin
1679 1474 1845 1509 Sabbatho
1855 1486 1932 1509 ante
1957 1477 2081 1509 Domi-

1189 1527 1297 1559 nicam
1310 1525 1454 1564 Laetare,
1481 1536 1521 1558 ex
1538 1525 1852 1558 caufistranstulitin
1878 1524 2079 1558 Sabbathum

1189 1577 1322 1619 sequens
1334 1584 1409 1608 ante
1420 1574 1636 1608 Dominicam
1659 1573 1834 1608 Passionis.
1859 1573 1974 1608 Tertia
1988 1575 2081 1622 Qa-

1193 1625 1378 1669 dragesimae
1399 1624 1606 1658 hebdomada
1625 1637 1665 1658 ex
1685 1625 1911 1668 antiquissimo
1934 1625 2081 1658 Ecclesiae

1195 1687 1284 1709 more
1295 1684 1474 1717 occupatur
1489 1673 1759 1717 baptizandorum
1774 1674 1958 1708 scrutiniis:
1988 1675 2082 1708 Hinc

1191 1723 1453 1759 ordinandorum
1477 1725 1632 1758 scrutinia
1647 1724 1713 1757 visa
1738 1725 1812 1758 sunt
1834 1725 1867 1758 in
1892 1726 2083 1768 sequentem

1191 1773 1430 1809 hebdomadam
1439 1772 1657 1808 transferenda
1669 1799 1676 1806 .

1239 1824 1387 1859 Secunda
1397 1825 1529 1868 quaestio
1542 1824 1587 1858 est
1600 1849 1609 1863 ‚
1634 1822 1690 1857 An
1707 1826 1841 1859 Sanetus
1852 1826 2000 1859 Gelasius
2016 1837 2083 1868 per-

1189 1875 1312 1909 miserit
1322 1875 1421 1910 etiam
1435 1875 1466 1908 in
1480 1874 1627 1909 Paschali
1645 1874 1775 1919 Vigilia
1789 1876 1969 1909 consecrari
1994 1874 2084 1909 Pres-

1185 1923 1320 1970 byteros
1333 1937 1369 1958 ac
1383 1924 1576 1958 Diaconos?
1607 1924 1709 1958 Ratio
1725 1924 1898 1959 dubitandi
1912 1926 1955 1959 est
1969 1950 1979 1966 ‚
1992 1923 2082 1969 quod

1191 1977 1223 2008 in
1240 1974 1375 2009 laudatis
1389 1974 1427 2008 ad
1453 1975 1608 2007 Lucaniae
1630 1985 1667 2007 ac
1686 1974 1802 2008 Sicilia:
1826 1975 2008 2017 Episcopos
2032 1976 2085 2008 lit-

1189 2025 1263 2058 teris
1300 2025 1423 2059 nullam
1449 2024 1540 2058 istius
1564 2023 1697 2070 Vigiliae
1728 2023 1824 2058 faciat
1856 2025 2082 2059 mentionem.

1183 2075 1389 2117 Respondeo
1405 2084 1513 2108 tamen
1528 2075 1700 2117 permisisse
1713 2100 1720 2106 .
1750 2075 1855 2109 Lucet
1867 2087 1908 2109 ex
1939 2074 2081 2117 superius

1191 2125 1321 2159 laudato
1333 2125 1460 2168 Pelagii
1474 2123 1603 2157 secundi
1627 2125 1668 2158 ad
1690 2124 1891 2158 Tullianum
1915 2125 2082 2159 Grumen-

1190 2176 1297 2208 tinum
1312 2175 1508 2218 Episcopum
1521 2175 1711 2217 Rescripto,
1738 2186 1804 2217 quo
1819 2175 1978 2209 Latinum
2005 2176 2084 2210 Dii-

1190 2236 1312 2259 conum
1328 2249 1338 2264 ,
1351 2224 1625 2258 Marcelliancnsss
1641 2225 1790 2259 Ecclefiae
1803 2225 1951 2259 Eiectum
1967 2251 1976 2265 ,
1993 2226 2083 2260 ades-

1192 2276 1223 2308 se
1242 2274 1300 2309 fibi
1317 2275 1402 2317 juffir
1416 2275 1448 2307 in
1463 2275 1519 2308 ista
1533 2275 1659 2319 vigilia
1673 2298 1683 2313 ,
1708 2286 1776 2319 quo
1788 2283 1868 2310 tunc
1883 2275 1926 2309 -in
1943 2276 2084 2319 Presby-

1191 2335 1294 2359 terum
1306 2326 1561 2359 consecraretur.
1594 2325 1635 2358 Et
1652 2325 1726 2359 sane
1738 2325 1827 2359 nulla
1850 2326 1919 2360 dies
1932 2327 1976 2360 est
2005 2326 2083 2360 huic

1192 2377 1401 2409 sacramento
1417 2375 1535 2418 aptior.
1565 2374 1603 2407 In
1626 2377 1704 2418 ipsa
1721 2377 1811 2410 enim
1834 2377 2003 2410 Dominus
2026 2389 2085 2411 no-

1193 2426 1252 2459 ster
1265 2426 1437 2469 Apostolis
1450 2426 1513 2458 suis
1528 2424 1619 2459 dedit
1646 2427 1925 2469 complementum
1944 2426 2082 2469 Presby-

1191 2486 1329 2510 teratus:
1359 2482 1488 2518 Accipite
1497 2477 1642 2517 spiritum
1657 2475 1826 2516 findam,
1853 2489 1974 2519 quorum
1994 2483 2079 2509 remi-

1187 2525 1288 2569 seritis
1294 2534 1417 2567 peccata
1430 2552 1438 2566 ,
1465 2532 1660 2558 remittuntur
1676 2532 1734 2559 eis.
1762 2528 1863 2560 Hanc
1883 2538 1965 2571 ergo
1989 2526 2078 2561 diem

1192 2575 1337 2610 Gelafius
1361 2601 1372 2616 ,
1398 2577 1476 2609 licet
1513 2587 1582 2609 non
1620 2577 1802 2619 expresserit
1825 2601 1835 2616 ‚
1875 2586 1983 2610 tamen
2008 2578 2076 2620 sup-

1191 2627 1317 2670 posuit.
1347 2626 1389 2659 Et
1403 2628 1503 2669 ipsam
1514 2636 1662 2669 perpetua
1687 2626 1891 2660 consuetudo
1915 2627 2073 2659 firmavit.

1193 2676 1267 2718 Ejus
1280 2677 1559 2719 complementum
1572 2677 1615 2709 cst
1630 2676 1698 2710 dies
1709 2676 1937 2711 Pentecostes.
1969 2676 2074 2709 Unde

1189 2728 1220 2759 ὅς
1241 2727 1273 2759 in
1287 2725 1347 2759 hac
1359 2725 1492 2768 quidam
1503 2725 1583 2757 olim
1599 2726 1749 2769 Episcopi
1767 2726 1975 2766 Presbyteros
1990 2726 2075 2759 ordi—

1190 2776 1311 2810 nabant
1323 2787 1359 2809 ac
1372 2776 1556 2808 Diaconos.
1584 2775 1709 2809 Verum
1723 2776 1796 2810 illos
1812 2776 2007 2819 compescuit
2020 2786 2073 2818 per
2109 2803 2111 2805 .
2132 2809 2135 2815 ,

1189 2827 1310 2860 litteras
1321 2825 1360 2859 ad
1383 2825 1641 2858 Bathoniensem
1665 2826 1863 2869 Episcopum
1887 2825 2073 2860 Alexander

1188 2877 1299 2910 tertius
1325 2888 1331 2907 2
1359 2874 1505 2908 sabbatho
1530 2875 1708 2915 Pentecostes
1731 2888 1788 2909 non
1811 2879 1900 2909 liceat
1921 2877 2010 2909 alicui
2032 2879 2075 2908 E-

1182 2925 1297 2969 piscopo
1315 2924 1417 2968 sacros
1434 2927 1563 2959 Ordines
1587 2926 1737 2959 celebrare
1759 2951 1769 2966 ,
1805 2928 1868 2959 ciam
1887 2931 1919 2958 in
1938 2923 2074 2968 sequens}
2094 2947 2167 2986 Cap·
2201 2960 2213 2980 Ι

1181 2975 1358 3019 septimana
1378 3002 1389 3016 ,
1425 2984 1544 3017 accepta
1565 2978 1694 3017 spiritus
1715 2976 1816 3008 sancit·
1830 2981 1934 3019 gratia
1959 3000 1970 3016 ,
2006 2979 2075 3011 cele·
2218 2971 2224 2978 ³

1189 3028 1328 3059 brentur.
1358 3025 1470 3061 Exstat
1485 3025 1629 3067 Epistola
1645 3026 1701 3059 sub
1712 3026 1810 3060 titulo
1822 3026 1862 3059 de
1872 3026 2073 3070 temporibus

1189 3076 1463 3110 Ordinationum.
1883 3099 1887 3102 ⁴
2049 3102 2051 3105 .

1239 3125 1356 3158 Tertia
1370 3124 1500 3167 quaestio
1513 3123 1558 3156 est
1569 3149 1580 3164 ,
1607 3124 1662 3158 An
1679 3124 1807 3161 laudata
1819 3127 1933 3171 magni
1946 3128 2072 3162 Leonis

1190 3175 1229 3209 ad
1256 3175 1454 3208 Dioscorum
1477 3173 1741 3210 Alexandrinum
1765 3201 1776 3217 ,
1811 3188 1848 3210 ac
1872 3178 2070 3211 Anatolium

1194 3223 1601 3267 Constantinopolitanum
1615 3225 1781 3269 Rescripta
1808 3227 1911 3261 Graeci
1925 3227 2007 3261 olim
2019 3228 2070 3261 ad-

1131 3299 1134 3302 ·
1194 3274 1337 3308 miserint
1355 3282 1451 3316 atque
1474 3273 1744 3310 observaverint?
1779 3277 1979 3320 Respondeo
2016 3288 2070 3310 ne-

345 3463 455 3506 Cbrrst.
470 3470 548 3509 Lupi
556 3445 643 3510 Ober.
656 3470 785 3502 Tamus.

1193 3323 1318 3370 gative.
1345 3324 1449 3357 Graeci
1471 3323 1559 3358 enim
1579 3333 1686 3368 praetet
1705 3325 1836 3360 unicam
1858 3327 1987 3361 Paschae
2009 3325 2067 3358 Vi-

1193 3374 1306 3419 giliam
1329 3373 1416 3408 nulla
1435 3373 1593 3409 Sabbatha
1614 3375 1780 3418 jejunant,
1805 3378 1839 3411 &
1865 3376 1997 3420 proisto
2009 3375 2066 3407 suo

1194 3435 1282 3459 more
1306 3425 1429 3470 semper
1453 3425 1607 3459 acerrime
1631 3426 1852 3465 decertarunt.
1881 3425 1972 3506 Ηῐεέσ
2000 3423 2068 3458 lau-

1495 3475 1522 3509 P
1548 3487 1570 3519 p
1622 3487 1643 3512 z
1966 3480 2016 3506 ata
