2352 3736
366 137 420 166 DE
457 121 723 165 LATINORUM
757 118 1063 163 EPISCOPORUM
1097 132 1145 159 ET
1182 117 1476 161 CLERICORUM
1512 131 1836 164 CONTINENTIA.

231 209 325 241 ficem
336 231 346 247 ‚
374 207 431 249 qui
442 204 662 249 orphanarum
682 204 820 237 filiarum
833 214 900 237 tem
913 201 998 245 apud
1010 201 1104 233 Prin·

229 256 335 299 eipem
345 266 452 301 ageret
464 282 475 298 ‚
505 255 691 289 Venantius
704 254 856 296 confugit
867 277 874 284 .
901 252 1004 286 Porro
1016 250 1102 283 Pon-

229 305 311 340 tifex
321 318 363 340 ex
372 304 522 349 Iohanne
535 306 697 347 Episcopo
708 303 869 336 intellexit
887 300 955 334 haec
966 300 1080 333 omnia
1090 322 1100 337 ,

229 367 267 389 ac
289 357 464 399 rescripsit<
490 360 552 388 Uno
574 363 700 396 tempore
726 354 839 385 auditis
863 352 897 383 Θ·
921 353 1102 383 Venantium

229 404 385 448 desperati?
393 417 429 439 ac
434 411 571 450 graviter
586 413 727 447 ‘egrotare
738 423 749 439 ‚
773 402 807 434 (ν
816 406 849 432 in
858 399 946 432 rebus
958 399 1102 441 orphano-

228 468 296 489 rum
311 456 441 489 bomines
469 460 582 497 iniquos
602 452 740 494 irfistere,
768 453 824 482 vix
828 448 862 491 fi
872 449 951 482 dolor
962 447 999 481 in
1018 450 1102 482 corde

228 517 291 539 meo
300 514 404 548 capere
411 513 528 547 poterat
538 528 547 535 .
573 500 671 541 Vestra
682 503 701 533 5
703 499 835 532 anilitas
845 505 978 540 primam
989 523 999 538 ‚
1011 510 1103 541 quam

228 556 309 589 decet
317 581 328 596 ‚
353 567 455 589 curam
466 555 605 597 negligere
617 562 675 583 non
686 549 773 583 debet
785 574 796 589 ,
821 558 856 583 ut
866 551 902 582 de
924 555 1027 582 anima
1038 552 1102 590 ejus

228 611 353 649 cogitare
374 605 480 638 debeat
503 624 515 639 ‚
540 600 726 634 exhortando
746 624 756 640 ‚
783 601 911 642 rogando
930 622 940 637 ‚
967 598 1100 632 terribile

230 656 450 699 Dei-Iudicium
464 651 671 692 proponendo,
697 649 876 689 ineffabilem
898 652 964 690 ejus
990 647 1098 691 miseri-

229 706 358 738 cordiam
374 702 576 743 promittendo
589 724 599 739 ‚
632 709 665 732 ut
685 701 728 732 ad
749 699 883 734 habitum
901 697 989 741 suum
1010 700 1104 731 redire

230 755 283 790 vel
288 756 471 789 inextremIs
482 750 588 784 debeat
598 774 608 789 ‚
636 761 672 783 ne
689 756 715 782 ei
727 758 823 782 tantae
836 751 933 790 culpae
958 759 1060 782 reatus
1071 754 1103 780 in

230 812 340 842 amno
355 802 480 843 Judicio
502 799 631 841 obsistat.
659 800 741 833 Haec
763 798 858 833 verba
880 798 1103 832 demonstrant

230 852 432 885 Venantium
453 862 520 884 non
543 849 635 883 fuisse
658 848 771 883 saeculo
792 849 978 888 redditum,
1004 860 1065 882 nec
1087 847 1105 879 ὲ

227 902 312 934 votis
322 900 494 936 liberatum
505 925 512 933 .
541 900 621 943 Ejus
631 900 730 933 Filias
742 899 861 941 Joanni
875 899 1038 941 Episcopo
1052 909 1106 931 cu-

225 950 409 985 stodiendas
428 950 584 984 Pontifex
595 949 728 983 tradidit
741 973 750 988 ,
777 950 809 982 &
822 959 955 984 omnem
977 949 1105 983 causam

226 1001 388 1035 Mauritio
417 999 570 1044 Augusto
594 1010 647 1042 per
658 997 877 1033 Anatholium
889 999 1078 1035 Diaconum
1096 1023 1105 1039 ‚

229 1051 324 1084 suum
350 1051 385 1084 in
400 1050 507 1095 Regia
527 1049 624 1084 Urbe
647 1049 915 1093 Apocrisarium‚
939 1059 1106 1086 commen-

228 1099 298 1135 dari
317 1100 394 1135 fecit
407 1124 418 1139 ‚
443 1098 557 1134 dolens
579 1099 670 1141 quod
693 1100 729 1132 in
742 1099 957 1133 Testamento
969 1100 1026 1132 suo
1042 1098 1106 1132 Ve-

227 1150 361 1185 nantius
383 1150 543 1193 Principis
568 1159 666 1192 opem
691 1149 933 1191 implorandam
947 1149 1104 1193 rogasset.

227 1200 396 1233 Maluiffet
418 1201 519 1233 solam
534 1198 730 1242 Apostolicae
754 1198 844 1233 Sedis
866 1201 1103 1241 protestionem

229 1250 324 1284 fuisse
345 1251 531 1283 invocatam
547 1274 554 1281 .
580 1248 684 1281 Tunc
703 1247 791 1281 enirn
805 1249 832 1281 F
834 1248 945 1282 iscales
959 1247 1105 1281 Ministri

229 1310 347 1337 manus
367 1310 494 1343 rapaces
507 1300 541 1333 in
563 1298 630 1341 ejus
641 1297 729 1331 bona
750 1298 925 1333 extendere
946 1308 1015 1331 non
1035 1309 1106 1340 prae-

182 1372 184 1375 v
228 1349 427 1392 sumpsissent
446 1374 452 1380 .
480 1349 592 1382 Tanta
607 1359 686 1381 tunc
707 1356 773 1380 erat
799 1345 994 1382 Authoritas
1016 1346 1108 1390 Apo-

229 1399 353 1433 stolicae
363 1399 573 1442 protestionis
583 1421 595 1437 ‚
619 1397 796 1439 imploratae
812 1397 911 1437 etiam
938 1396 1105 1430 adversum

229 1448 375 1492 publicas
386 1448 428 1482 de
438 1447 532 1482 rebus
545 1444 775 1488 temporalibus
796 1445 884 1490 leges
895 1470 902 1477 .
932 1446 982 1478 Ex
997 1445 1047 1479 his
1059 1447 1106 1478 in-

230 1499 327 1532 terim
345 1498 433 1531 lucet
454 1496 645 1540 sacrilegum
659 1494 817 1529 Venantii
847 1495 1041 1540 conjugium
1053 1507 1106 1529 ne-

229 1546 322 1589 quea
337 1546 501 1580 Pontifice
524 1545 655 1590 nequea
671 1544 824 1587 Principe
846 1544 937 1578 fuine
958 1544 1105 1579 habitum

229 1607 289 1639 pro
309 1595 419 1630 valido
441 1620 452 1636 ,
478 1595 530 1629 sed
554 1607 613 1639 pro
639 1593 723 1628 clare
746 1595 871 1630 nefario
894 1619 904 1635 ‚
930 1604 1026 1639 atque
1052 1607 1106 1639 per

230 1646 385 1682 Canones
412 1646 444 1679 δι
464 1646 568 1690 Leges
582 1646 753 1680 damnato.

281 1695 426 1743 Qaestio
446 1696 513 1736 est,
540 1696 721 1742 Quomodo
745 1697 845 1740 igitur
867 1697 1046 1743 Gregorius
1061 1697 1105 1740 ip-

226 1746 301 1780 sum
319 1744 542 1784 diffimularit,
567 1747 737 1789 quomodo
759 1746 961 1782 Venantium
984 1750 1017 1781 in
1031 1748 1105 1781 Mo-

226 1795 362 1830 nasserii
371 1806 532 1830 carcerem
543 1807 611 1830 non
633 1797 841 1840 conjecerit,
857 1799 1025 1841 quomodo
1048 1797 1105 1840 jus-

226 1845 308 1879 ferit
326 1846 391 1888 ejus
410 1845 593 1881 oblationes
616 1847 752 1890 suscipi,
774 1849 807 1881 ἃς
834 1849 867 1881 in
902 1848 990 1882 illius
1002 1847 1106 1881 domo

227 1905 285 1937 per
296 1895 401 1938 ipsum
411 1897 509 1930 etiam
523 1896 720 1940 Episcopum
735 1897 860 1932 Divina
882 1899 1044 1933 Sacrificia
1057 1909 1105 1932 ce-

227 1943 344 1979 lebrari
356 1945 374 1976 .2
385 1945 597 1989 ..Respondeo
614 1948 675 1981 effe
697 1947 906 1989 quaestionem
919 1949 1086 1982 difficilem
1099 1971 1107 1979 .

227 1992 389 2028 Eamdem
408 1997 525 2031 Sancto
552 1996 718 2030 Bernardo
754 2001 990 2040 proposuerunt
1018 2001 1106 2040 supra

228 2044 399 2078 memorati
411 2043 573 2079 Monachi
585 2047 801 2080 Carnutenses
812 2072 823 2086 ‚
842 2048 876 2080 ὅτ.
888 2048 943 2081 ille
955 2049 989 2081 in
1004 2049 1106 2082 Libro

227 2093 271 2128 de
292 2105 451 2138 praecepro
476 2095 509 2128 ὃς
537 2093 775 2139 dispensatione
795 2107 864 2129 non
887 2098 976 2131 scivit
997 2098 1107 2136 aliud,

228 2154 326 2186 quam
347 2145 501 2178 sanetum
530 2144 726 2190 Gregorium
754 2146 883 2181 credere
917 2148 951 2181 ὃς
979 2147 1106 2181 laudare

229 2193 324 2227 fuiffe
337 2193 465 2229 fidelem
491 2196 554 2228 Dei
567 2194 837 2238 dispensatorem,
863 2197 919 2240 qui
944 2199 1045 2241 egerit
1067 2209 1106 2230 ex

230 2241 386 2286 legitimis
405 2246 523 2283 causis,
548 2245 600 2279 sed
621 2248 638 2279 a
663 2248 725 2279 sese
750 2248 928 2290 ignoratis.
958 2248 1000 2279 Et
1022 2247 1106 2281 certe

231 2290 379 2325 laudatus
390 2295 570 2337 Gregorius
581 2297 736 2338 quosdam
750 2297 783 2329 in
799 2296 925 2338 publica
937 2297 1107 2330 Matrimo-

231 2340 288 2371 nia
301 2340 404 2382 lapsos
416 2344 605 2376 Surrentinae
617 2345 761 2378 Ecclefiae
773 2344 959 2379 Monachos
972 2357 1026 2389 per
1039 2347 1106 2379 An-

230 2386 392 2422 themium
407 2391 651 2426 Subdiaconum
666 2418 675 2431 ‚
690 2394 872 2436 Apostolici
882 2396 915 2428 in
929 2395 1107 2439 Campania

126 2475 137 2480 ,
228 2436 431 2476 Patrimonii
442 2441 638 2480 Rectorem,
662 2443 746 2484 justit
757 2443 969 2488 apprehendi,
996 2447 1030 2482 δε
1043 2445 1107 2480 red-

55 2474 207 2510 L‘3'bp‘²·4
225 2485 264 2523 di
295 2489 358 2521 suis
367 2488 575 2523 Monasteriis
595 2492 635 2525 ad
646 2493 807 2535 agendam
827 2496 861 2526 in
873 2506 996 2530 carcere
1006 2497 1106 2539 poeni·-

227 2538 367 2571 tentiam
393 2563 398 2569 .
428 2537 544 2582 Lapsas
568 2540 601 2573 in
624 2542 778 2586 conjugia
796 2542 963 2578 Moniales
984 2546 1106 2581 trasturi

227 2586 347 2620 eodem
370 2588 473 2622 modo
494 2588 579 2630 juffit
603 2602 658 2633 per
679 2591 866 2634 Ianuarium
883 2594 1107 2630 Calaritanum

229 2636 426 2679 Episcopum
441 2638 611 2676 ,Sardiniae
621 2640 888 2685 Metropolitam.
916 2644 1107 2680 Romanum

232 2683 396 2720 Ravennae
426 2688 611 2723 Exarchum
637 2692 684 2724 eis
711 2694 886 2734 patrocinia
916 2694 1106 2736 praebentem

233 2736 409 2775 gravissime
432 2749 565 2779 monet,
591 2751 702 2783 graves
721 2742 798 2775 inde
808 2742 986 2777 discordias
1005 2747 1106 2779 mina-

233 2791 303 2820 tur,
328 2781 536 2831 &adjungitz
567 2789 741 2832 Huiusmodi
770 2798 960 2834 iniquitatem
980 2801 1104 2836 impuni—

232 2838 295 2885 tam
305 2839 425 2872 propter
436 2839 532 2870 Deum
559 2841 636 2872 nullo
657 2842 738 2874 modo
753 2848 891 2883 patImur
907 2852 1102 2885 permanere.

232 2881 342 2935 Efffln
355 2881 574 2937 marinianum
589 2889 755 2925 Ravenna:
766 2890 1060 2938 Arcliiepiscopum
1070 2896 1102 2928 in

231 2929 391 2986 einsm0d¹
402 2936 563 2989 COflquiis
577 2940 757 2982 separandis
779 2942 814 2976 ὅς
826 2943 1028 2977 vindicandis
1046 2956 1107 2978 tar-

231 2977 379 3018 d¹0²⁶em²
407 2991 544 3024 gravltel'
554 2990 655 3029 arguit
667 2991 827 3033 spondens
838 2994 957 3026 auxilia
981 3005 1035 3036 per
1052 2994 1105 3027 Vi·

232 3029 332 3064 talem
347 3029 505 3064 Romana:
516 3034 658 3069 Ecclefiae
669 3040 894 3076 Defensorem.
927 3043 1048 3087 Arguir
1070 3045 1103 3079 ὅ(

234 3079 381 3114 Leonem
393 3080 606 3116 catanensem]
619 3084 810 3132 Episcopum
821 3091 866 3125 ob
880 3093 1025 3127 [imiliter
1037 3094 1105 3136 lap-

233 3129 283 3161 sos
306 3129 413 3164 Sancti
426 3128 502 3165 Viti
526 3130 567 3166 ad
578 3132 713 3168 AEthnae
737 3149 879 3175 montem
892 3142 1080 3176 Monachos
1092 3167 1102 3183 ³

234 3179 415 3212 lamentans
438 3181 514 3214 talia
537 3184 745 3218 matrimonia
771 3189 854 3229 apud
867 3191 994 3226 Siculos
1015 3194 1100 3235 quasi

233 3227 324 3261 licita
335 3228 479 3270 grassari.
504 3230 622 3265 Forsan
636 3233 792 3268 Venantii
814 3239 981 3278 pessimum
996 3253 1103 3277 exem.

234 3277 322 3320 plum
334 3277 465 3312 dederat
489 3283 596 3319 ansam
619 3283 772 3317 licentiae.
801 3285 897 3320 Duos
908 3289 983 3322 item
995 3293 1100 3327 Sanai

234 3326 373 3369 Georgii
397 3328 582 3364 Monachos
619 3333 792 3375 Apostatas
811 3357 821 3372 ‚
846 3348 987 3379 quorum
1021 3340 1100 3374 alter

63 3397 142 3427 ιη,
168 3398 218 3434 Ep.
233 3377 331 3414 etiam
344 3388 479 3415 uxorem
492 3378 624 3417 duxerat
642 3405 650 3420 ,
678 3393 729 3425 per
738 3381 940 3428 Stephanum
963 3387 1099 3428 Cartha-

65 3448 113 3467 ω,
336 3425 442 3466 christ.
459 3431 537 3471 Lupi
551 3434 637 3471 Opcr.
651 3433 782 3467 TomJV.
1024 3436 1028 3438 ’

54 2025 208 2063 ῑζιιὲξηο

62 2892 125 2925 Li?-
134 2894 213 2929 EP-9‘

64 3120 147 3157 Epist.
174 3130 217 3149 20·

63 3161 96 3191 δί
108 3170 150 3189 zi.

1152 1961 1159 2022 Ι

1918 135 1971 176 35

1168 202 1283 235 larium
1304 198 1501 244 apprehendi
1520 200 1605 243 juffit
1631 201 1833 237 ae‘reclud'r.
1860 201 1911 236 Ita
1938 203 2045 245 palam

1167 251 1253 285 lucet
1265 251 1417 295 sacrilega
1427 251 1486 284 ista
1498 251 1653 293 comae-⁷³2
1667 264 1682 285 a
1709 253 1750 286 ud
1764 253 1960 296 Gregorium
1969 254 2048 285 fuis-

1167 302 1198 334 se
1210 300 1350 334 omnin&
1378 302 1467 335 irrita
1493 301 1645 335 &nulla.

1216 349 1264 383 At
1274 362 1332 383 cur
1345 351 1547 384 Venantium
1560 351 1710 384 toleravit
1724 351 1739 382 ?
1766 352 1907 387 Causam
1919 353 2047 387 edicere

1167 399 1293 433 videtur
1316 401 1350 433 in
1365 401 1487 443 scriptis
1511 401 1550 433 ad
1575 402 1679 444 ipsum
1694 402 1828 435 litteris:
1859 406 1904 435 Sic
1930 404 2048 445 culpam

1164 458 1246 485 tuam
1258 448 1410 492 insequor,
1436 460 1468 483 ut
1486 449 1644 492 personam
1665 452 1787 493 diligam
1804 463 1812 493 3
1830 450 1869 492 fic
1888 452 2047 494 perfimam

1167 501 1277 542 diligo,
1303 510 1337 533 ut
1346 501 1441 541 culpae
1456 505 1565 533 vitium
1577 513 1634 532 non
1652 502 1831 542 ample-Har.
1859 504 1891 534 Si
1920 507 2010 545 igitur
2028 505 2048 534 ιὶ

1164 560 1210 581 me
1220 556 1318 582 amari
1338 558 1366 581 te
1375 551 1470 582 credis
1483 573 1492 586 ‚
1521 550 1714 588 Apostolorum
1734 552 1883 584 liminibus
1911 551 2050 594 praesen-

1165 608 1251 637 tare,
1278 609 1379 640 meque
1402 598 1558 640 confiliario
1578 608 1679 631 utere.
1707 603 1739 632 51·
1763 609 1863 634 autem
1879 601 2003 644 fortaffe
2016 608 2048 633 in

1165 648 1240 689 caus
1234 662 1253 680 a
1266 653 1323 681 Dei
1333 649 1431 680 minus
1444 649 1544 680 credor
1557 672 1567 687 ‚
1592 649 1626 680 Θ
1632 656 1689 689 pro
1699 651 1768 681 Zeli
1779 658 1835 683 mei
1862 653 1969 684 ardore
1985 650 2050 694 sus-

1162 698 1266 740 pellas
1275 696 1296 740 s
1295 710 1343 730 um
1357 722 1367 737 ‚
1391 698 1617 738 cunc‘lamſsmul
1626 697 1783 738 Ecclesiam
1795 705 1827 732 in
1836 700 1945 741 confilio
1956 701 2049 741 huJ'us

1167 747 1388 790 disceptationis
1410 748 1534 781 adhibeo
1559 772 1569 788 ‚
1596 749 1630 780 &⁹
1653 749 1800 789 quidquid
1822 751 1955 783 omnibus
1981 751 2049 792 fieri

1165 797 1326 840 salubriter
1334 799 1452 840 placet,
1479 809 1526 840 ego
1541 802 1572 829 in
1597 798 1674 830 nullo
1687 800 1850 832 contradico
1861 823 1871 838 ‚
1894 798 1953 840 secl
1973 802 2054 841 quod

1168 854 1356 881 incommune
1367 850 1529 883 decernitur
1543 872 1554 887 ,
1580 849 1669 880 laetus
1688 847 1872 892 subscribam
1897 850 1931 882 (9²
1952 852 2051 891 imple-

1168 898 1220 930 bo.
1250 898 1437 932 Venantius
1448 898 1634 932 reclamarat
1646 898 1795 933 adversus
1808 898 2054 942 professionem,

1167 960 1207 982 ex
1220 949 1319 981 causis
1332 948 1456 982 dixerat
1480 948 1660 982 invalidam
1674 974 1683 989 ,
1710 948 1843 993 ejusque
1854 950 2053 983 circumscri-

1169 1009 1228 1041 ptae
1239 998 1411 1040 cupiditati
1426 999 1530 1041 plures
1540 998 1772 1033 adulabantur.
1801 999 1895 1033 Hinc
1917 1010 1985 1032 non
2015 999 2055 1032 il-

1167 1048 1216 1082 los
1229 1072 1240 1088 ,
1252 1046 1305 1082 sed
1317 1050 1347 1081 se
1358 1048 1559 1082 audiendum
1571 1049 1733 1083 clamabat
1746 1049 1925 1094 Gregorius
1935 1072 1947 1087 ‚
1957 1049 2050 1091 spon·-

1170 1098 1248 1132 dens
1259 1110 1326 1133 rem
1339 1109 1547 1142 nequaquam
1560 1100 1619 1132 suo
1631 1099 1729 1133 solius
1752 1099 1878 1142 judicio
1892 1124 1903 1139 ‚
1928 1099 1983 1132 sed
1995 1099 2053 1142 Sy-

1172 1148 1331 1183 nodaliter
1341 1149 1540 1183 tractandam
1553 1173 1564 1189 ,
1591 1149 1765 1193 datamque
1775 1149 1844 1183 illic
1860 1148 2053 1184 sententiam

1170 1200 1187 1232 a
1200 1199 1230 1232 se
1243 1198 1870 1243 probandam&exsequendamverum
1881 1198 2055 1234 Venantio

1170 1259 1308 1282 examen
1332 1248 1416 1283 istud
1440 1261 1506 1284 non
1534 1249 1642 1293 potuit
1654 1250 1861 1294 persuadere.
1889 1249 1957 1283 Res
1968 1248 2055 1282 vide-

1171 1308 1222 1331 tur
1233 1298 1325 1333 fuisse
1337 1298 1437 1333 dubia
1453 1325 1459 1332 .
1484 1299 1579 1334 Hinc
1593 1301 1652 1333 suae
1675 1300 1883 1334 conscientiae
1894 1299 2055 1333 Pontifex

2067 399 2217 434 L.1.lip.33

1171 1347 1301 1391 reliquit
1316 1348 1609 1383 Romanaamilitiae
1623 1350 1754 1383 Ducem
1769 1375 1779 1389 ‚
1806 1351 1863 1392 qui
1885 1361 1997 1393 graves
2019 1350 2056 1382 in

1171 1399 1264 1431 omni
1279 1398 1371 1432 ltalia
1384 1408 1494 1433 motus
1507 1408 1654 1442 potuerat
1679 1399 1845 1433 concitare
1861 1424 1867 1430 .
1895 1399 2055 1432 Attamen

1171 1448 1205 1480 in
1220 1449 1371 1481 extremis
1381 1448 1518 1489 positum
1553 1448 1664 1479 denuo
1674 1448 1848 1480 admonuit
1869 1448 1972 1480 redire
1989 1458 2060 1482 tan-

1171 1497 1245 1530 dem
1273 1495 1324 1529 vel
1337 1505 1416 1530 tunc
1436 1496 1477 1532 ad
1489 1496 1714 1530 Monasticum
1729 1495 1897 1530 habitum.
1927 1495 1982 1532 An
1996 1498 2055 1531 irn-

1170 1546 1301 1589 petrarit
1314 1546 1434 1589 ignoro
1449 1571 1455 1578 .

1172 1621 1175 1625 .
1223 1594 1384 1630 Adversus
1397 1607 1456 1630 nos
1469 1596 1641 1631 adducitur
1651 1598 1748 1633 etiam
1773 1598 1881 1633 Sanc‘ti
1896 1598 2053 1633 Bernardi

1171 1646 1318 1688 Epistola
1341 1646 1381 1681 ad
1410 1645 1585 1682 Artaldum
1618 1648 1829 1684 pultariensis
1859 1649 2058 1684 Monasterii
2077 1653 2154 1692 Epist
2169 1661 2215 1689 762

1172 1696 1357 1731 Abbatem:
1386 1696 1583 1740 Periculosum
1610 1698 1670 1738 est,
1696 1711 1730 1732 ac
1754 1700 1881 1742 fortasse
1902 1700 2058 1739 illicitum,

1171 1745 1315 1780 bominem
1324 1746 1387 1788 post
1410 1749 1563 1780 diutinam
1582 1753 1615 1780 in
1629 1751 1713 1781 domo
1739 1750 1888 1783 &habitu
1908 1752 2058 1794 religionis

1171 1795 1419 1839 conversationem
1439 1799 1484 1830 ad
1495 1796 1634 1840 saeculum
1655 1801 1784 1842 redHffb,
1815 1801 1923 1842 quique
1942 1807 2031 1842 prius
2045 1825 2058 1840 ,

1171 1847 1312 1883 &adhuc
1333 1851 1431 1889 priori
1443 1859 1532 1881 uxore
1554 1854 1679 1883 vivente
1709 1849 1971 1892 &constffttente,
1991 1851 2059 1891 for-

1171 1899 1272 1937 tt'ffime³
1299 1908 1332 1929 ac
1357 1899 1507 1938 diutiffimi3
1527 1904 1739 1933 continentiam
1765 1907 1860 1933 tenuit
1882 1924 1893 1939 ‚
1914 1899 2058 1943 secundis

1171 1947 1287 1988 rursum
1300 1948 1488 1990 amplexibus
1494 1947 1529 1991 se
1543 1951 1710 1991 ineptiffime*
1739 1958 1826 1992 atque
1842 1950 2058 1991 inhonestiffim?

1172 1998 1356 2040 implicuiffe.
1393 2001 1476 2042 ,Quia
1488 2006 1587 2032 tamen
1593 2000 1712 2041 publice*
1737 1999 1949 2043 acsblemniter
1963 2004 2061 2042 juxta

1174 2059 1281 2082 morem
1293 2058 1460 2084 caeterorum
1473 2048 1621 2085 bominum
1633 2075 1643 2090 ‚
1670 2053 1703 2085 &⁸
1725 2050 1789 2093 fine
1801 2052 1916 2094 querela
1942 2053 1993 2084 vel
2009 2063 2059 2084 ra⁴

1171 2099 1284 2131 lumm'a
1296 2097 1392 2141 ipficm
1400 2100 1602 2143 qualecumque
1616 2104 1779 2144 conjugium
1791 2102 1968 2135 celebratum
1982 2100 2062 2141 fuit,

1172 2149 1254 2181 nobis
1267 2159 1323 2181 non
1334 2150 1457 2182 videtur
1469 2158 1562 2184 tutum
1573 2174 1583 2188 ‚
1609 2153 1692 2184 illum
1703 2153 1790 2184 illam
1800 2162 1856 2183 non
1880 2149 2062 2193 consentien-

1174 2192 1232 2230 tem
1245 2200 1397 2232 dimittere
1409 2224 1419 2239 ,
1446 2199 1591 2241 nisi‘prius
1607 2204 1671 2241 Epi
1669 2199 1794 2242 scopulis
1806 2201 1995 2233 auctoritatis
2008 2201 2063 2233 vel

1172 2246 1279 2289 confilio
1281 2248 1421 2288 fretum,
1448 2250 1500 2281 vel
1523 2255 1664 2290 imperio,
1690 2260 1745 2282 aut
1763 2252 1838 2283 certe?
1863 2250 2060 2292 Ecclesiastico

1173 2302 1374 2339 canonicoque
1379 2302 1410 2342 J
1413 2299 1522 2333 udicio.
1554 2298 1678 2333 Nescio
1691 2300 1763 2343 quis
1773 2301 1847 2342 pius
1859 2300 1963 2334 fidelis
1986 2300 2060 2343 posi:

1172 2347 1250 2385 sure,
1277 2358 1352 2381 cum
1366 2359 1428 2390 qua
1450 2358 1489 2380 ex
1512 2358 1628 2382 mutuo
1642 2350 1801 2383 consensu
1825 2349 1950 2384 dudum
1972 2349 2057 2384 caste

1174 2397 1321 2436 vixerat,
1349 2398 1459 2430 uxoris
1474 2408 1612 2432 mortem
1627 2398 1787 2441 affiimpfit
1809 2400 1843 2432 in
1859 2401 1984 2443 propria
1998 2401 2058 2433 do-

1172 2457 1228 2480 mo
1255 2446 1473 2481 monasticum
1508 2445 1657 2482 habitum
1681 2474 1691 2489 ,
1719 2461 1785 2492 quo
1813 2461 1928 2483 votum
1962 2451 2056 2483 suum

1172 2496 1285 2538 majori
1312 2497 1481 2530 securitate
1501 2499 1661 2540 muniret·,
1688 2500 1765 2541 quin
1794 2500 1826 2532 ὅ(
1851 2499 2055 2533 Paltarienfis

1173 2545 1513 2590 Coenobiiingressum
1535 2549 1645 2590 petiit.
1675 2548 1800 2582 Verum
1822 2549 1903 2583 dum
1927 2550 1968 2583 ab
1995 2550 2055 2583 Ar-

1172 2597 1262 2631 taldo
1287 2596 1422 2630 Abbate
1443 2596 1592 2631 differtur
1618 2623 1628 2638 ,
1654 2600 1716 2632 suae
1737 2599 1843 2632 carnis
1867 2601 2054 2634 infirmitati

1172 2657 1314 2681 tentatus
1327 2647 1472 2681 succubit
1485 2671 1495 2686 ,
1521 2649 1554 2682 &
1569 2648 1754 2682 solemniter
1765 2651 1800 2683 in
1815 2649 1959 2684 Ecclesia:
1972 2651 2055 2683 facie

1170 2695 1265 2729 duxit
1281 2707 1432 2732 uxorem.
1461 2697 1553 2731 Hinc
1565 2699 1695 2741 quaellio
1706 2698 1745 2732 de
1760 2699 1961 2734 matrimonii
1977 2700 2054 2732 vali-

1170 2747 1287 2784 ditate.
1317 2747 1404 2779 Etin
1419 2748 1571 2791 perplexa
1583 2748 1653 2782 faffl
1669 2749 1772 2792 specie
1799 2759 1866 2783 tam
1879 2750 1933 2783 ille
1955 2761 2052 2790 quam

1171 2795 1283 2829 Abbas
1294 2806 1494 2830 recurrerunt
1506 2797 1544 2831 ad
1559 2798 1740 2832 Oraculum
1751 2800 1855 2833 Sancti
1872 2800 2027 2833 Bernardi
2038 2822 2052 2838 ‚

1169 2847 1224 2888 qui
1253 2846 1363 2888 &ipse
1375 2845 1511 2880 definire
1533 2859 1601 2886 non
1627 2851 1729 2887 ausus,
1746 2849 1873 2883 censuit
1896 2851 1957 2885 esse
1969 2859 2051 2890 opus

1168 2894 1366 2930 authoritate
1380 2896 1580 2940 Episcopalis
1593 2899 1729 2940 Judicii.
1758 2899 1801 2932 Et
1817 2897 1894 2932 hinc
1907 2893 2051 2931 nascitur

1169 2947 1231 2978 alia
1255 2945 1411 2988 quaestio,
1438 2958 1505 2989 quo
1526 2959 1566 2980 ex
1579 2947 1796 2986 fundamento
1820 2960 1867 2982 res
1890 2946 1957 2981 haec
1981 2959 2049 2990 per-

1171 2995 1262 3038 plexa
1274 2995 1370 3029 fuerit
1385 3020 1395 3035 ,
1407 2997 1440 3029 <Sc
1453 2997 1564 3041 indiga
1576 3007 1672 3031 tanta:
1683 2997 1920 3034 authoritatis?
1942 2997 2048 3043 Qod

1168 3044 1257 3078 enim
1270 3055 1393 3081 mutata
1409 3047 1493 3079 veste
1505 3046 1679 3090 sigillatum
1694 3046 1860 3080 Castitatis
1873 3057 1986 3079 votum
2010 3047 2048 3080 fit

1170 3093 1332 3134 solemne,
1359 3096 1392 3127 ὅς
1404 3095 1606 3128 subsecutum
1622 3094 1813 3138 conjugium
1824 3094 1866 3128 ab
1881 3096 1950 3137 ipso
1971 3096 2049 3130 diri-

1170 3153 1275 3176 matur
1285 3168 1296 3183 ,
1323 3145 1449 3184 antiqui
1462 3146 1614 3178 Canones
1626 3144 1720 3178 nobis
1730 3145 1793 3185 jam
1807 3145 1998 3178 lucidiffime
2011 3147 2048 3184 ἃς

1169 3192 1440 3226 abundantissime
1458 3193 1608 3225 dixerunt
1630 3218 1636 3225 .
1664 3193 1757 3236 Resp.
1782 3204 1862 3228 tunc
1882 3196 2047 3238 cespitasse

1172 3243 1264 3275 istam
1276 3242 1500 3283 disciplinam,
1527 3242 1637 3278 similis
1650 3244 1718 3276 voti
1739 3244 1981 3278 solemnitatem
2003 3245 2044 3279 ad

1171 3292 1270 3329 solam
1291 3293 1324 3323 in
1338 3290 1487 3326 Claustro
1498 3290 1722 3334 professionem
1734 3294 1861 3337 coepisse
1872 3294 2019 3328 contrahi
2032 3318 2045 3334 ,

1171 3343 1273 3375 varias
1283 3339 1375 3373 fuisse
1387 3341 1568 3374 Doctorum
1591 3342 1785 3384 sententias,
1813 3344 1951 3386 ideoque
1972 3344 2043 3376 Ber.-

1173 3390 1307 3429 nardum
1319 3387 1435 3429 haesisse
1447 3391 1530 3435 quasi
1544 3392 1629 3431 inter
1641 3391 1794 3429 incudem
1821 3393 1853 3434 ξς
1868 3393 2019 3435 malleum
2029 3414 2043 3434 ,

1586 3441 1615 3475 E
1665 3454 1686 3479 2
1936 3451 1994 3473 no-
