2352 3736
398 178 463 214 22

318 245 530 287 Rhemenfis,
556 255 623 279 non
636 244 999 290 quadragefimonono‚
1025 239 1080 274 sed
1103 240 1196 284 quin·

315 298 503 342 quagefimo
514 294 584 338 post
600 295 806 329 millesimum
828 305 917 327 anno
931 293 994 325 fuit
1016 289 1190 325 celebrata.

317 347 363 380 Et
379 348 412 380 in
424 347 488 389 ipsa
500 344 667 379 laudatum
681 345 857 378 Decretum
868 352 936 375 non
949 341 1103 385 reperitur
1115 365 1122 372 .
1149 340 1192 375 Et

313 408 373 435 put
389 394 563 430 'Gallicana
583 393 734 438 synodus
753 393 900 432 definiret
926 389 968 424 de
993 390 1193 435 Presbyteris

314 446 499 486 Romanis?

364 495 523 530 Notanda
537 496 609 530 sunt
619 492 705 528 Petri
717 492 877 526 *Damiani
886 489 1091 535 destephani
1107 491 1190 526 deci-

310 546 362 585 mi
372 545 516 580 Decreta
527 544 638 578 verba:
663 546 774 576 Omnes
783 545 911 576 elericos
923 545 1024 574 Romae
1041 566 1047 573 .
1075 542 1189 575 Palam

309 596 452 635 afferunt
474 595 508 628 in
529 593 614 627 solos
636 592 724 626 urbis
742 592 892 627 clericos
902 593 1059 626 statuiffe.
1086 590 1190 639 Qod

310 645 417 689 ipsum
442 643 481 677 de
507 643 630 678 Leonis
646 642 791 677 Decreto
817 644 955 677 affirmat
980 642 1189 675 Hermannus

311 695 506 728 Contractus
519 716 530 732 ,
551 693 586 727 δε
603 691 681 726 hinc
692 691 733 726 de
744 693 802 726 illo
817 693 856 727 ad
871 692 1086 727 Cunibertum
1098 692 1187 726 Tau-

310 744 471 778 rinensem
497 742 695 786 Episcopum
717 744 823 788 pergit
843 743 991 777 laudatus
1008 742 1188 776 Damiani:

309 794 404 836 ,Quod
420 791 554 836 salutare
570 792 732 834 statutum,
763 798 915 836 aequitatis
925 793 1109 834 justitiaeque
1125 793 1189 834 ple-

309 843 471 883 niffimum,
496 854 546 877 nos
559 848 649 876 etiam
655 851 710 885 per
729 854 828 876 omnes
854 843 996 884 Ecclefias
1019 841 1188 886 propagan-

308 893 381 927 dum
396 893 446 935 effe
457 893 660 933 decernimus,
683 901 830 935 quatenus
847 902 980 935 percepto
1002 899 1090 935 prius
1114 898 1187 935 Apo·

303 941 411 983 stolicae
430 944 516 976 Sedis
537 942 630 977 ediuo
650 942 846 986 unusquisque
866 942 1031 987 Episcopus
1056 943 1187 984 Ecclesiae

305 990 372 1035 fiiae
382 993 658 1035 vindicetfamulas
669 1018 679 1034 ,
707 1005 783 1035 quas
807 998 840 1027 in
847 993 907 1037 sua
933 993 1075 1036 parocbia
1086 996 1185 1034 depre-

308 1041 447 1081 henderit
453 1042 599 1088 sacrilega
613 1043 791 1082 Presbyteris
804 1044 988 1078 admixtione
996 1042 1163 1087 substratas
1177 1068 1185 1074 .

306 1092 602 1136 AEquitatisscilicet
610 1096 681 1134 jure
691 1119 701 1135 ‚
727 1103 761 1128 ut
775 1106 840 1137 quae
855 1093 951 1138 sacris
967 1094 1120 1128 altaribus
1141 1106 1184 1126 ra-

304 1142 396 1185 puisse
411 1141 567 1186 servorum
591 1146 645 1177 Dei
666 1152 878 1178 convincuntur
899 1143 1063 1187 obsequium
1077 1169 1087 1184 ‚
1114 1143 1184 1186 ipsae

304 1190 361 1226 -hoc
377 1191 486 1235 saltem
507 1193 654 1237 Episcopo
681 1204 737 1237 per
758 1198 900 1230 diminuti
917 1195 967 1238 sui
988 1201 1096 1237 capitis
1115 1193 1188 1237 supr

305 1241 413 1283 'pleant
431 1242 629 1284 famulatum.
661 1246 741 1280 Haec
766 1248 868 1289 prima
890 1247 1037 1280 extenfio
1065 1244 1124 1277 suit
1141 1243 1182 1278 ad

301 1291 396 1328 ‚solos
417 1294 562 1329 Clericos
582 1295 680 1329 Italiae
705 1320 712 1328 .
741 1298 871 1331 Fastam
894 1297 986 1330 fuisse
1007 1297 1023 1328 a
1037 1294 1183 1328 Nicolao

305 1343 472 1384 secundo,
499 1355 554 1387 per
570 1346 736 1380 laudatum
751 1346 884 1379 Petrum
908 1346 1084 1389 instigate,
1111 1345 1183 1378 scri-

131 1390 281 1428 Ann2¹058
305 1390 561 1425 bitBertholdus
583 1393 856 1427 Constantienfis.
885 1394 929 1428 Et
941 1394 1020 1429 hinc
1039 1393 1182 1429 eundem

132 1437 159 1459 (τ
184 1437 236 1470 ¹9⁶
246 1444 268 1461 ⁴⁷·
304 1440 436 1475 Petrum
449 1465 459 1481 ‚
469 1441 532 1484 jam
544 1440 749 1475 Cardinalem
764 1442 962 1485 Episcopum
973 1445 1158 1479 Ostiensem
1171 1470 1180 1486 ,

298 1491 343 1525 ad
356 1492 549 1526 extensionis
572 1490 666 1533 huJus
677 1494 871 1526 executione
888 1494 1088 1538 purgandam
1104 1495 1178 1527 Am*

298 1539 480 1576 brofianam
494 1541 668 1576 Ecclesiam
679 1566 690 1583 ‚
717 1542 950 1576 Mediolanum
964 1555 1039 1577 cum
1052 1545 1181 1588 amplis·

297 1590 377 1626 {ima
390 1593 547 1635 potestate
559 1593 681 1637 legavit
694 1591 881 1627 Alexander
899 1594 1077 1628 secundus.
1108 1595 1179 1628 Me-

299 1641 492 1675 diolanenfis
505 1643 647 1676 Ecclefiae
658 1642 765 1678 filium
777 1667 788 1683 ‚
813 1655 851 1677 ac
864 1641 1092 1679 Ambrofianis
1105 1644 1179 1679 ube-

297 1690 387 1731 ,ribus
408 1691 613 1727 sublaftatum
648 1693 785 1728 affirmat
816 1695 848 1728 se
872 1705 967 1729 natus
987 1694 1176 1729 Mediolani

298 1740 456 1776 Pontifex
471 1767 481 1783 ,
508 1743 646 1787 ideoque
663 1740 854 1779 charitatem
869 1743 955 1779 hanc
969 1745 1033 1779 suis
1053 1744 1176 1779 civibus

295 1790 316 1825 ὲ
330 1793 360 1825 se
370 1793 621 1835 impendendam
633 1819 641 1827 .
670 1796 732 1829 Sua
745 1795 816 1829 istic
831 1793 913 1828 Asta
925 1794 1079 1839 singulari
1093 1793 1176 1829 libro

294 1840 412 1882 ‚Petrus
424 1843 586 1887 descripsit
601 1867 613 1884 ,
636 1845 670 1879 δε
691 1845 777 1879 inter
789 1845 869 1879 alias
890 1846 959 1879 suas
972 1846 1176 1880 sanstiffimas

294 1892 547 1929 constitutiones
560 1895 691 1939 reliquit
701 1895 770 1930 illic
784 1895 874 1930 hunc
884 1896 1058 1932 articulum
1071 1909 1082 1929 .-
1095 1895 1175 1939 Pres-

294 1942 377 1980 byter
393 1968 403 1984 ‚
436 1947 579 1978 Diaconus
603 1970 613 1986 ,
640 1957 675 1978 ac
694 1945 894 1979 subdiaconus
919 1971 930 1986 ‚
948 1946 1112 1988 faeminam
1133 1949 1178 1980 ad

289 1993 502 2036 sornimndum
509 1998 613 2038 palam
623 2001 754 2029 retinens
767 2020 777 2035 ‚
803 1999 890 2030 donec
900 2002 932 2029 in
942 1998 1029 2038 culpa
1061 1995 1175 2039 manse-

293 2049 338 2076 rit
355 2067 365 2083 ‚
391 2055 441 2077 nec
452 2047 569 2087 officium
585 2045 703 2090 faciat,
731 2058 780 2079 nec
789 2045 924 2086 Ecclefiae
941 2047 1109 2088 beneficium
1122 2046 1175 2079 ha-

295 2092 382 2133 beat,
410 2102 462 2136 qui
488 2107 555 2128 vero
576 2109 632 2129 non
654 2103 780 2138 retinet,
806 2099 959 2131 &eventu
983 2108 1021 2130 ex
1044 2096 1174 2129 bumana

294 2145 457 2178 conditione
467 2147 602 2180 ceciderit
614 2171 624 2187 ‚
646 2146 797 2190 postquam
817 2145 1002 2187 manifestum
1027 2153 1173 2180 veraciter

290 2192 388 2233 fuerit
411 2217 420 2232 ‚
443 2194 643 2237 suspendatur
662 2198 701 2230 ab
723 2198 808 2238 officio
832 2207 953 2231 tantum
973 2222 983 2238 ‚
1011 2198 1100 2230 donec
1118 2205 1172 2238 per

290 2250 502 2287 paenitentiam
510 2244 700 2287 satisfecerit.
728 2248 806 2281 Hoc
817 2250 878 2281 effe
887 2248 1040 2280 existimo
1053 2249 1171 2281 Decre-

296 2303 390 2333 tum,
416 2293 506 2336 cujus
527 2300 619 2329 causa
642 2297 752 2330 Petrus
777 2299 885 2331 nimiae
905 2297 939 2329 in
962 2296 1174 2331 fornicatores

298 2343 694 2390 Clericosindulgcntiaea
708 2346 899 2390 quibusdam
921 2348 1100 2381 accusatur.
1130 2348 1172 2380 Et

296 2394 402 2428 revera
414 2393 454 2428 ab
464 2396 553 2430 avito
567 2397 790 2430 Ecclefiasticae
800 2397 976 2441 disciplinae
997 2397 1103 2442 rigore
1122 2398 1174 2431 ad-

299 2445 433 2478 modum
447 2447 566 2480 recedit
577 2445 659 2480 istud
672 2448 850 2481 Decretum
862 2473 869 2480 .
896 2447 1075 2491 Temporis
1093 2447 1174 2482 cala-

298 2494 396 2528 mita-s
417 2496 524 2539 coegit
544 2496 584 2530 ad
614 2497 886 2540 dispensationem
912 2498 1005 2532 issam
1030 2523 1040 2539 ,
1069 2509 1174 2541 neque

299 2544 380 2588 quid
402 2544 536 2580 sanctius
546 2547 657 2589 sperari
681 2549 818 2590 permisit
829 2547 1067 2592 autimperari.
1095 2548 1174 2590 Ejus

302 2605 363 2637 pro
385 2594 447 2629 hoc
459 2596 599 2631 Decreto
620 2597 821 2632 adversitates
834 2598 954 2642 collige
974 2610 1015 2632 ex
1029 2596 1171 2640 Epistola

301 2644 342 2677 ad
354 2643 583 2689 Landulphum
604 2647 767 2681 Clericum
782 2648 1064 2682 Mediolanensem
1077 2661 1087 2680 :
1113 2651 1172 2680 Me-

299 2694 470 2735 diolanensi}
497 2702 604 2730 civitas
630 2704 661 2730 in
679 2696 852 2741 seditionem
876 2696 964 2740 versa
985 2702 1183 2741 repentinum*

299 2743 425 2785 nostrum
447 2747 616 2779 minabatur
631 2753 783 2781 interitum
796 2773 803 2781 .
832 2748 898 2781 Pro
911 2748 1036 2781 cffroeni
1052 2750 1105 2781 sua
1118 2749 1172 2781 foe-

297 2795 400 2829 ditate
409 2797 582 2838 pertinaces
595 2797 711 2831 Clerici
728 2808 977 2832 commoverunt
988 2798 1147 2841 populum
1162 2821 1171 2836 ,

300 2846 524 2889 suaseruntque
542 2850 703 2890 optimum
726 2848 861 2882 Petrum
885 2857 1051 2890 tamquam
1077 2858 1168 2880 novae

299 2894 379 2938 legis
401 2896 776 2939 Pseudo-praedicatorem
802 2897 952 2941 lapidari.
982 2898 1024 2930 Et
1051 2894 1130 2929 hinc
1154 2897 1171 2929 a

301 2944 447 2986 meliori,
474 2957 570 2989 quam
591 2946 694 2989 jurata
707 2948 895 2981 solemniter
920 2946 1111 2988 profeffione
1123 2946 1173 2979 fir-

302 2993 381 3024 mari
395 2995 505 3030 Petrus
514 3007 637 3031 curarat
648 3021 658 3036 ‚
685 2997 750 3030 vita
763 2997 797 3029 in
812 2997 957 3039 pristinas
978 2996 1085 3030 sordes
1098 2997 1171 3029 sunt

303 3040 372 3083 post
384 3040 474 3075 breve
487 3047 690 3080 intervallum
711 3047 820 3089 relapsi
833 3071 844 3086 ,
870 3046 991 3089 ajentes
1012 3046 1172 3088 profesti&

305 3101 379 3122 nem
391 3090 479 3122 fuiffe
499 3104 582 3128 metu
593 3106 755 3130 extortam
768 3120 778 3134 ,
805 3096 942 3138 ideoque
963 3106 1032 3129 non
1043 3106 1152 3129 tenere
1163 3121 1170 3127 .

304 3138 525 3172 Addustarum
537 3142 577 3174 ab
598 3145 667 3184 ipsis
678 3147 842 3180 rationum
852 3147 942 3179 fucos
967 3145 1102 3179 nervose
1115 3145 1168 3179 Pe·

304 3199 370 3222 trus
381 3189 414 3222 in
428 3190 552 3222 laudata
574 3189 613 3222 ad
625 3192 852 3238 Landulphum
867 3195 1013 3238 Epistola
1030 3196 1149 3228 refutat
1162 3219 1169 3226 .

354 3239 397 3271 Et
409 3237 473 3271 haec
485 3238 613 3280 quidem
633 3243 743 3274 omnia
752 3246 892 3279 Decreta
903 3247 1031 3278 fuerunt
1052 3244 1169 3277 direCia

305 3287 346 3322 ad
357 3288 441 3321 solos
452 3287 597 3321 Clericos
610 3313 616 3320 .
643 3290 743 3334 Qod
761 3293 779 3324 a
791 3294 956 3328 Cardinali
969 3293 1169 3328 Heldebran-

301 3338 349 3375 do
368 3362 379 3378 ‚
404 3336 459 3380 qui
483 3338 589 3379 postea
599 3338 660 3371 fuit
671 3340 849 3382 Gregorius
871 3345 1023 3386 septimus
1045 3368 1056 3384 ,
1081 3343 1170 3377 insti-

302 3397 398 3434 gatus
419 3386 579 3419 Nicolaus
599 3386 754 3421 secundus
772 3391 903 3426 tandem
914 3392 1072 3427 addiderit
1082 3393 1167 3427 Pres-

304 3436 434 3486 byteri·³
458 3436 625 3482 Diaconi,
650 3446 706 3477 *ut
716 3437 911 3477 Subdiaconi
930 3442 1036 3490 palam
1054 3444 1165 3488 conju-

116 2654 278 2689 ·L5.t÷p.16

1221 1721 1228 2005 ——-

680 161 877 207 PRIMA
911 162 1176 207 Pnooewt
1196 174 1260 204 As.
1279 173 1327 205 13
1363 160 1809 224 bmnium,-

1227 251 1350 1136 lpum

1258 243 1327 286 gati
1338 253 1394 277 aut
1404 243 1652 287 concubinarii,
1661 258 1726 282 non
1739 248 1843 284 audiri
1854 249 2001 293 Miss‘am,
2012 250 2064 288 vel
2073 251 2139 289 aria

1258 292 1382 327 Divina
1399 294 1506 327 officia
1518 318 1527 334 ³
1554 294 1609 326 seu
1621 295 2044 343 uHa‘percipiSacra-mema
2057 328 2068 344 ,
2092 313 2137 339 te·

1258 342 1357 376 statur
1366 343 1567 377 *Bettholdus
1577 344 1853 384 Constantienfis.
1880 352 1975 386 Dicit
1997 353 2136 388 ὴΝῑςο,

1255 390 1311 426 lao
1331 391 1522 427 mandatum
1549 394 1623 427 solis
1648 394 1740 429 Italis
1762 420 1772 436 ‚
1798 409 1835 432 ae
1859 401 2071 444 postmodum
2088 404 2134 439 ad

1253 452 1389 476 omnem
1403 443 1574 478 Ecclefiam
1586 445 1603 477 a
1620 444 1751 478 laudato
1764 445 1922 491 Gregorio
1942 454 2112 487 extensum
2123 478 2133 486 ,

1256 492 1432 527 Decretum
1457 494 1560 528 exstat
1586 495 1624 527 in
1646 495 1795 529 Romana
1818 495 1952 534 Nicolai
1973 503 2133 546 synodo:

1251 545 1294 575 Ut
1305 544 1404 576 nullus
1415 545 1532 587 Missam
1551 546 1659 578 audiat
1674 546 1858 587 Presbyteri,
1883 560 1972 590 quem
1986 551 2043 594 fin
2067 564 2134 587 con.

1251 592 1387 626 cubinam
1411 594 1616 630 indubItanter
1638 595 1743 629 babere
1767 621 1779 637 ,
1804 607 1856 630 aut
1872 597 2131 641 subintrodm‘lmn

1251 644 1403 676 mulierem
1415 668 1422 676 .
1449 644 1530 678 Hoc
1541 644 1560 677 ὲ
1572 646 1603 678 se
1614 643 1687 678 addi
1707 647 1789 680 dicit
1808 650 1847 681 ad
1863 649 2038 684 Decretum
2050 651 2132 688 {aeo-

1253 693 1303 726 nis
1325 694 1422 727 noni.
1452 692 1556 742 Qod
1577 695 1680 738 ipsum
1701 695 1734 729 in
1760 700 1862 740 prima
1880 699 1937 732 sua
1961 700 2131 744 plusquam

1251 752 1384 777 centum
1411 743 1648 787 Episcoporum
1675 745 1827 781 Romana
1853 749 1993 792 Synodo
2016 751 2134 785 confir*

1251 793 1353 827 mavit
1367 805 1462 837 atque
1474 795 1644 829 innovavit
1656 794 1844 831 Alexander
1857 798 2016 833 secundus
2028 826 2036 833 .
2050 800 2133 836 Gre2

1248 843 1393 886 gorianae
1412 845 1611 880 extensionis
1621 845 1730 881 seriem
1751 847 1852 887 edicit
1873 849 2041 887 Marianus
2053 853 2131 885 Sco·
2146 870 2289 906 ‘qn-1074

1249 903 1319 926 tus:
1349 894 1571 929 Hildebrandus
1583 920 1594 936 ,
1619 902 1671 938 qui
1692 899 1726 931 (⁰2⁹
1752 901 1908 941 Gregorius
1932 902 2021 941 Papa
2039 925 2050 941 ‚
2077 903 2129 936 de·
2290 892 2301 902 ³

1251 950 1345 977 crevit
1362 944 1510 987 praecepto
1532 948 1615 979 Petri
1628 947 1748 989 Apostoli
1771 949 1916 983 &sanavi
1939 951 2127 993 clementis,

1248 994 1462 1028 &canonibus
1487 998 1613 1030 Parrum
1630 1005 1685 1039 per
1707 997 1838 1032 bannum
1863 1003 1921 1034 Dei
1944 1024 1955 1040 ‚
1984 1004 2067 1034 Petri
2092 1004 2128 1036 ὁ*

1250 1045 1360 1085 Pauli,
1387 1047 1421 1080 ό·
1430 1044 1516 1088 suum
1530 1071 1540 1087 ,
1567 1049 1702 1087 synodali
1705 1050 1818 1089 judicio
1839 1052 1994 1083 multorum
2008 1050 2129 1094 Episco-

1373 1119 1383 1135 ,
1409 1098 1444 1129 (9
1462 1106 1564 1129 contra
1600 1099 1699 1132 dicens
1729 1101 1888 1132 interdixit
1918 1101 2127 1142 Presbyteris,

1251 1145 1430 1180 Diaconibus
1443 1168 1454 1184 ,
1478 1146 1667 1189 omnibusque
1681 1148 1800 1182 Clericis
1818 1162 1924 1184 uxores
1936 1150 2043 1185 habere
2053 1175 2064 1192 ,
2091 1153 2127 1186 Θ

1249 1201 1365 1226 omnino
1386 1206 1450 1228 cum
1464 1194 1604 1237 faeminis
1625 1196 1761 1230 habitare
1775 1221 1786 1236 ,
1813 1198 1868 1239 m'fi
1883 1211 1946 1233 cum
1957 1207 2001 1234 eis
2013 1225 2024 1241 ‚
2049 1213 2127 1243 quas

1247 1247 1350 1288 regula
1373 1245 1425 1278 vel
1444 1250 1576 1279 Nicaena
1599 1248 1728 1285 synodus
1744 1248 1870 1287 conceffit
1893 1274 1900 1281 .
1928 1250 2011 1282 Unde
2034 1251 2068 1283 ό·
2089 1251 2129 1284 de

1244 1294 1394 1334 praedilia
1406 1297 1512 1333 synodo
1523 1299 1630 1340 Legati
1649 1299 1745 1339 Papae
1756 1298 1827 1337 miffl
1835 1300 1880 1331 ad
1897 1304 2055 1335 Henri'cum
2069 1305 2128 1334 Re-

1241 1355 1308 1387 gem
1318 1347 1518 1377 Romanorum
1534 1369 1544 1385 ‚
1570 1345 1673 1386 idest,
1698 1345 1757 1380 duo
1770 1346 1911 1391 Episcopi
1922 1372 1932 1388 ,
1957 1361 2023 1382 cum
2035 1353 2126 1394 Regi·

1247 1406 1288 1426 na
1311 1393 1439 1437 ejusdem
1465 1398 1556 1438 Regis
1572 1405 1687 1436 matre,
1714 1396 1922 1440 &universali
1931 1401 2057 1438 synodo,
2082 1411 2126 1433 co·-

1245 1456 1312 1477 ram
1335 1448 1412 1487 Rege
1428 1468 1437 1483 ‚
1464 1451 1607 1478 communi
1629 1451 1757 1477 omnium
1769 1445 1981 1489 Epifioporum
2001 1451 2127 1483 interdi-

1245 1494 1291 1526 diu
1303 1518 1312 1533 ‚
1334 1494 1482 1533 faeminas
1505 1493 1686 1536 separarunt
1706 1498 1725 1527 ἃ
1737 1496 1859 1528 clericis
1873 1520 1883 1535 ,
1909 1499 1944 1530 (at
1957 1499 2089 1532 maxime
2103 1500 2126 1532 ὰ

1245 1545 1426 1582 Presbyteris
1442 1570 1448 1576 .
1478 1545 1590 1589 Pergit
1602 1544 1640 1578 ad
1654 1556 1779 1578 annum
1797 1546 1983 1588 sequentem
1998 1550 2126 1581 :Plures

1243 1592 1410 1638 Clericisub
1427 1593 1576 1638 sententia
1590 1595 1741 1628 interdic-‘Ji
1755 1594 1907 1636 Apostolici'
1927 1597 2125 1641 libentiusff

1243 1647 1419 1685 voluerum,
1446 1657 1534 1687 quam
1545 1645 1685 1687 faeminis
1711 1645 1896 1678 &uxoribus
1919 1658 2036 1681 carere.
2063 1648 2127 1681 sed

1242 1704 1275 1727 ut
1281 1703 1336 1737 per
1346 1697 1418 1727 alios
1431 1695 1642 1739 castigarentur
1651 1718 1661 1734 ‚
1688 1696 1822 1728 decrevit
1835 1698 1970 1735 synodica
1985 1701 2120 1740 Legatio-

1242 1756 1278 1778 ne
1288 1750 1379 1778 etiam
1390 1744 1441 1778 hoc
1452 1757 1532 1778 anno
1545 1770 1555 1786 ,
1571 1754 1603 1779 ut
1615 1746 1711 1779 nullus
1723 1744 1908 1785 Christianus
1920 1748 2038 1780 audiret
2051 1746 2125 1791 Mis:-

1237 1794 1306 1838 sam
1326 1797 1478 1838 conjugati
1502 1796 1688 1834 Presbyteri.
1717 1796 1818 1842 Quod
1843 1796 1938 1830 multi
1954 1797 2122 1841 Apostoli*

1241 1856 1314 1879 cam
1324 1846 1674 1881 excommunicationis
1695 1846 1728 1879 ὃ(
1742 1845 1984 1890 degradationis
1996 1848 2121 1882 senten·

1241 1895 1321 1929 tiam
1338 1897 1537 1940 spreverint,
1562 1897 1801 1931 contumaciter
1824 1898 2061 1938 perseverantes
2085 1898 2122 1932 δε

1241 1945 1275 1979 in
1287 1946 1443 1991 sacrilego
1460 1947 1617 1991 conjugio
1638 1947 1717 1980 &in
1738 1946 1963 1980 Ecclefiastico
1975 1946 2120 1981 minister

1240 1996 1313 2036 rio,
1340 1998 1496 2031 testantur
1519 1998 1619 2031 etiam
1646 1996 1781 2030 Sanetus
1802 1996 1917 2030 Petrus
1940 1996 2119 2037 Damiani,
2135 2015 2191 2047 An·
2211 2021 2300 2053 κη’,

1239 2046 1432 2080 Lambertus
1445 2045 1748 2090 Schafnaburgenfis
1760 2071 1771 2086 ,
1799 2058 1836 2082 ac
1847 2047 1980 2080 Simeon
1991 2046 2120 2081 Dunel·
2249 2052 2252 2054 '

1240 2095 1354 2129 mensis
1375 2120 1381 2127 .
1413 2097 1455 2129 Et
1482 2096 1548 2130 haec
1571 2098 1778 2131 contumacia
1802 2095 1985 2130 Nicolaum
2010 2098 2121 2130 secun·

1238 2144 1318 2179 dum
1342 2169 1352 2185 ‚
1376 2145 1604 2180 Alexandrum
1627 2146 1803 2182 secundum
1827 2170 1837 2185 ‚
1863 2147 1897 2179 ὃ(
1922 2145 2124 2190 Gregorium

1241 2195 1412 2238 septimum
1433 2197 1594 2240 compulit
1618 2193 1788 2240 procedere
1801 2195 1840 2229 ad
1864 2196 1946 2232 istud
1963 2196 2120 2239 posterius

1240 2242 1416 2281 Decretum
1448 2272 1455 2279 .
1483 2247 1589 2281 Addit
1622 2243 1772 2280 laudatus
1805 2246 1940 2280 Simeon
1967 2246 2124 2281 omnium,

1241 2297 1372 2330 istorum
1387 2308 1464 2332 cum
1475 2297 1538 2330 suis
1562 2296 1719 2333 uxoribus
1730 2296 1944 2335 Sacerdotum
1957 2296 2124 2339 sempiter-

1239 2358 1315 2380 nam
1332 2347 1578 2382 damnationem
1595 2347 1688 2380 fuisse
1699 2346 1824 2380 Bosoni
1846 2346 1947 2379 militi
1959 2345 2123 2380 divinitus

1241 2397 1431 2431 revelatam.

1289 2447 1484 2491 Incognitus
1497 2447 1649 2492 Gregorii
1662 2447 1830 2481 adversum
1843 2444 1978 2479 rebelles
1991 2442 2118 2487 Apolo-

1238 2508 1298 2541 gus
1308 2509 1347 2531 ex
1359 2498 1426 2540 ejus
1448 2498 1488 2534 ad
1502 2497 1674 2534 Othonem
1688 2494 1972 2529 Constantiensem
1986 2492 2118 2534 Episco-

1240 2559 1316 2590 pum
1329 2548 1444 2581 litteris
1456 2549 1549 2581 refert
1572 2547 1768 2579 Decretum:
1800 2548 1866 2576 Nos
1871 2545 1968 2584 Juxta
1991 2543 2116 2575 aue‘lori-

1239 2606 1331 2630 tatem
1340 2600 1359 2630 5
1362 2598 1511 2630 anetarum
1523 2599 1652 2629 Parrum
1674 2601 1704 2626 in
1718 2594 1824 2632 synodo
1844 2592 2023 2635 fiententiam
2032 2593 2117 2626 dedi-

1238 2659 1302 2680 mus
1314 2672 1324 2687 ,
1345 2655 1377 2680 ut
1388 2647 1419 2678 hi
1432 2652 1525 2688 quiin
1536 2651 1656 2679 crimIne
1670 2644 1881 2686 fornicationis
1887 2646 1993 2684 jacent
2004 2668 2014 2681 ,
2041 2641 2113 2689 Mis-

1233 2696 1284 2739 sas
1294 2696 1438 2729 celebrare
1449 2721 1459 2737 ,
1485 2704 1538 2729 aut
1545 2695 1705 2738 secundum
1725 2692 1878 2734 inferiores
1899 2694 2015 2725 ordines
2027 2697 2115 2727 mini·

1232 2747 1329 2786 strare
1348 2748 1439 2778 altari
1464 2757 1521 2778 non
1536 2746 1682 2778 debeant.
1709 2746 1873 2776 statuimus
1903 2749 2015 2781 etiam,
2042 2750 2075 2774 ut
2086 2739 2117 2781 fi

1236 2796 1292 2837 ipsi
1307 2804 1513 2837 contemptores
1526 2795 1643 2837 fuerint
1664 2792 1821 2832 nostrarum
1833 2819 1843 2832 ‚
1869 2800 1925 2825 imo
1940 2792 2115 2825 sannorum

2130 2581 2201 2620 Cap.
2221 2593 2248 2615 ι,

1237 2849 1363 2879 Puerum
1384 2845 1645 2885 constitutionum,
1667 2844 1792 2885 populus
1817 2844 1893 2876 nullo
1917 2842 1999 2874 modo
2016 2850 2111 2873 eorum

1235 2897 1324 2938 officia
1335 2902 1458 2937 recipiat
1472 2920 1483 2935 ‚
1509 2905 1543 2928 ut
1554 2901 1604 2937 qui
1613 2902 1670 2936 pro
1681 2904 1777 2926 amore
1791 2896 1845 2925 Dei
1873 2894 1905 2925 ζ’]
1917 2892 1997 2933 officii
2015 2891 2111 2931 dIgni-

1234 2955 1298 2980 tate
1314 2958 1370 2979 non
1382 2952 1564 2988 corriguntur
1576 2969 1587 2985 ,
1615 2944 1793 2977 verecundia
1808 2941 1908 2983 saeculi
1932 2937 2108 2980 &objurga-

1235 3002 1312 3030 tione
1320 2996 1420 3038 populi
1432 2993 1617 3038 refipiscant.
1644 2994 1752 3037 Ipsum
1774 2993 1871 3025 etiam
1883 2989 1974 3023 refert
1998 2988 2031 3020 in
2043 2987 2109 3021 suis

1237 3045 1423 3080 Annalibus
1449 3046 1598 3089 Rogerus
1621 3042 1847 3082 Hovedenfi53
1871 3041 2024 3080 Gregorius
2046 3038 2107 3070 Pa-

1231 3105 1275 3138 pa
1287 3120 1298 3136 ‚
1324 3099 1481 3129 Servorum
1494 3099 1550 3128 Dei
1561 3097 1673 3128 servus
1689 3117 1698 3132 ‚
1719 3101 1774 3134 per
1793 3098 1882 3123 totum
1903 3088 2038 3120 Italicum
2049 3089 2107 3120 Re.

1230 3158 1325 3190 gnum
1337 3147 1370 3180 Θ·
1382 3145 1591 3179 Theutonicum
1601 3144 1730 3177 debitam
1749 3137 1855 3173 sanilo
1867 3139 1955 3169 Petro
1965 3136 2106 3170 obedien·

1235 3203 1311 3229 tiam
1336 3195 1541 3229 exhibentibus
1569 3193 1751 3236 apostolicam
1778 3187 2016 3220 Benediciionem
2036 3212 2043 3218 .
2072 3188 2106 3219 Β

1235 3244 1360 3289 quisunt
1379 3246 1542 3284 Presbyteri
1561 3269 1571 3284 ,
1599 3243 1738 3277 Dinoni,
1766 3234 1961 3277 subdiaconi,
1988 3242 2039 3280 qui
2051 3239 2105 3277 ja·

1233 3305 1297 3329 cent
1318 3302 1350 3328 in
1370 3300 1491 3328 crimine
1507 3292 1708 3338 fhrnicationi's
1730 3311 1741 3327 ,
1768 3289 1972 3320 interdicimus
2000 3293 2042 3319 eit
2062 3296 2103 3318 ex

1230 3340 1320 3388 parte*
1328 3349 1544 3387 omnipotentis
1558 3342 1633 3378 Dei,
1658 3339 1691 3370 ei
1703 3336 1879 3369 authoritate
1893 3335 1993 3369 sanai
2007 3337 2102 3374 Petri,

1234 3402 1384 3430 introitum
1408 3391 1557 3433 Ecclefiae‚
1582 3387 1670 3431 usque
1690 3388 1761 3420 dum
1784 3387 1941 3419 emendent
1964 3387 2106 3426 &pomt-

1232 3454 1331 3480 teant.
1358 3445 1597 3485 siquiautemin
1605 3434 1978 3486 peccatofiioperseveraw
1988 3436 2101 3475 ’ΜΨ
2118 3449 2178 3486 Aa.
2196 3461 2284 3490 1075-

1969 3489 2033 3523 rint
2043 3507 2056 3528 ‚
