2352 3736
315 227 461 262 »Prima
472 225 603 270 quaesti‘o
613 224 659 258 est
673 248 683 265 ‚
711 224 797 272 Quis
821 221 918 258 fuerit
940 221 1009 262 ejus
1031 221 1195 256 transmit·

301 277 391 314 tendi
402 276 539 318 scopus?
565 273 762 317 Respondeo
776 276 907 316 scopum
919 270 981 304 esse
1012 270 1109 306 nobis
1127 271 1191 314 jam

301 325 450 362 dictuma
463 324 581 358 Sancto
592 324 805 359 Innocentio:
835 325 873 355 Ut
882 317 918 363 se
937 321 958 352 ἂ
986 320 1084 360 nostra
1109 326 1193 355 Com-

301 381 453 414 munione,
474 372 644 418 praesertim
667 376 719 407 illa
742 375 813 413 die,
840 382 898 405 non
915 371 1055 412 judicent
1074 370 1192 415 [epara-

300 437 361 459 tos.
389 423 529 459 Ecclesia
558 449 569 465 ,
594 425 684 467 juxta
709 424 864 458 Sanstum
886 421 1071 463 Martyrem
1097 424 1193 468 lgna-

298 476 401 515 tium,
431 486 500 509 non
523 475 568 510 est
589 472 678 508 aliud
697 498 709 514 ,
735 473 833 517 quam
858 472 999 517 populus
1026 472 1191 517 Episcopo

297 524 478 559 adunatus.
507 525 690 568 Episcopus
714 523 885 559 Christum
898 523 1110 564 Dominum,
1134 534 1190 558 aut

296 575 398 609 etiarn
416 576 529 609 Deum
552 575 684 609 Patrem
705 575 907 618 repraesentat
933 598 944 614 ,
981 573 1123 617 ideoque
1148 573 1190 608 ab

295 631 357 666 illo
378 639 434 672 per
456 628 628 662 laceratam
657 625 942 659 communionem
969 624 1131 658 dissociari
1143 624 1188 658 est

295 679 471 715 exordium
497 688 597 722 atque
623 678 735 720 imago
763 675 853 709 illius
875 674 1046 708 tremenda:
1062 675 1193 717 'separa-

293 730 397 764 tionis
419 754 430 770 ,
456 741 520 774 qua
546 727 736 763 Ventilator
763 725 797 759 δε
818 725 932 759 Pastor
956 725 992 758 in
1019 725 1191 769 magnoil-

293 780 329 815 lo
352 778 407 814 die
428 781 534 824 paleas
560 779 578 812 a
599 778 735 816 tritico,
762 777 796 809 &
822 774 931 810 haedos
957 774 998 808 ab
1025 777 1120 819 agnis
1147 776 1191 808 se-

291 830 420 876 parabit
441 828 476 864 in
511 830 624 874 ignem
664 836 848 861 aeternum‘.
890 826 974 873 Qae
1003 823 1190 860 dissociatio

292 881 468 926 praesertim
482 879 628 915 cavenda
651 877 697 910 est
724 877 759 910 in
774 874 881 910 nostra
902 874 1124 917 Ecclesiastica
1135 887 1188 910 an-

291 940 327 965 te
351 931 511 965 Divinam
535 927 742 971 Majestatem
763 925 962 969 Apparitura
984 949 991 956 .
1033 925 1189 960 Cavenda

291 981 362 1016 illic
385 981 430 1016 est
452 980 563 1015 omnis
586 979 832 1022 parasynagoga
855 977 890 1010 δε
917 975 1084 1009 Altarium
1106 975 1190 1009 divi-

292 1032 354 1066 fio.
382 1033 425 1066 Et
449 1031 529 1065 hinc
565 1028 734 1063 nobilibus
767 1027 932 1071 pagorum
966 1025 1189 1066 Domicellis,

292 1093 331 1116 ut
355 1082 527 1125 praecipuas
546 1080 625 1115 anni
648 1077 872 1117 Festivitates,
901 1086 970 1110 non
998 1076 1034 1109 in
1062 1077 1116 1111 sua
1130 1076 1190 1111 Pa-

291 1131 409 1167 rochia
435 1132 522 1176 apud
547 1130 617 1173 ejus
644 1128 899 1171 Presbyterum,
925 1126 979 1160 sed
995 1126 1082 1169 apud
1096 1127 1189 1160 suum

292 1182 495 1226 Episcopum
529 1189 629 1227 agant
655 1179 691 1213 in
719 1175 914 1212 Cathedrali
942 1176 1100 1210 Civitatis
1127 1177 1188 1210 Ec-

291 1234 404 1274 clesia,
431 1230 536 1278 rigide
562 1229 722 1265 mandant
751 1228 930 1262 Gallicanae
955 1226 1083 1269 Synodi
1103 1251 1114 1267 ,
1144 1227 1188 1260 A-

290 1283 456 1329 gathensis
476 1308 486 1323 ,
518 1283 621 1327 prima
649 1278 889 1315 Aurelianensis
913 1301 925 1317 ,
963 1277 1187 1320 Epaonensis,

289 1332 527 1373 Arvernenfis‚
556 1333 591 1366 &
618 1331 722 1375 prima
750 1327 1002 1363 Matisconeusis
1018 1355 1028 1361 .
1058 1326 1184 1362 Unitas

289 1385 334 1418 est
364 1384 513 1418 Ecclefiae
538 1381 622 1416 aded
650 1380 829 1414 necessaria
850 1400 862 1420 ‚
905 1387 941 1413 ut
976 1378 1082 1421 ipsum
1118 1386 1186 1411 tan-

289 1434 388 1479 quam
416 1431 699 1468 fundamentalem
726 1429 904 1464 articulum
943 1428 977 1462 &
1004 1428 1041 1461 in
1081 1428 1186 1462 Nicae-

288 1496 337 1520 no
365 1486 419 1519 seu
446 1479 850 1524 Constantinopolitano,
878 1479 912 1512 &
939 1477 974 1510 in
986 1476 1184 1520 Apostolico

289 1534 458 1578 Symbolo
485 1531 636 1577 quotidie
661 1530 891 1574 profiteamur.
919 1527 1060 1561 Ecclesia
1086 1528 1182 1561 estil-

288 1584 355 1619 lius
380 1582 466 1619 adeo
492 1591 605 1617 amans
624 1605 636 1622 ,
665 1589 701 1614 ut
727 1588 798 1613 tota
825 1577 884 1611 sub
911 1588 979 1611 uno
1019 1576 1182 1620 Episcopo

290 1635 323 1669 δε
349 1635 391 1669 ad
417 1645 522 1669 unum
550 1631 665 1666 Altare
691 1627 824 1664 adorare
850 1627 950 1668 velit,
977 1635 1075 1668 atque
1086 1628 1130 1660 ita
1143 1627 1180 1660 ad

286 1685 390 1719 instar
413 1686 476 1718 suae
499 1681 631 1717 caelestis
654 1679 780 1712 Sororis
802 1679 873 1710 suas
888 1677 1035 1718 »synaxes
1047 1676 1101 1708 seu
1116 1675 1182 1718 Ap.

286 1736 447 1779 parituras
459 1731 619 1768 celebrare
631 1754 639 1761 .
667 1726 793 1762 Verum
805 1726 881 1769 quia
897 1735 953 1768 per
960 1733 1078 1759 omnes
1090 1735 1183 1758 mun.

286 1785 324 1820 di
347 1786 456 1830 plagas
479 1778 748 1818 diffusa.‘est‚'&
770 1774 988 1818 multiplicata
1011 1773 1102 1816 supra
1128 1785 1183 1807 nu-

286 1847 436 1876 merum,
463 1832 549 1867 istud
573 1829 618 1865 est
640 1824 987 1871 impoffibne5dividi
1008 1822 1120 1858 debuit
1147 1825 1180 1857 in

286 1886 393 1921 varias
405 1884 537 1919 Classes
550 1882 603 1916 seu
614 1877 802 1918 DJoeceses,
823 1875 942 1921 quibus
954 1883 1064 1910 tamen
1080 1875 1183 1919 praees-

284 1937 335 1972 :l'et
357 1934 476 1970 unicus
498 1933 552 1966 seu
584 1930 764 1973 Episcopus
786 1928 840 1962 seu
865 1925 1058 1970 Presbyter,
1083 1936 1181 1969 atque

283 1988 333 2022 ita
360 1984 495 2030 quisque
519 1981 578 2016 sub
610 1981 669 2015 suo
696 1977 835 2023 populus
862 1978 1006 2021 supernae
1028 1975 1183 2011 Civitatis

281 2037 447 2071 unitatem
459 2034 712 2079 repraesentaret.
742 2030 800 2079 Ex<
809 2027 927 2067 eodem
941 2027 1103 2071 principio
1115 2025 1183 2071 plu-

283 2099 335 2122 res
356 2085 438 2121 olim
460 2084 627 2119 Civitates
638 2093 708 2116 non
733 2079 916 2113 habuerunt
937 2078 996 2111 nisi
1010 2077 1180 2111 Basilicam

283 2137 420 2172 unicam
446 2136 481 2170 ὅ(
503 2134 641 2169 unicum
664 2131 802 2179 Altare:
832 2130 914 2175 Qo
936 2127 1003 2171 ejus
1024 2129 1131 2162 omnis
1144 2127 1182 2161 E-

284 2189 424 2233 piscopo
448 2185 611 2220 adunatus
630 2180 779 2224 Populus
800 2180 958 2213 Domino
979 2178 1102 2212 Deoin
1114 2177 1182 2212 dies

285 2246 454 2285 appareret
470 2262 476 2268 .
504 2235 600 2282 Qin
623 2234 656 2267 &
671 2231 817 2276 pluribus
827 2228 1075 2273 Episcopalibus
1088 2229 1181 2263 Dioe-

282 2289 410 2325 *cetibus
432 2286 538 2321 nullas
562 2283 743 2329 aliqnando
764 2281 863 2315 fuisse
895 2280 1074 2314 rusticanas·
1102 2279 1180 2312 Basi-

281 2340 371 2375 Zicas
402 2348 459 2373 aut
493 2334 576 2369 Aras
600 2360 611 2376 ,
646 2332 788 2368 faciliter
821 2330 917 2374 poffit
947 2328 1182 2364 demonstrari.

281 2390 335 2424 -Et
360 2389 438 2423 hinc
462 2384 656 2421 Donatistas
678 2409 688 2425 ,
728 2379 818 2426 quod
849 2380 895 2416 ob
919 2381 1013 2415 suum
1045 2378 1180 2413 schisma

285 2438 465 2474 *secundam
488 2438 522 2471 in
546 2436 611 2469 suis
635 2433 836 2468 Civitatibus
856 2431 1086 2465 exstruxissent
1111 2430 1180 2480 *Baf

289 2491 416 2523 silicam
429 2514 438 2529 ,
461 2488 512 2521 uti
522 2486 563 2520 de
583 2482 858 2528 perniciociffimo
871 2492 968 2524 opere
981 2481 1090 2524 arguit
1101 2481 1182 2514 Sana

289 2542 362 2573 «Eius
386 2540 530 2581 Optatus
555 2535 736 2578 Episcopus
755 2532 990 2566 Milevitanus.
1016 2531 1178 2567 Sic·enim

291 2590 408 2623 Altare
427 2594 597 2620 erexerant
630 2594 746 2617 contra
780 2580 917 2619 Altam,
948 2582 983 2614 &
1014 2579 1180 2622 Populum

288 2639 328 2673 in
346 2638 469 2674 diversa
492 2634 619 2670 Altaria
631 2645 668 2667 ac
681 2633 861 2676 Episcopos
872 2629 1046 2664 diviserant
1058 2648 1066 2656 ·
1086 2629 1181 2662 Hinc

286 2691 375 2725 item
398 2687 512 2722 Altare
533 2686 657 2729 erigere
678 2691 793 2717 contra
819 2680 935 2715 Altare
958 2680 1004 2713 est
1036 2677 1179 2723 phrasis,

293 2751 360 2785 qua
389 2736 516 2781 antiqui
550 2732 731 2768 Christiani
763 2732 1002 2765 consueverunt
1028 2727 1182 2765 ,schisma

287 2790 475 2834 exprimere
495 2812 502 2819 .
531 2785 658 2820 Eadem
690 2783 731 2817 de
761 2782 856 2816 causa
886 2780 971 2815 duos
1010 2780 1044 2813 in
1066 2779 1181 2814 eadem

291 2841 444 2875 Civitate
462 2836 642 2881 Episcopos
661 2832 836 2876 disciplina
856 2829 964 2866 nostra
985 2829 1048 2864 fuit
1059 2831 1181 2872 semper

297 2892 451 2925 aversata.
475 2886 661 2923 Numerosa
676 2882 868 2918 ‘Christiani
891 2879 1005 2925 populi
1025 2878 1182 2922 multipli-

298 2941 386 2975 catio
408 2937 545 2974 taudem
567 2934 678 2980 coegit
700 2933 736 2967 in
756 2931 873 2967 eadem
904 2931 1005 2965 etiam
1038 2928 1182 2962 Civitate

299 2989 511 3033 multiplicari
527 2985 705 3026 Basilicas,
727 2984 761 3018 &
782 2992 951 3024 unam-per
962 2979 1159 3022 Episcopum
1170 3000 1182 3018 ,

302 3040 378 3074 alias
399 3041 468 3085 regi
493 3050 547 3083 per
570 3035 782 3078 presbyteros
803 3057 814 3074 ,
838 3041 936 3075 atque
957 3029 1002 3064 ita
1023 3028 1181 3073 populum

302 3087 408 3123 dividi
438 3091 473 3123 in
503 3088 641 3123 diversas
674 3083 890 3128 Apparituras
913 3107 920 3114 .
953 3080 1102 3114 Eandem
1135 3078 1183 3112 ob

293 3137 464 3172 unitatem
484 3140 639 3181 antiquus
658 3136 725 3170 Dei
748 3134 886 3178 populus
908 3142 977 3165 non
1000 3129 1114 3164 habuit
1124 3128 1182 3163 nisi

293 3187 443 3221 'unicum
464 3187 577 3221 Altare
597 3189 631 3221 &
651 3185 837 3228 Templum
857 3207 868 3225 ‚
906 3180 986 3216 alibi
1006 3180 1183 3214 sacrificare

294 3244 364 3271 'aut
384 3246 537 3277 vapparere
560 3248 630 3271 non
652 3235 761 3279 potuit
775 3258 786 3275 ‚
806 3234 841 3268 &
863 3232 973 3267 omnis
999 3230 1095 3265 fimul
1114 3230 1182 3274 jun-

307 3282 378 3320 stus'
400 3284 513 3318 debuit
536 3284 569 3316 in
589 3286 706 3328 quovis
728 3296 821 3319 anno
841 3282 883 3317 ad
905 3281 992 3316 istud
1016 3290 1181 3325 apparere.

295 3330 431 3369 'Nostra
447 3331 627 3368 multitudo
650 3333 714 3367 hoc
735 3345 803 3367 non
827 3332 968 3376 patitur.
995 3331 1088 3366 Hinc
1107 3340 1183 3364 cuu-

295 3387 379 3421 ⁷&os
403 3383 515 3419 saltem
548 3380 686 3414 Nobiles
707 3393 743 3414 ac
777 3383 971 3416 Honoratos
998 3393 1074 3415 cum
1101 3381 1182 3420 suo,

310 3436 388 3473 licet
409 3444 479 3472 nou
499 3431 590 3476 Papa
610 3437 666 3466 aut
685 3428 891 3473 Patriarcha,
915 3432 1030 3467 saltem
1052 3431 1182 3476 Episco-

1225 2080 1228 2107 l

1225 2058 1228 2066 ,
1241 2030 1331 2063 donec
1341 2030 1502 2063 exhalaret
1512 2027 1653 2072 splritum
1664 2053 1670 2060 .
1683 2031 1729 2062 Et
1738 2029 1872 2062 revoluto
1880 2030 1947 2070 ejus
1957 2035 2073 2071 corpore
2079 2025 2131 2070 sa-

863 138 1078 183 *Dis
1115 152 1259 186 sien
1295 140 1734 188 T'‘A‘·1·1›ous‘·'

1256 234 1299 268 po
1323 225 1653 267 apparere‘Domino
1672 229 1749 274 Deo
1765 230 1804 263 'in
1823 230 1985 274 praecipuis
1997 229 2134 266 Festivia

1257 274 1378 309 tatibus
1387 299 1399 315 ,
1428 275 1565 309 laudatae
1576 275 1708 319 ¹Synodi
1720 278 1903 321 jusserunt.N
1919 281 2037 327 Qodi
2042 282 2138 324 psum

1257 325 1297 359 ab
1319 323 1477 359 omnibus
1498 325 1720 370 presbyteris,
1747 327 2136 370 Diaconis.,2&.›⁴,Clei-i÷

1256 375 1301 408 cis
1323 397 1337 415 ,r
1362 386 1445 419 quos
1457 377 1570 420 utique
1593 377 1728 421 propriae
1747 378 1909 413 Ecclesiae
1921 380 2136 418 neefflarium

1256 424 1473 460 ministerium
1494 438 1563 461 non
1587 428 1785 468 detinuerit,
1822 428 1895 463 fieri
1913 427 2049 465 mandat
2072 429 2141 474 lag--

1254 473 1330 509 data
1351 476 1507 519 synodus
1529 478 1797 512 Matisconenfis.
1824 478 1870 512 Et
1891 478 2057 524 inansti
2067 478 2138 521 ivo·

1256 526 1306 560 uis
1337 527 1481 561 Decreto
1510 526 1666 563 habemus
1693 527 1783 562 hunc
1810 528 1984 564 Canonem
2006 541 2013 561 :
2041 530 2146 567 sma-

1254 578 1338 610 dotes
1351 601 1362 617 ,
1388 583 1439 620 qui·
1462 583 1496 610 in
1515 583 1633 612 circuitu
1655 579 1745 613 Urbis
1766 576 1837 622 sunt
1856 603 1871 620 ,
1905 588 1959 613 aut
1984 584 2016 612 in
2035 580 2138 613 eadm

1254 627 1354 667 Urbe,
1382 630 1560 670 &populus
1580 635 1725 663 inunum
1746 630 1791 662 ad
1799 629 1952 671 publicam
1973 627 2141 672 Missurum
2156 635 2234 665 Parte
2258 639 2286 664 2.'

1254 677 1486 711 celebrationem
1497 685 1674 712 conveniant
1687 704 1694 711 .
1719 679 1762 713 Et
1772 680 1838 722 jure
1851 679 1968 714 merito
1980 704 1987 712 .
2002 679 2138 715 Etenim
2153 685 2180 706 Θ·
2212 685 2277 712 1¹9·

1255 728 1301 761 nti
1317 728 1498 771 Apostoli&
1511 728 1644 763 Christo
1657 730 1827 769 Domino,
1838 741 1893 764 aut
1904 730 2014 765 Sansti
2025 728 2139 774 Ange-

1254 776 1278 811 li
1297 777 1317 810 a
1338 779 1463 813 Divina
1486 779 1653 822 Majestate
1685 791 1854 822 nunquam
1883 781 2058 815 abfuerunt
2078 789 2138 815 aut

1253 827 1392 870 absunt,
1419 830 1464 863 ita
1485 829 1519 862 ὅς
1543 829 1665 863 Clerici
1689 830 1730 863 ab
1753 829 1938 874 Episcopo,
1962 830 2136 874 praesertim

1244 876 1332 911 dum
1346 878 1513 922 publicam
1526 879 1757 923 Apparirutam
1772 879 1938 921 celebrat,
1961 882 2138 923 nunquam?
2156 891 2159 894 ’

1252 926 1406 963 deberent
1425 929 1621 974 disgregari.
1661 929 1760 965 Certe
1777 930 1833 973 qui
1856 929 1901 964 ob
1924 932 2134 967 necessarium

1253 977 1391 1014 aliarum
1413 978 1620 1013 Basilicarum
1648 980 1868 1015 ministerium
1900 991 1970 1015 non
2001 981 2134 1022 possunt.

1253 1039 1321 1062 non
1347 1028 1525 1072 disgregari
1545 1040 1702 1072 corpore,
1729 1031 1919 1074 congregari
1942 1030 2062 1064 debent
2075 1030 2136 1073 spi-

1244 1078 1316 1115 ritu
1335 1077 1369 1110 δε
1390 1088 1519 1112 mente.
1546 1079 1640 1112 Hinc
1663 1087 1699 1111 ut
1720 1078 1786 1112 illis
1807 1091 1866 1122 pro
1877 1080 2066 1115 Dominicis
2078 1091 2136 1123 pu-

1252 1127 1344 1163 blicae
1364 1128 1571 1172 Appariturae
1592 1128 1708 1163 diebus
1730 1129 1910 1162 mitteretur
1930 1129 1972 1164 ab
2000 1130 2136 1172 Episco-

1251 1189 1294 1221 po
1308 1178 1536 1222 Symbolicum
1547 1179 1806 1213 Communionis
1825 1179 2041 1219 fermentum,
2062 1180 2136 1216 ,san-

1249 1228 1300 1261 xit
1323 1228 1546 1264 MelchiadeS.
1575 1230 1707 1263 siricius
1729 1228 1836 1262 voluit
1858 1230 2055 1278 tantamefle
2065 1228 2136 1271 ejus

1251 1279 1469 1314 necellitatem
1481 1304 1492 1320 ‚
1520 1291 1562 1313 ut.
1578 1279 1752 1322 Presbyter
1764 1303 1775 1319 ‚
1800 1279 1855 1322 qui
1879 1279 1986 1322 ipsum
2005 1290 2073 1313 non
2085 1290 2135 1312 ac·

1249 1330 1379 1372 cepisset
1391 1331 1425 1363 in
1442 1330 1496 1364 die
1506 1330 1687 1364 Dominica
1701 1354 1711 1370 ,
1724 1345 1726 1347 ·
1738 1339 1792 1372 per
1801 1340 1938 1364 omnem
1944 1330 2135 1372 sequentem

1249 1379 1462 1422 septimanam
1498 1380 1574 1414 esset
1595 1380 1612 1414 a
1635 1380 1809 1414 Missarum
1832 1379 2054 1414 celebratione
2073 1379 2135 1413 sus·

1250 1430 1382 1472 pensus.
1411 1431 1513 1478 Qod
1537 1430 1650 1465 diebus
1674 1430 1864 1464 Dominicis
1875 1429 2136 1470 mittereturstiae

1248 1480 1327 1514 serre
1338 1481 1476 1514 affirmat
1491 1481 1626 1514 &iustus
1641 1480 1853 1514 innocentius
1868 1504 1875 1511 .
2103 1503 2106 1506 .

1297 1530 1410 1564 Altera
1433 1530 1565 1574 quaestio
1587 1531 1656 1570 est,
1684 1530 1738 1563 An
1764 1532 1794 1564 S.
1815 1528 2022 1565 Melchiades
2044 1527 2134 1564 hunc

1245 1580 1486 1613 transmittendi
1500 1580 1652 1614 fermenti
1662 1591 1787 1614 morem
1799 1581 1922 1622 primus
1934 1580 2133 1617 instituerit?

1246 1627 1444 1672 Respondeo
1467 1630 1621 1674 negative
1641 1654 1647 1660 .
1684 1628 1764 1663 Mos
1782 1630 1842 1662 iste
1862 1631 1907 1663 est
1929 1628 2031 1674 longe
2050 1629 2135 1663 anti-

1243 1678 1341 1719 quior
1353 1703 1361 1710 .
1392 1679 1528 1712 Etenim
1537 1680 1579 1713 de
1592 1680 1621 1713 S.
1634 1680 1793 1712 Romana:
1803 1678 1949 1715 ‚Ecclesiae
1961 1678 2137 1721 Acolytho

1245 1726 1279 1759 δε
1293 1726 1441 1769 Martyre
1454 1726 1626 1763 Tharsitio
1640 1728 1750 1763 scribit
1763 1729 1954 1763 Romanum
1966 1729 2139 1771 Martyroo

1247 1776 1392 1820 logium:
1421 1780 1526 1810 Rvmae
1538 1802 1547 1817 ‚
1565 1783 1619 1811 via
1631 1782 1751 1819 Appia,
1778 1777 2028 1819 Sanc‘li.Tharfitu
2040 1779 2136 1817 Acohr

1244 1824 1310 1867 thl,
1336 1838 1421 1868 quem
1435 1830 1555 1872 Paganl
1564 1825 1826 1870 cuminvemssent
1850 1832 1989 1870 Cor-poris
2012 1831 2134 1865 Domini,

1244 1878 1438 1914 sacramenta
1444 1886 1620 1919 portantem
1634 1903 1644 1918 ‚
1670 1886 1818 1919 coeperunt
1829 1876 1990 1921 disquirere
2000 1878 2132 1922 qu1dge÷

1243 1936 1321 1961 reret
1334 1952 1341 1959 .
1359 1929 1413 1961 Ille
1426 1930 1730 1971 indignumjudicans
1736 1933 1834 1970 porcis
1843 1930 1970 1970 prodere
1981 1931 2135 1972 Marganv

1242 1988 1293 2016 ¹tas
1305 2003 1316 2019 ,
1326 1980 1442 2013 tamdiu
1455 1979 1494 2011 ab
1505 1980 1564 2012 illis
1578 1977 1728 2012 mallatus
1739 1977 1912 2020 estfustibus
1924 1978 2139 2025 &lapidibussss

1243 2081 1344 2123 crilegt'
1360 2079 1532 2123 discussores
1546 2075 1886 2114 nihttsa'cramemorum
1898 2073 2006 2117 christi
2016 2083 2048 2111 m
2066 2088 2135 2126 mas-⁴

1242 2129 1328 2162 nibus
1339 2136 1438 2163 autin
1454 2131 1582 2171 vestibus
1596 2135 1795 2164 invenerunt.
1821 2129 1870 2162 Ut
1884 2126 1958 2161 *haec
1981 2127 2132 2172 Pagone».

1242 2189 1315 2213 rum
1327 2179 1500 2215 insblentia
1515 2182 1600 2215 intra
1613 2180 1748 2215 Urbem
1773 2180 1862 2213 fieret
1874 2203 1885 2218 ,
1913 2177 2023 2213 urbica
2038 2175 2137 2215 disci-2

1242 2229 1332 2272 plina
1348 2242 1414 2264 non
1428 2232 1491 2266 fuit
1503 2230 1587 2273 passa
1609 2255 1616 2263 .
1644 2231 1738 2264 Fasta
1751 2229 1815 2263 fuit
1825 2229 1915 2263 extra
1927 2226 2132 2271 portascirea

1242 2280 1439 2315 Coemeteria
1456 2306 1463 2313 .
1477 2278 1609 2325 Nempe
1619 2279 1803 2315 Tharfitius
1812 2279 1852 2314 ad
1865 2277 1983 2314 horum
1995 2277 2135 2321 Presby-

1241 2341 1327 2365 teros
1339 2330 1530 2375 deportabat
1542 2332 1665 2366 sacrum
1677 2331 1872 2365 fermentum
1890 2353 1898 2362 .
1926 2328 2030 2377 Qod
2040 2329 2134 2365 enim

1245 2392 1300 2424 per
1313 2380 1503 2424 Acolythos
1514 2381 1738 2426 deportaretur
1749 2405 1759 2421 ,
1776 2379 1891 2414 diserte
1904 2379 2043 2416 affirmat
2055 2379 2134 2415 Sam

1247 2433 1314 2466 stus
1335 2431 1548 2466 Innocentius
1566 2457 1573 2464 .
1601 2433 1636 2466 Si
1661 2427 1902 2474 conjecturandi
1926 2429 2021 2464 detur
2030 2427 2131 2464 facul«

1247 2492 1317 2520 tas,
1342 2482 1450 2516 dicam
1476 2482 1560 2516 istud
1582 2482 1784 2525 Martyrium
1803 2479 1896 2514 fuisse
1914 2481 2063 2518 causam,
2086 2486 2131 2512 ex

1248 2543 1310 2575 qua
1336 2533 1462 2567 sacrum
1482 2533 1679 2567 fermentum
1701 2531 1855 2574 deinceps
1874 2529 1918 2564 ad
1939 2528 2030 2562 -solas
2063 2525 2132 2561 Ur·

1247 2580 1295 2615 bis
1315 2582 1464 2616 Basilicas
1483 2606 1496 2622 ,
1531 2594 1600 2617 non
1622 2583 1710 2616 foras
1729 2581 1772 2615 ad
1791 2578 1987 2614 Coemeteria
2012 2575 2132 2612 deferri

1246 2631 1416 2666 statuerint
1440 2632 1587 2667 Romani
1611 2631 1789 2665 Pontifices
1805 2650 1813 2660 ·
1849 2629 1930 2661 Hoc
1953 2628 2043 2664 sacro
2066 2626 2134 2669 ple-

1247 2692 1295 2714 nae
1317 2694 1391 2716 cum
1420 2682 1479 2716 suo
1501 2682 1666 2725 Episcopo
1690 2677 1937 2713 communionis
1967 2675 2133 2721 Symbola

1246 2731 1317 2774 plus
1336 2732 1531 2775 indigebant
1558 2730 1701 2764 forenses
1721 2726 1922 2769 Presbyteri,
1953 2725 2051 2769 quam
2073 2725 2132 2759 Ci-

1246 2781 1418 2815 vitatenses
1441 2804 1452 2820 ,
1478 2778 1590 2822 utpote
1617 2778 1809 2813 remotiores
1830 2776 1871 2811 ab
1903 2776 2007 2810 oculis
2038 2776 2131 2820 Epis-

1243 2834 1339 2873 copi,
1366 2827 1504 2873 ideoque
1528 2829 1565 2863 in
1589 2829 1714 2872 lapsum
1733 2826 1915 2862 faciliores.
1943 2825 2130 2874 Qiodigi·

1245 2889 1296 2913 tur
1315 2880 1422 2923 ipsum
1446 2891 1516 2918 non
1538 2877 1639 2924 longe
1669 2877 1865 2922 portandum
1898 2876 2028 2915 duxerit
2056 2875 2129 2910 Ro-

1245 2941 1341 2964 mana
1364 2930 1525 2970 Ecclesia,
1551 2929 1646 2963 suafit
1667 2927 1824 2963 Tharsitii
1846 2927 1935 2961 casus
1954 2950 1966 2966 ,
1990 2925 2044 2958 cui
2065 2935 2125 2958 nec

1246 2981 1318 3014 suos
1342 2979 1529 3022 Acolythos
1553 2991 1615 3014 nec
1635 2980 1741 3024 ipsum
1766 2978 2011 3013 Sacramentum
2022 2985 2127 3018 pater-

1246 3042 1287 3065 na
1308 3029 1511 3065 Pontificum
1532 3030 1736 3074 providentia
1768 3027 1875 3063 voluit
1895 3024 2034 3069 amplius
2055 3024 2133 3058 sub-

1245 3080 1365 3122 jacere.
1394 3081 1569 3127 Qidquid
1589 3081 1628 3114 sit
1648 3080 1690 3115 de
1707 3078 1771 3113 hoc
1789 3078 1910 3120 punito
1926 3099 1937 3116 ,
1965 3074 2061 3108 istum
2073 3076 2130 3108 de-

1247 3130 1397 3174 portandi
1421 3132 1521 3165 ritum
1543 3131 1631 3174 apud
1651 3131 1729 3164 alias
1739 3129 1837 3162 etiam
1847 3135 1962 3171 gentes
1972 3126 2035 3159 effe
2046 3125 2130 3162 anti:

1246 3181 1432 3224 quiffimum
1455 3206 1467 3222 ,
1508 3181 1620 3215 suadet
1651 3181 1684 3214 in
1705 3176 1844 3212 secunda
1872 3175 2026 3220 apologia
2051 3176 2131 3210 San-

1246 3235 1310 3266 &us
1331 3232 1461 3276 Martyr
1483 3231 1647 3275 Iustinus,
1665 3225 1873 3262 Eucharistiae
1885 3227 2056 3263 veritatem
2073 3223 2132 3259 de-

1248 3282 1385 3316 scribens
1406 3282 1598 3326 insigniter,
1621 3290 1715 3321 atque
1727 3277 1931 3320 adjungens:
1960 3275 2026 3315 Post
2036 3275 2129 3316 quim

1250 3331 1416 3373 Praestdens
1425 3337 1596 3375 gratiarum
1615 3329 1759 3362 amonem
1779 3328 1955 3368 complevit,
1973 3329 2025 3366 qui
2042 3324 2130 3363 apud

1247 3393 1297 3415 nos
1308 3383 1601 3421 vocanturDiaconI,
1628 3377 1803 3415 distribuunt
1824 3381 1976 3417 unicuique
1993 3370 2128 3414 praesen-

1247 3439 1343 3475 tium,
1369 3437 1401 3467 in
1412 3430 1549 3477 quoafft'ae
1555 3428 1627 3474 sunt
1642 3434 1774 3473 grathe,
1795 3435 1929 3470 panem,
1955 3427 2063 3456 vinum
2090 3423 2124 3455 ⁶&

1951 3483 2079 3514 aquam,
