2352 3736
93 2138 165 2176 Cap,
177 2145 224 2173 33.

91 2480 232 2514 L·3·c-45

300 68 321 84 νν-

530 132 618 161 DE
690 116 730 159 S.
804 114 1136 158 Leole

267 205 309 240 Et
322 212 357 237 ut
369 203 531 237 evinceret
544 226 554 241 ,
577 198 752 234 Charatzio
764 197 938 242 spopondit
950 195 1065 230 addere
1076 207 1148 230 cen-

266 263 335 287 tum
348 263 479 287 aureos.
506 251 565 285 Ast
589 249 824 284 Berrhaeensem
848 248 1020 281 Ecclesiam
1044 246 1108 289 jam
1128 247 1144 278 a

265 303 415 338 trecentis
434 302 528 335 annis
562 298 939 341 Constantinopolitanae
979 295 1146 331 Cathedrae

265 352 454 396 subjacuisse
467 351 697 386 demonstravit
708 349 892 382 Hieremias
904 372 913 387 ,
941 348 974 395 ὅ(
986 347 1090 391 pergit
1101 346 1145 378 di-

266 405 313 437 sta
330 401 461 437 historia
476 414 483 434 z
511 404 580 445 ‚Quo
590 401 712 440 audito,
739 399 837 440 Bassae
850 395 1064 440 Episcopatum
1078 402 1147 429 Hie-

265 459 365 486 remiae
376 454 611 493 adjudicarunt,
633 449 860 493 subcanditione
881 458 982 480 tamen
1006 456 1039 478 ut
1062 444 1148 477 addi·

266 509 335 537 tion}
343 512 458 537 centum
469 512 626 535 aureorum
636 525 646 540 ,
674 510 764 542 quam
777 497 940 530 Prochorus
945 496 1057 541 fecisset
1070 518 1080 533 ‚
1103 504 1147 526 ac-

265 552 418 597 quiesceret
432 577 438 584 .
465 553 557 595 ‚Quod
565 550 611 583 bic
622 575 633 590 ,
658 560 721 582 cum
734 548 896 581 retractare
907 558 964 579 non
970 545 1060 587 poffet
1073 568 1084 584 ,
1099 543 1148 584 fe-

265 608 320 636 cit.
350 610 408 638 Hoc
420 604 502 635 modo
512 612 633 633 aureum
647 610 764 643 magnae
785 597 875 639 hujus
900 595 1036 637 Ecclefiae
1055 592 1149 625 tribu-

265 663 327 685 tum
349 654 393 685 ad
414 661 540 694 quatuor
559 650 639 682 mille
663 650 697 682 (9·
720 658 837 681 centum
851 651 982 680 Ducatos
990 648 1146 686 pervenit.

265 702 374 749 Qale
385 700 540 735 tributum
554 700 590 733 sit
605 699 689 732 istud
700 697 926 736 Charatzium,
938 696 994 728 suo
1008 693 1083 727 loco
1096 703 1148 725 ex-

265 762 405 795 ponetur
426 775 433 782 .
472 750 515 783 Et
539 748 910 791 Constantinopolitana
925 769 934 784 ‚
972 754 1043 787 quae
1066 743 1148 785 Jose-

265 801 367 844 phum
390 811 541 845 quartum
564 797 784 833 Patriarcham
806 794 1016 840 degradavit,
1042 794 1148 835 Syno-

264 852 323 885 dus
335 848 432 885 habet
445 850 527 884 hanc
552 847 821 889 subscriptionem
834 857 840 876 :
862 842 1018 889 josephus
1042 846 1147 875 Metro-

259 902 360 943 polita
372 901 514 940 Castoriae
524 923 534 938 ,
561 899 596 930 (εἰ
611 895 838 928 Proto-thronus
856 901 945 927 totius
969 895 1125 936 Bulgariae
1136 916 1143 923 .

265 949 474 985 castorienfis
497 947 634 980 Ecclesia
658 946 738 978 olim
762 945 823 977 fuit
846 944 1019 977 Larissenae
1042 941 1147 976 Thes-

264 1001 405 1032 salorum
429 997 610 1039 Metropoli
636 995 853 1039 suffraganea.
883 994 970 1040 Qis
991 1004 1063 1026 eam
1083 1003 1148 1025 ere·

262 1050 346 1081 xerit
369 1051 403 1082 in
428 1046 665 1088 Metropolim,
706 1047 845 1088 ignoro.
872 1044 1007 1076 interim
1029 1041 1146 1075 habere

263 1098 516 1141 Metropolitam
544 1094 841 1129 Proro-Thronum
864 1094 908 1127 est
931 1093 1056 1126 lucidus
1075 1089 1150 1125 cha-

264 1150 499 1190 raCtermagnae
513 1147 545 1180 ὃ(
564 1145 706 1189 potentis
731 1142 994 1186 Autocephaliae.
1022 1142 1146 1175 Talem

264 1198 363 1241 igitur
391 1200 420 1231 se
437 1198 538 1230 etiam
564 1207 643 1229 tunc
666 1193 848 1228 ostentabat
873 1192 1146 1236 Archiepiscopus

265 1248 483 1292 Bulgarorum
508 1272 514 1279 .
553 1245 664 1278 Habes
698 1243 762 1277 haec
786 1246 818 1277 in
845 1245 970 1285 praefata
992 1241 1146 1280 historia,

264 1309 361 1341 quam
375 1297 568 1331 Emmanuel
580 1295 731 1328 Malaxus
743 1293 903 1335 descripsit
918 1317 928 1332 ‚
954 1293 986 1325 ὃ(
997 1290 1037 1324 ad
1051 1292 1137 1324 Mar-

264 1349 371 1382 tii-,um
393 1347 563 1386 crurium
590 1345 734 1387 Philippi
759 1341 985 1376 Melanthonis
1010 1341 1146 1383 discipu-

264 1399 331 1430 lum
347 1421 356 1436 ‚
382 1397 572 1431 transmittit
584 1394 795 1428 Theodosius
808 1393 1007 1436 Zygomalas
1020 1413 1030 1429 ‚
1056 1391 1146 1424 Con·

264 1447 562 1491 ssantinopolitanae
582 1446 727 1478 Ecclesiae
752 1442 1043 1476 Proto-Notarius.
1076 1440 1145 1487 Qii

264 1497 435 1531 Malaxum
448 1497 583 1531 credunt
608 1495 696 1528 istius
719 1492 858 1526 historia.¹
882 1491 1075 1528 authorem,
1102 1501 1147 1523 er-

264 1559 334 1581 rant
347 1547 540 1591 plurimum.
576 1545 704 1578 Malaxi
725 1544 813 1576 enim
837 1542 1008 1583 qualitates
1029 1537 1103 1570 audi
1128 1539 1145 1570 a

264 1597 401 1630 Crufio:
430 1598 573 1629 Malaxus
593 1593 631 1631 est
653 1593 815 1623 admodum
842 1588 957 1631 senex,
994 1588 1146 1629 pueros&

263 1645 488 1688 adolescentulos
501 1646 617 1676 Graecos
630 1648 662 1673 in
691 1638 894 1672 patriarchen,
914 1643 946 1668 in
964 1638 1146 1676 parvula&

263 1693 370 1737 misera
381 1693 448 1736 casa
459 1695 556 1731 docet,
581 1688 673 1732 pisces
679 1687 800 1729 stccatos
819 1693 850 1718 in
862 1696 896 1717 ea
912 1682 1066 1728 suspensos
1091 1682 1145 1715 ha-

263 1745 333 1784 bet,
360 1744 466 1786 quibus
479 1740 606 1784 vescitur
619 1736 679 1781 ipse
699 1748 836 1779 coquens.
868 1736 972 1767 Libros
978 1739 1079 1776 pretio
1091 1734 1142 1766 de-

259 1794 382 1838 scribit.
410 1791 735 1838 ,Quidquidlucratun
761 1792 832 1821 vino
842 1783 962 1830 insumit
981 1808 989 1818 .
1018 1787 1143 1828 Pinguis

266 1847 300 1879 <9⁹
311 1843 440 1885 robustus
453 1843 490 1884 est
503 1868 509 1875 .

313 1895 356 1929 Et
367 1894 408 1928 de
419 1893 563 1927 Triboni
575 1889 659 1937 apud
671 1888 838 1924 Triballos
863 1886 1017 1932 Archiepi
1023 1888 1120 1931 scopo
1132 1911 1142 1927 ,

261 1945 415 1986 quiinter
425 1944 472 1976 sui
486 1943 586 1988 Regis
614 1942 732 1976 Asanis
753 1940 854 1974 filiam
875 1939 908 1972 &
934 1938 1142 1982 Imperatoris

261 1994 396 2038 Joannis
410 1995 512 2027 Dncae
526 1993 632 2025 filiurn
644 1992 786 2035 Legatus
807 1988 1037 2023 conciliaverat
1062 1999 1142 2030 nup·

262 2045 323 2077 tias
344 2045 378 2077 &
396 2044 478 2076 inter
501 2042 642 2085 ipsorum
666 2051 814 2083 parentes
843 2049 955 2082 pacem
977 2063 987 2079 ,
1033 2037 1142 2071 scribit

263 2093 426 2137 Georgius
437 2092 717 2135 Acropolitanus:
754 2095 836 2124 Tunc
859 2088 980 2121 Triboni
1005 2086 1142 2130 Praesul,
1170 2104 1172 2106 ·

261 2143 584 2184 Constantinopolitano
593 2141 732 2174 obnoxius
751 2164 760 2180 ,
784 2143 975 2180 Imperatorio
1000 2149 1035 2170 ac
1061 2139 1141 2175 syno-

262 2195 324 2227 dico
336 2197 457 2226 Decreto
467 2217 477 2232 ,
505 2201 538 2225 ut
552 2190 646 2234 Asano
659 2187 856 2234 Bulgarorum
890 2192 1022 2229 Principi
1046 2188 1140 2229 affini·

261 2245 531 2278 tatis&amicitiae
541 2239 629 2284 causa
638 2240 880 2285 gratificarentur
899 2263 908 2278 ‚
930 2236 982 2280 suo
998 2239 1071 2278 jure
1092 2242 1139 2270 vi-

261 2305 331 2327 vere
346 2319 355 2334 ‚
383 2295 416 2327 (π
430 2291 616 2326 Patriarcbae
645 2296 759 2323 nomine
782 2290 966 2322 condecorari
986 2287 1132 2320 obtinuit.

262 2344 306 2378 Et
315 2344 355 2378 de
367 2343 561 2387 Imperatore
575 2341 770 2375 Andronico
792 2338 933 2373 secundo
952 2336 1139 2381 Palaeologo

261 2395 292 2428 δ(
303 2393 530 2427 Triballorum
543 2392 634 2436 Rege
647 2415 657 2431 ,
684 2401 794 2434 pacem
806 2387 1034 2432 stipulantibus
1047 2411 1058 2426 ‚
1070 2386 1141 2419 scri-

261 2443 310 2477 bit
331 2443 510 2486 Imperator
534 2443 672 2485 joannes
699 2441 964 2474 Cantaeuzenus:
992 2441 1140 2470 Caeterum

261 2494 500 2526 &Triballorum
523 2489 772 2533 Arcbiepiscopum
793 2489 884 2531 adesse
908 2487 1057 2530 oportebat
1070 2511 1080 2526 ‚
1106 2492 1138 2519 in

260 2545 341 2584 culus
353 2541 678 2585 praesentiaJuraretur
694 2566 700 2573 .
727 2544 758 2573 Is
771 2542 790 2573 ἃ
804 2540 892 2572 c'rale
910 2546 1048 2571 evocatus
1070 2547 1139 2569 mox

264 2592 374 2633 adfuit.
404 2595 459 2624 Cui
472 2594 514 2624 ad
527 2593 654 2626 medium
669 2595 739 2624 atrii
746 2590 907 2632 procedens
923 2587 1044 2620 obviam
1062 2590 1139 2619 Cra-

264 2642 305 2673 les
311 2640 442 2681 froenum
457 2647 525 2684 equi
539 2666 549 2682 ‚
577 2653 632 2681 quo
644 2640 807 2674 vehebatur
818 2664 829 2680 ‚
855 2637 1055 2680 apprehendit
1067 2660 1078 2675 ‚
1106 2624 1152 2669 &l

264 2691 423 2728 adlocum,
450 2701 504 2730 quo
529 2689 699 2732 descendere
707 2689 834 2732 solebat,
866 2689 1029 2730 perduxit.
1062 2658 1152 2731 Rexl

265 2739 429 2782 Episcopo
440 2737 588 2772 exhibuit
597 2740 736 2773 stratoris
747 2739 910 2775 officium,
939 2736 1026 2779 quod
1047 2733 1153 2768 illum‘

263 2799 465 2822 veneraretur
484 2813 494 2828 ,
543 2795 579 2820 ut
601 2787 877 2830 independentem
900 2783 1137 2820 patriarcham.

261 2840 305 2873 Et
319 2838 394 2872 hinc
407 2839 541 2879 antiqua
554 2837 674 2870 notitia
688 2837 898 2870 formularum
911 2862 922 2877 ,
954 2835 1071 2879 quibus
1083 2822 1155 2868 1³2st

261 2888 397 2923 triarcha
408 2886 799 2929 Constantinopolitanus
818 2885 952 2919 scribere
971 2885 1140 2919 consuevit

261 2939 396 2973 ada-«lios
411 2938 611 2981 episcopos,
637 2935 733 2969 habet
757 2934 844 2968 hunc
868 2934 1023 2968 titulum.-
1060 2938 1140 2979 ‚Quo-

261 2991 343 3022 modo
371 2987 550 3021 patriarcha
569 2983 682 3030 scripfit
703 2986 746 3016 ad
762 2984 973 3017 Patriarcham
998 2984 1136 3017 TrinobI.

261 3037 304 3072 Et
316 3036 400 3072 hanc
423 3037 620 3071 formulam.-
646 3035 820 3074 sam‘isffime
841 3033 1018 3067 Patriarcha
1040 3037 1138 3067 Trino-

262 3087 334 3120 bi&
346 3093 432 3120 totius
448 3088 600 3130 Bulgariae
614 3092 647 3118 in
658 3085 762 3118 santio
784 3086 896 3126 Spiritu
917 3084 1022 3117 dilec‘Ie
1033 3083 1137 3123 frater

262 3136 364 3176 noslrae
386 3138 615 3176 mediocritatis,
651 3136 685 3169 (9⁹
708 3133 908 3174 comminister
931 3158 939 3165 .
983 3133 1135 3168 Formula

262 3187 418 3220 consonat
445 3187 618 3230 privilegio
644 3185 830 3218 innocentii
858 3183 970 3223 tertii,
995 3183 1050 3226 qui
1070 3183 1136 3217 Ro-

262 3248 364 3269 manae
393 3235 539 3269 Ecclesia:
563 3235 787 3269 obedientiam
814 3233 1018 3277 amplectenti
1053 3233 1134 3267 Bali·

262 3287 307 3319 lio
333 3285 479 3318 Trinobi
508 3285 667 3328 Episcopo
694 3284 782 3318 dedit
816 3282 997 3317 Primatum
1033 3285 1134 3318 totius

262 3334 402 3369 Blachiae
427 3345 524 3376 atque
550 3335 724 3378 Bulgariae.
752 3334 888 3368 Exstant
914 3332 996 3366 Asta
1025 3332 1133 3368 inlau-

260 3385 330 3420 data
361 3383 530 3418 pontificis
557 3384 623 3417 vira
647 3409 653 3414 .
692 3384 802 3417 Etiam
835 3383 940 3419 Pescii
966 3383 1000 3421 in
1028 3383 1132 3420 Servis

356 3433 460 3474 Christ.
476 3437 554 3477 Lupi
567 3438 653 3477 Oper.
666 3436 741 3468 Tem.
752 3436 800 3467 LV.

1207 111 1806 157 No'NiAcrls.
1925 114 2065 174 435'

1208 197 1384 240 Episcopus
1398 220 1408 236 ,
1435 195 1604 231 exarchus
1619 196 1729 231 lberiae
1739 198 1773 231 δε
1784 196 2014 233 Armeniorum
2027 202 2089 235 Ca-

1206 247 1348 282 tholicus
1358 247 1443 291 apud
1456 246 1676 281 schismaticos
1688 247 1819 282 Graecos
1827 249 1956 282 fuerunt
1984 249 2088 283 Auto-

1207 298 1331 340 cephali
1345 323 1355 338 ,
1383 298 1415 331 &
1426 298 1467 331 ab
1481 298 1573 331 omni
1586 297 1729 331 humana
1752 299 1910 340 pooestare
1922 298 2088 341 exempti.

1208 347 1250 380 Et
1265 346 1343 381 hinc
1368 347 1524 390 Iosephus
1545 346 1730 381 Patriarcha
1752 347 2088 390 Constantinopolita-

1208 408 1268 430 nus
1284 422 1293 436 ,
1321 397 1366 431 ob
1386 398 1556 430 simoniam
1569 398 1763 442 degradatus
1773 398 1791 430 ὲ
1802 398 1853 432 sua
1867 397 2003 441 Synodo
2016 422 2026 437 ‚
2052 397 2088 432 δε

1206 446 1246 480 ad
1267 447 1415 490 generale
1436 448 1599 489 appellans
1621 446 1812 482 Concilium
1826 472 1835 487 ‚
1862 448 1989 492 rogavit
2010 459 2088 482 con·

1206 500 1332 540 gregati
1355 508 1417 531 tres
1441 497 1522 530 alios
1547 496 1770 537 Pacriarchas,
1809 498 2090 541 Archiepicopum

1207 546 1421 580 Acridensem
1436 571 1446 586 ‚
1475 546 1769 590 Archiepiscopum
1782 547 1997 588 Pesciensem‚
2025 557 2085 581 nec

1208 608 1273 630 non
1305 598 1336 630 &
1361 608 1476 631 omnes
1501 596 1731 640 Metropolitas
1752 609 1791 631 ac
1813 598 2086 642 Archiepiscopos

1205 646 1286 680 sedis
1312 646 1688 689 Constantinopolitanae
1709 673 1716 679 .
1759 646 1822 682 Uti
1847 647 2085 687 Acridensem,

1206 697 1250 729 ita
1261 697 1294 729 &
1306 696 1507 730 Pesciensem
1519 698 1655 738 aequavit
1667 697 1862 731 patriarchis
1875 722 1886 738 ‚
1912 700 1945 733 &
1966 699 1983 731 a
1996 697 2086 731 Con-

1204 745 1490 789 stantinopolitani
1514 744 1740 788 Metropolitis
1759 747 1793 780 ὃς
1821 746 2089 791 Archiepiscopis

1204 791 1372 829 discrevit.
1413 795 1516 842 Qod
1541 793 1657 838 nempe
1677 795 1826 835 nemini,
1863 796 1923 829 nifi
1949 798 2025 831 Deo
2046 807 2086 831 ac
2102 813 2254 850 L,4,Ep,5,·

1205 845 1350 889 generali
1363 844 1501 888 synodo
1515 854 1703 888 putarentur
1713 843 1851 879 subesse.
1881 845 1960 889 Ejus
1970 845 2086 889 episto·

1207 897 1236 929 la
1249 894 1395 930 exstatin
1417 895 1555 930 Turco-
1568 894 1711 929 Graecia.
1739 892 1843 929 Porro
1863 894 2008 929 Ecclefiae
2028 906 2086 931 aut

1205 945 1434 988 cujuscumque
1448 944 1646 988 Reipublicae
1657 945 1764 979 unitas
1786 945 1866 979 stare
1887 946 1999 989 nequit
2018 946 2085 981 fine

1206 995 1332 1030 unitate
1345 995 1478 1038 capirisz
1504 995 1597 1029 Hinc
1623 994 1742 1029 merito
1761 996 1992 1039 improperavit
2011 995 2087 1029 Bar-

1205 1046 1329 1079 laamus
1355 1046 1494 1086 Graecis,
1520 1044 1607 1087 quod
1629 1045 1871 1088 praevaricentur
1891 1044 1978 1080 hunc
1996 1047 2086 1080 Con-

1206 1095 1490 1138 stantinopolitani
1536 1095 1687 1138 Symboli
1736 1095 1910 1130 articulum
1933 1120 1944 1137 ‚
1989 1099 2087 1129 Unam

1206 1145 1376 1186 Ecclesiam.
1659 1178 1661 1181 ,

1257 1196 1300 1229 Et
1324 1195 1474 1239 adjungit
1495 1195 1535 1230 de
1557 1195 1850 1238 subjefflsistorum
1864 1197 2088 1239 supremorum

1207 1245 1349 1288 capitum
1366 1245 1533 1288 Episcopis
1551 1258 1557 1277 :
1586 1249 1631 1278 Et
1645 1248 1721 1288 quid
1729 1248 1791 1279 dico
1803 1248 1841 1279 de
1861 1247 1930 1278 aliis
1941 1270 1952 1286 ‚
1975 1244 2087 1289 sedne-

1206 1306 1260 1336 que
1273 1301 1442 1337 quicumque
1450 1293 1504 1337 sub
1515 1295 1639 1337 quolibet
1657 1294 1729 1338 sunt
1755 1295 1854 1329 borum
1870 1294 1946 1338 sex,
1974 1301 2018 1328 ita
2038 1296 2087 1328 de-

1207 1346 1274 1378 vote
1280 1343 1312 1387 se
1323 1344 1433 1378 babent
1447 1347 1492 1378 ad
1496 1343 1583 1387 ficum
1595 1354 1684 1387 caput
1695 1370 1705 1385 ‚
1731 1355 1762 1379 ut
1773 1354 1851 1379 metu
1863 1357 1919 1378 non
1926 1347 2084 1387 corporalis

1207 1395 1332 1434 damni,
1356 1394 1412 1436 sed
1420 1401 1529 1429 animae
1539 1397 1718 1436 perditionis
1734 1421 1744 1436 ,
1770 1398 1850 1429 illius
1864 1397 2012 1429 mandata
2035 1406 2086 1428 ve-

1204 1445 1262 1477 lint
1273 1446 1394 1486 implere
1405 1470 1412 1477 .
1435 1444 1667 1479 inobedientiae.
1678 1446 1819 1480 radicem
1831 1445 1955 1490 detegit
1969 1446 2001 1479 in
2014 1445 2087 1478 Me-

1206 1493 1311 1527 ditato
1322 1494 1362 1527 de
1375 1494 1633 1528 patriarcharum
1646 1496 1768 1538 juribus
1793 1495 1994 1529 Theodorus
2016 1495 2087 1528 Bal-

1207 1544 1318 1575 samon
1334 1555 1341 1573 :
1369 1545 1506 1584 =Quidam
1518 1544 1671 1584 perhibent
1684 1545 1761 1578 nibil
1783 1545 1832 1588 effe
1861 1546 2089 1586 impedimento,

1205 1593 1260 1633 quo
1270 1592 1366 1624 minus
1380 1591 1479 1625 ubivis
1490 1591 1632 1631 constituti
1648 1594 1804 1635 Pontifices
1820 1595 1919 1627 eodem
1942 1605 2005 1626 cum
2026 1597 2091 1627 Pa-

1205 1639 1343 1671 marchis
1365 1639 1470 1673 honore
1496 1643 1530 1673 (st
1552 1644 1751 1682 amplitudine
1766 1643 1913 1683 fruantur
1926 1669 1936 1685 ,
1962 1656 2027 1677 cum
2052 1645 2087 1677 &⁸

1204 1687 1259 1729 ipsi
1267 1689 1387 1722 docendi
1397 1689 1574 1732 dignitatem
1581 1689 1641 1732 fint
1665 1692 1746 1724 nadis
1760 1716 1770 1731 ,
1797 1694 1831 1725 Θ
1854 1694 1898 1724 ad
1922 1695 2090 1736 exemplum

1204 1738 1300 1780 Moyfis
1313 1739 1346 1772 Θ·
1358 1743 1481 1772 Aaronis
1493 1746 1525 1772 in
1536 1741 1653 1773 sanun
1664 1742 1838 1775 samiorum
1849 1742 1997 1784 confistant
2008 1766 2018 1782 ,
2043 1749 2090 1776 in-

1203 1799 1412 1832 cruentamque
1423 1790 1577 1824 viuimam
1589 1791 1733 1831 offerant.
1762 1793 1929 1826 Dixerunt
1954 1795 2091 1826 cuneios

1205 1839 1381 1884 Episcopos
1394 1839 1513 1874 divino
1526 1840 1590 1883 jure
1601 1842 1662 1874 esse
1674 1852 1763 1884 pares
1777 1865 1787 1879 ,
1812 1842 1846 1874 δε
1860 1844 2024 1884 supremos
2054 1843 2090 1876 in

1203 1892 1256 1925 sua
1278 1891 1417 1924 Ecclefia
1429 1915 1440 1931 ,
1467 1891 1605 1934 ideoque
1618 1890 1903 1933 Metropoliticam
1917 1903 1974 1925 aut
1988 1893 2090 1926 etiam

1203 1940 1454 1975 patriarchalem
1466 1940 1679 1974 eminentiam
1689 1940 1753 1974 effe
1766 1941 1891 1974 nudum
1904 1942 2038 1975 titulum
2055 1943 2090 1976 &

1203 1991 1315 2034 prioris
1338 1990 1402 2024 loci
1427 1984 1622 2035 dignitatem
1645 2016 1655 2031 ,
1693 1990 1817 2024 nullam
1853 1990 2090 2034 jurisdictionis

1201 2041 1422 2075 Praefessuram
1434 2067 1441 2073 .
1467 2042 1559 2075 Hinc
1571 2042 1633 2075 suis
1644 2040 1742 2075 etiam
1754 2039 1948 2075 patriarchis
1963 2042 2090 2077 nullam

1202 2101 1257 2125 aut
1280 2089 1447 2125 modicam
1466 2090 1669 2126 exhibebant
1690 2090 1914 2126 obedientiam
1928 2118 1935 2124 .
1975 2093 2018 2125 Et
2046 2103 2090 2126 ex

1202 2141 1259 2175 ista
1272 2140 1347 2175 faece
1360 2142 1487 2175 videtur
1499 2141 1589 2175 fuiffe
1612 2142 1678 2185 ipse
1698 2143 1778 2174 item
1801 2140 1989 2175 Monachus
2013 2142 2089 2175 Bar-

1202 2191 1342 2225 laamus.
1384 2192 1509 2226 Docuit
1530 2192 1618 2225 enim
1642 2201 1758 2225 omnes
1781 2191 1878 2225 etiam
1906 2191 2088 2235 Apostolos

1201 2242 1293 2275 fuiffe
1324 2253 1435 2284 pares,
1472 2241 1504 2274 δε
1527 2242 1645 2275 Sancto
1666 2241 1766 2275 Petro
1789 2240 1873 2275 nihil
1895 2242 2087 2286 competisse

1201 2291 1341 2335 praealiis
1355 2317 1365 2332 ‚
1392 2292 1449 2325 nisi
1461 2295 1582 2336 priores
1592 2291 1748 2336 loquendi
1761 2292 1847 2326 vices
1860 2317 1870 2332 ,
1896 2292 1929 2326 δε
1947 2293 2086 2336 priorem

1201 2342 1234 2375 in
1259 2340 1459 2375 confidendo
1482 2342 1611 2376 locum.
1651 2341 1694 2375 Et
1715 2343 1936 2385 prosequitur:
1974 2346 2085 2376 omnes

1201 2397 1292 2434 igitur
1304 2394 1418 2424 omnino
1433 2394 1581 2425 Sermonis
1605 2391 1760 2435 discipuli,
1786 2393 1923 2426 DoHores
1947 2391 2086 2435 Pastores·

1201 2452 1257 2483 que
1268 2441 1346 2474 orbis
1361 2451 1507 2475 terrarum
1515 2442 1649 2483 exstitere
1662 2467 1672 2482 ,
1693 2443 1892 2484 particulares
1913 2453 2009 2475 autem
2026 2445 2086 2476 Pa-

1195 2490 1286 2530 stores
1299 2515 1309 2532 ‚
1337 2503 1408 2533 quos
1420 2491 1579 2535 Episcopos
1590 2492 1780 2535 appellavere
1794 2518 1805 2533 ‚
1833 2495 1926 2526 alium
1949 2494 2025 2526 alius
2045 2498 2086 2525 ci-

1198 2546 1314 2574 vitatis
1325 2541 1530 2582 constituerunt
1542 2553 1595 2576 aut
1617 2549 1759 2586 regionis·
1793 2543 1881 2576 Verbi
1899 2547 2020 2585 gratia,
2047 2547 2085 2574 A·

1198 2589 1352 2623 thenarum
1367 2591 1509 2632 Dionysius
1520 2617 1530 2632 ,
1561 2592 1727 2625 Timotheus
1742 2592 1833 2634 Epefi
1840 2617 1850 2633 ‚
1875 2594 1959 2626 Titus
1971 2596 2083 2630 Cretae,

1199 2641 1279 2673 alius
1292 2642 1367 2673 alius
1380 2641 1434 2674 loci
1447 2642 1546 2682 Pastor
1557 2642 1594 2674 ab
1607 2642 1744 2684 Apostolis
1767 2643 1934 2682 constitutus
1957 2643 1994 2682 est
2006 2671 2014 2677 .
2041 2645 2083 2675 51·-

1201 2691 1308 2722 militer
1321 2693 1348 2722 5.
1364 2692 1500 2723 Clemens
1513 2689 1679 2732 Episcopus
1691 2694 1792 2723 Romae
1804 2691 1840 2729 est
1854 2694 1874 2723 ἃ
1896 2694 1984 2725 Petro
2004 2694 2082 2724 ordi-

1202 2749 1291 2772 natus
1305 2763 1315 2778 ,
1341 2744 1391 2781 qui
1401 2738 1456 2781 soli
1469 2738 1572 2782 Sacros
1571 2740 1666 2773 anliae
1679 2744 1735 2773 Dei
1746 2740 1878 2782 Ecclefiae
1889 2765 1899 2780 ‚
1927 2754 1995 2784 quae
2014 2752 2079 2775 erat

1201 2794 1322 2827 Romae,
1343 2790 1495 2832 praeesset,
1522 2792 1700 2832 eandemque
1717 2792 1933 2824 moderaretur.
1971 2794 2079 2825 Verum

1202 2846 1281 2872 enim
1293 2842 1364 2872 vero
1370 2838 1465 2880 posted
1477 2864 1486 2879 ,
1498 2851 1562 2872 cum
1572 2842 1629 2873 Dei
1635 2842 1833 2881 providentia
1847 2845 2024 2882 Imperiijus
2037 2843 2080 2875 ad

1202 2889 1307 2930 nostros
1316 2890 1494 2933 pervenisset
1505 2913 1515 2928 ,
1524 2891 1708 2932 pitfflmorum
1721 2895 1832 2934 Regum
1842 2893 1874 2925 (⁸5
1893 2891 2077 2935 sanc‘liffimo-

1199 2951 1267 2972 rum
1280 2940 1405 2971 Patrum
1418 2939 1574 2979 nostrorum
1598 2942 1728 2974 Decretis
1741 2965 1751 2981 ,
1778 2949 1810 2973 ut
1831 2945 1966 2974 Romana
1988 2944 2077 2976 sedes

1199 2989 1261 3032 esset
1270 2995 1387 3030 prima,
1416 2991 1482 3022 ideo
1500 2988 1649 3032 sancitum
1660 2991 1697 3031 ost
1710 3015 1719 3030 ,
1746 2993 1825 3032 quod
1837 2992 1905 3024 ur‘bs
1917 2994 1968 3024 illa
1978 3003 2076 3026 rerum

1195 3043 1341 3080 potiretur
1351 3063 1361 3078 ,
1388 3038 1582 3082 Ecclefiasque
1592 3040 1669 3072 orbis
1685 3049 1833 3074 terrarum
1843 3045 1967 3083 Imperio
1988 3048 2074 3076 unius

1195 3088 1300 3131 subjici
1316 3090 1466 3122 videretur
1480 3087 1702 3132 consentaneum
1713 3115 1723 3130 ‚
1750 3102 1813 3123 cum
1821 3093 1908 3124 anted
1920 3096 2073 3125 Romanus

1199 3136 1361 3180 Episcopus
1377 3161 1386 3178 ,
1411 3147 1443 3173 ut
1453 3150 1503 3172 nec
1515 3149 1681 3173 caeterorum
1694 3140 1850 3184 quisquam
1860 3167 1871 3183 ‚
1900 3153 1950 3175 nec
1954 3148 2071 3183 primus

1197 3188 1283 3230 esset,
1304 3200 1354 3221 nec
1372 3188 1530 3230 postremus
1554 3214 1561 3221 .
1589 3193 1715 3225 Omnes
1737 3191 1916 3235 Episcopos
1934 3193 2070 3225 affirmat

1196 3237 1321 3271 Divino
1346 3238 1419 3281 Jure
1439 3237 1570 3282 aequales
1604 3251 1659 3282 per
1689 3241 1802 3275 omnia
1833 3252 1929 3285 atque
1961 3251 2068 3284 pares,

1195 3298 1332 3330 quorum
1355 3288 1461 3322 nullus
1482 3289 1572 3322 alteri
1598 3300 1743 3324 teneatur
1763 3289 1803 3323 ad
1826 3291 1986 3327 rationes,
2013 3287 2067 3322 sed

1193 3348 1307 3371 omnes
1333 3338 1393 3371 soli
1423 3339 1572 3373 Domino
1599 3341 1691 3373 Deo.
1719 3338 1870 3374 Affirmat
1895 3340 1912 3372 ὲ
1938 3337 2065 3371 Divino

1192 3388 1259 3430 jure
1285 3387 1415 3424 nullum
1442 3389 1504 3425 effe
1529 3389 1672 3431 Papam,
1700 3389 1808 3425 nullos
1845 3385 2063 3428 Patriarchas,

1588 3433 1677 3471 Iii
1727 3450 1751 3476 2,
1947 3435 2016 3471 Pri-
