2352 3736
45 314 105 345 Lib,
128 322 154 350 5.

44 355 197 393 Epill·569.

44 697 107 730 Lib.
134 706 161 735 3.

42 738 131 777 Epist.
137 750 149 770 1
155 747 202 776 34·

44 851 196 895 Epist-340·

52 2515 116 2545 sib·
134 2524 163 2551 ς.

50 2556 103 2593 ΕΡ.
122 2559 183 2592 5⁶⁹·

422 170 476 200 ne
512 154 705 199 SmoNiAE
739 167 951 209 eamme,
987 167 1037 196 ετ
1070 164 1212 197 vAmrs
1247 163 1308 196 An
1340 164 1464 196 IPSUM
1498 162 1822 199 srecrnmmus.
1859 145 1957 198 ‘111

215 239 247 277 se
268 247 324 274 aut
334 236 478 272 invalide
491 262 502 279 ‚
529 248 585 272 aut
605 234 1091 279 certeinformiterbaptizatos.

209 289 261 328 ,Et
272 289 310 323 in
320 289 385 323 alia
401 288 558 332 adipsum
572 287 716 331 Epistola
732 303 742 321 :
769 293 910 321 Omnium
923 284 1031 326 sallus
1053 283 1092 325 est

207 339 341 383 fabula,
366 337 443 383 risus
468 362 480 380 ‚
506 341 541 373 (θ’
562 338 760 382 scandalum.
785 342 908 381 Cognito
931 339 1012 368 enim
1026 357 1036 373 ,
1062 343 1092 367 te

208 391 392 424 execrandis
417 390 554 425 manibus
573 389 704 422 tradate
724 386 814 430 sacra
827 385 920 428 Miffae
939 382 1068 424 mysteria
1082 408 1094 424 ‚

214 442 356 475 recedunt
378 440 530 480 homines,
557 441 731 480 maluntque
753 447 812 469 non
836 439 975 476 initiari,
1000 445 1092 477 quam

213 501 250 525 ut
261 491 301 524 ab
311 496 438 533 impuris
463 488 653 533 &sceleratis
666 485 804 519 manibus
811 493 892 528 pura
907 486 942 519 ό·
954 490 1091 518 immacu·

213 542 282 575 lata
287 538 451 585 suscipiant
460 551 584 574 munera
592 563 600 570 .
626 540 673 569 Et
683 534 801 578 tametfi
805 536 892 569 multi
900 533 984 578 saepe
995 547 1034 569 ex
1045 546 1091 569 me

212 594 368 625 audierint
390 590 470 627 nibil
489 589 591 622 horum
610 586 712 629 obeffe,
737 587 863 629 quidam
881 595 983 620 tamen
995 584 1096 629 assensi

215 653 275 677 non
282 640 376 685 sum,
400 640 523 683 quidam
533 639 604 671 vero
617 648 655 670 ne
666 637 785 670 auribus
794 637 915 679 quidem
930 642 1022 679 aequis
1044 646 1091 669 ac-

214 697 330 734 cipiunt
339 716 351 733 ,
360 693 467 733 nugari
476 698 524 722 me
534 686 734 727 existimantes
749 709 757 719 .
784 687 828 721 Et
840 687 986 721 rursum:
1013 687 1093 719 Mul-

214 750 263 775 tos
287 740 426 782 offlndis,
454 739 490 773 Θ·
508 737 547 771 ab
559 738 673 773 Altaris
699 738 803 781 acceffu
814 747 971 777 removes,
996 746 1031 769 ut
1042 741 1092 779 qui

215 800 335 826 tantane
353 788 454 822 labem
477 799 513 822 ac
522 788 668 822 maculam
679 787 792 822 illibato
804 788 903 822 Altari
926 787 1092 826 assidentem

215 844 324 875 intueri
348 840 471 872 minime
486 837 669 881 sustineant.
697 838 742 872 Et
767 838 804 872 in
829 836 895 872 alia
920 836 1090 880 Epistola:

210 893 269 929 Vir
278 890 404 930 quidam
412 889 541 924 moribus
549 895 665 931 integer
673 913 685 929 ,
712 889 748 923 δ’
757 893 827 923 vita
832 885 1011 931 splendidus
1020 911 1032 929 ,
1057 888 1092 920 ὁ·

211 939 363 978 luculenta
375 940 523 983 dignitate
536 948 684 977 ornatus,
707 949 755 972 me
778 943 940 978 convenit,
964 939 1000 972 (5
1025 948 1092 970 nar-

211 994 301 1026 ravit
311 1013 323 1030 ,
339 987 377 1033 se
401 990 446 1022 ad
468 991 675 1025 venerandum
697 989 816 1032 quidem
826 988 930 1022 Altare
940 988 1069 1032 acceffiffe
1081 1012 1091 1027 ‚

208 1049 248 1076 ut
264 1039 377 1073 divina
388 1039 521 1083 mysteria
526 1046 707 1082 perciperet,
736 1048 771 1072 at
794 1039 844 1072 ubi
869 1047 921 1079 te,
946 1036 1093 1071 bominem

210 1097 308 1126 aetate
316 1090 437 1133 quidem
453 1088 583 1134 senem,
608 1094 759 1134 dignitate
771 1088 998 1129 Presbyterum,
1021 1088 1092 1122 libi-

208 1140 283 1176 dine
292 1148 393 1174 autem
402 1145 572 1184 vigentem,
599 1149 690 1182 atque
701 1149 800 1173 omnes
812 1163 824 1179 ,
849 1150 974 1183 quorum
977 1136 1094 1182 spurci-

207 1195 259 1226 tin
267 1188 418 1224 hominum
433 1188 568 1233 sermone
585 1189 769 1229 celebratur,
791 1188 986 1233 superantem
998 1212 1010 1229 ‚
1035 1189 1094 1222 illic

212 1238 333 1281 adstare
355 1239 511 1284 conspexit
531 1264 543 1281 ,
575 1242 685 1283 pedem
705 1239 832 1283 retulffe
850 1264 862 1280 ,
888 1240 969 1282 quod
981 1236 1092 1282 scilicet

209 1290 370 1333 indignam
375 1302 440 1324 rem
449 1291 501 1334 effe
513 1291 638 1335 duxiffet
648 1315 660 1332 ,
682 1286 884 1334 sacrosanHa
895 1288 1031 1330 mysteria
1036 1296 1092 1331 per

209 1345 366 1382 impuram
397 1342 432 1375 (τ’
446 1339 596 1384 scelestam
616 1351 739 1375 manum
755 1338 900 1384 suscipere
917 1364 924 1371 .
962 1339 1092 1382 Nempe

213 1401 288 1425 uon
309 1390 416 1425 solum
434 1390 642 1426 simoniacus
665 1415 679 1432 ,
702 1388 757 1426 sed
778 1391 817 1430 ,δε
836 1388 1092 1425 concubinarius

210 1451 270 1475 era
280 1439 452 1484 Zozymus
463 1465 476 1482 ,
500 1440 640 1486 ideoque
649 1451 718 1475 non
730 1439 838 1474 solum
850 1439 917 1483 ejus
927 1439 1091 1474 Sacrificia

211 1488 351 1531 audire,
374 1490 408 1529 ὃς
418 1489 656 1525 Eucharistiam
667 1489 830 1534 percipere
849 1487 1003 1524 horrebat
1016 1488 1094 1524 fide-

212 1539 258 1574 lis
267 1539 409 1583 populus
418 1563 431 1580 ,
456 1539 511 1575 sed
532 1540 567 1577 ὃς
578 1538 750 1577 dubitabat
764 1540 806 1575 de
826 1539 894 1583 ejus
905 1539 1092 1583 Baptismo.

209 1588 269 1622 De
280 1588 442 1624 datorum·
450 1601 508 1633 per
518 1589 727 1625 Simoniacos
745 1590 1030 1625 Sacramentorum
1042 1600 1093 1622 va-

210 1638 343 1674 liditate
352 1664 365 1680 ‚
389 1647 446 1673 aut
455 1640 569 1674 saltem
580 1641 685 1675 frusta
696 1639 846 1675 dubitare
857 1640 901 1674 est
914 1638 1094 1677 adedanti-

209 1699 317 1733 quum
336 1714 344 1722 .
372 1689 457 1724 Item
477 1689 634 1736 Gregorii
653 1690 784 1734 septimi
804 1689 979 1724 Pontificis
999 1713 1011 1730 ,
1036 1689 1093 1732 qui

211 1739 480 1774 simoniacorum
498 1740 532 1774 δε
554 1740 866 1775 concubinariorum
887 1740 1098 1775 clericorum-

210 1787 330 1824 divina
343 1790 465 1825 officia
477 1790 582 1825 audiri
593 1802 630 1825 ac
642 1790 944 1834 percipiinterdixit
953 1812 964 1829 ,
978 1790 1098 1825 Decre-

210 1847 250 1873 ta
269 1838 353 1873 adeo
363 1840 507 1883 antiquis
518 1841 670 1874 nituntur
690 1838 933 1875 fundamentis.
962 1838 1096 1874 Nihilo-

210 1889 326 1922 minus
346 1889 388 1924 de
398 1899 523 1934 magno
543 1889 605 1924 isto
617 1891 703 1925 Viro
713 1891 820 1934 pergit
842 1889 1001 1924 Isidorus:
1029 1893 1096 1934 Ego

210 1937 263 1971 his
272 1940 390 1972 auditis
402 1963 414 1979 ,
438 1948 586 1981 quantum
596 1946 696 1973 animo
705 1941 819 1974 vulnus
840 1945 1023 1982 acceperim,
1047 1941 1093 1972 dt·-

208 1997 278 2022 cere
296 1995 532 2030 praetermittam
542 2002 557 2031 ;
581 1990 689 2032 quibus
708 1999 810 2024 autem
830 1989 932 2023 verbis
953 2000 1097 2033 cumgra-

213 2037 321 2077 viffime
331 2038 590 2080 reprehenderim,
616 2048 781 2082 exponam.
809 2040 925 2079 Nullo,
947 2045 1095 2082 inquam,

214 2088 397 2122 detrimento
407 2113 419 2130 ‚
444 2094 494 2122 vir
499 2087 704 2133 sapientiffime
715 2113 727 2130 ,
751 2095 778 2122 is
789 2096 842 2134 qui
854 2088 979 2133 sufiipit
990 2112 1002 2129 ‚
1029 2090 1095 2131 affi-

209 2142 289 2171 citur
310 2162 322 2179 ,
346 2138 461 2181 etiamsi
481 2145 508 2173 is
529 2164 541 2181 ,
567 2144 619 2183 qui
639 2141 747 2174 tribuit
766 2163 779 2179 ,
814 2140 962 2184 indignus
990 2140 1096 2173 videa-

215 2194 283 2220 tur.
309 2192 419 2231 Neque
428 2195 666 2224 incontaminata
698 2189 828 2230 mysteria
848 2190 1095 2235 conspurcantur,

213 2236 474 2278 etiamfisacerdos
494 2251 595 2274 omnes
605 2241 745 2275 mortales
758 2240 947 2282 improbitate
955 2238 1076 2282 superet
1085 2264 1092 2271 .

217 2286 263 2319 Et
273 2286 430 2330 adipsum
447 2289 635 2333 Zozymum
648 2304 658 2324 .-
684 2291 948 2334 Quemadmodum
969 2289 1015 2322 illi
1032 2287 1095 2331 suc-

212 2334 338 2378 censui,
358 2336 399 2378 fic
408 2343 500 2371 etiam
518 2346 547 2371 te
556 2351 655 2373 moneo
665 2346 732 2379 ,ut
741 2348 796 2373 aut
815 2337 984 2382 resipiscas,
1008 2341 1095 2372 aute?

218 2388 392 2419 venerando
412 2388 511 2421 Altari
531 2387 674 2431 absi-edas
695 2412 708 2429 ,
733 2400 770 2423 ne
788 2389 918 2431 alioquin
933 2400 981 2422 eos
1003 2413 1016 2430 ,
1040 2394 1093 2432 qui

216 2436 263 2467 ad
269 2434 367 2478 ipsam
387 2439 520 2472 accedere
529 2438 688 2479 instituunt
700 2462 712 2479 ‚
731 2447 790 2481 per
799 2447 868 2472 tuas
892 2438 1020 2472 atqiones
1028 2436 1098 2481 sub-

217 2495 358 2518 moveas.
387 2486 476 2520 Etin
490 2487 554 2521 alia
565 2487 733 2531 Epistola:
760 2489 901 2523 Veltalia
921 2494 1098 2523 committere

218 2533 331 2576 desine,
357 2537 411 2569 vel
429 2538 450 2569 a
456 2535 546 2580 sacra
564 2536 808 2581 mensadisiede,
835 2547 871 2572 ut
881 2542 950 2573 tuto
959 2537 1094 2581 Ecclefiae

219 2585 331 2619 alumni
351 2587 399 2618 ad
405 2585 498 2629 sacra
518 2589 662 2622 accedant
672 2588 828 2630 Mysteriae,
849 2588 912 2631 fine
931 2589 1039 2632 quibus
1045 2586 1096 2631 sa·

220 2634 308 2688 larem
325 2634 458 2679 coanqui
478 2647 622 2683 nequeunt
643 2663 651 2670 .
679 2638 764 2673 Non
795 2639 890 2676 illum
911 2639 953 2673 ad
976 2638 1098 2673 Laicos

221 2682 325 2723 rejicit
335 2686 384 2719 uti
394 2686 607 2732 degradatum
617 2697 675 2723 aut
685 2688 897 2734 irregularem
907 2714 919 2731 ‚
945 2689 997 2723 sed
1006 2689 1100 2724 dum-

223 2738 314 2765 taxat
323 2741 435 2770 monet
447 2761 460 2778 ,
483 2747 520 2773 ut
530 2738 674 2775 scandali
687 2738 813 2774 vitandi
830 2741 928 2774 causa
937 2741 1034 2774 cesset
1045 2739 1097 2774 vel

223 2777 246 2812 ἢ
266 2779 456 2819 criminibus
474 2809 486 2827 ,
510 2788 561 2823 vel
586 2788 605 2823 a
626 2790 718 2825 sacro
738 2789 931 2825 Ministerio
955 2803 967 2824 .·
992 2789 1097 2837 Qiod

222 2838 343 2886 nfml’e
362 2831 471 2867 nullus
485 2847 528 2870 eo
549 2840 648 2882 usque
666 2840 804 2884 poenalis
816 2840 983 2875 Canonin
991 2840 1096 2875 Simo·

223 2889 338 2936 1133903
350 2880 517 2923 Prodiisset
529 2909 536 2917 .
560 2887 687 2924 Eadem
698 2890 739 2925 de
749 2891 844 2925 causa
859 2890 1013 2926 Edesseni
1025 2890 1098 2925 Cle·

221 2929 478 2965 ¹¹⁰¹⁶¹²m²ffl¹¹t
498 2932 693 2981 Episcopum
704 2941 798 2977 suum
818 2940 911 2975 Ibam
923 2964 935 2980 ,
962 2951 1032 2975 non
1043 2940 1098 2977 de·

169 3000 177 3007 -
223 2977 398 3024 gradatum
410 3005 420 3020 ,
446 2979 501 3016 sed
513 2982 680 3021 dumtaxat
692 2988 938 3035 degradandum
952 3015 960 3023 .

48 3087 125 3120 'Cam
140 3098 171 3119 a..

273 3028 403 3065 Primus
415 3031 525 3076 itaque
536 3032 572 3067 in
586 3032 670 3069 istud
679 3039 803 3075 crimen
827 3039 966 3085 poenalis
975 3040 1097 3076 Canon

223 3078 272 3114 est
291 3076 346 3113 hic
365 3078 645 3118 Chalcedonensis
667 3096 675 3116 :
713 3089 745 3120 Si
765 3094 832 3131 quis
857 3089 1021 3135 Episcopus
1040 3099 1097 3134 per

220 3135 364 3172 pecunias
367 3128 474 3171 fecerit
485 3134 711 3169 ordinationem
720 3160 732 3176 ‚
753 3138 788 3172 e·
795 3138 851 3181 sub
859 3146 957 3181 pretio
979 3142 1099 3185 redege-

225 3184 268 3213 rit
284 3185 420 3224 gratiam
446 3193 514 3225 quae
525 3194 583 3217 non
600 3184 695 3227 potest
714 3186 829 3225 vendi,
853 3191 1099 3233 ordinaveritque

219 3237 279 3273 per
285 3235 426 3273 pecunias
436 3231 614 3275 Episcopum
626 3258 638 3274 ,
664 3245 715 3268 aut
728 3235 996 3280 chor-Epiftopwn
1006 3263 1019 3280 ,
1045 3249 1099 3273 aut

224 3280 452 3321 Presbyterum,
475 3291 528 3316 aut
536 3286 720 3326 Diaconum,
745 3295 799 3319 aut
821 3286 977 3329 quemlibet
998 3299 1037 3322 ex
1049 3287 1097 3323 bis

222 3335 276 3372 qui
283 3339 528 3366 connumerantur
537 3339 569 3367 in
579 3335 663 3368 clero
672 3361 684 3377 ,
703 3341 731 3369 is
747 3341 799 3378 qui
810 3335 859 3370 boc
867 3337 1020 3381 attentaffe
1026 3347 1093 3381 pro-

220 3378 313 3415 batus
317 3380 418 3423 fuerit
431 3406 443 3423 ,
463 3388 582 3426 proprii
591 3387 706 3428 gradus
711 3388 846 3429 periculo
850 3386 1016 3431 subjacebit
1026 3412 1038 3428 ,
1064 3391 1099 3424 ό*

221 3435 277 3473 qui
286 3432 438 3468 ordinatus
448 3431 486 3473 est
494 3456 505 3473 ,
530 3432 609 3470 nibil
616 3445 654 3470 ex
665 3435 720 3472 bac
733 3440 931 3473 ordinatione
937 3438 1079 3482 proficiat
1088 3464 1099 3481 ,

1153 231 1250 276 sedfit
1261 234 1375 268 alienus
1384 235 1405 267 ἃ
1414 234 1563 279 dignitate
1573 257 1585 274 ,
1609 245 1702 276 quam
1706 237 1841 277 pecuniis
1850 233 2009 278 acquissvie
2018 261 2027 270 .

1157 286 1191 318 Si
1212 289 1281 326 quis
1295 285 1444 319 Mediator
1463 289 1496 317 in
1507 293 1572 318 tam
1581 284 1719 326 turpibus
1739 284 1924 327 &nefandis
1943 287 2030 320 datis

1157 333 1211 368 vel
1228 340 1354 376 acceptis
1373 333 1538 376 exstiterit,
1564 332 1691 378 tuipse,
1708 333 1741 377 fi
1757 336 1876 376 quidem
1894 337 2030 371 Clericus

1149 383 1271 425 fuerit,
1291 390 1412 427 proprio
1430 385 1532 429 gradu
1554 385 1689 426 decidat,
1707 382 1739 426 fi
1757 387 1828 418 vero
1848 387 1959 421 Laicus
1980 387 2034 421 vel

1158 432 1322 467 Monachus
1341 459 1352 476 ,
1377 434 1649 471 anathematizetur
1667 459 1676 468 .
1703 434 1847 484 Qoties
1879 436 2032 472 adversus

1157 484 1368 519 Simoniacos
1388 485 1527 529 insurgit
1552 483 1732 530 Gregorius
1751 486 1916 530 Magnus,
1941 484 2032 521 hune

1157 534 1264 568 solum
1276 532 1407 569 adducit
1417 534 1596 568 canonem
1609 559 1619 574 ‚
1645 534 1769 569 nullius
1778 536 1931 570 meminit
1944 534 2034 580 Apo·

1156 583 1282 621 stolici.
1311 584 1356 618 Et
1377 581 1526 618 laudatus
1547 583 1736 627 Palladius,
1761 595 1800 620 ut
1822 586 2037 630 SanstiJoan-

1158 635 1210 669 nis
1236 633 1465 677 Chrysostomi
1482 656 1494 673 ‚
1519 644 1619 677 quem
1638 633 1738 669 dente
1758 634 1909 682 maligno
1930 635 2037 672 adver.

1157 685 1230 719 sarii
1253 683 1431 725 rodebant,
1457 683 1492 717 in
1505 683 1688 719 ordinatos
1711 683 1753 718 ab
1771 684 1950 721 Antonino
1961 686 2039 731 Epi-

1154 736 1270 778 scopos
1283 733 1367 770 Asta
1379 734 1487 769 firmet
1499 757 1510 774 ,
1537 733 1640 769 solam
1650 733 1761 769 laudat
1771 735 1892 770 avitam
1904 738 2040 772 consue-

1157 785 1308 820 tudinem
1329 808 1341 824 ,
1367 795 1432 828 qua
1462 785 1588 829 semper
1613 784 1755 821 ,vetuerit
1780 784 1922 819 Ecclesia
1944 788 2039 822 suum

1152 835 1381 873 ,Sacerdotium
1403 833 1542 878 Judaico
1564 845 1620 869 aut
1634 833 1806 880 AEgyptio
1828 845 1921 869 more
1941 837 2041 871 vendi

1157 884 1209 920 vel
1228 885 1295 919 emi
1319 898 1330 918 .·
1357 884 1463 928 Quod
1485 896 1606 929 nempe
1637 884 1733 919 istam
1766 885 2040 920 consuetudinem

1159 935 1268 970 nullus
1288 936 1388 978 usque
1407 943 1488 969 tunc
1510 936 1632 971 Canon
1653 935 1855 970 stabiliisset.
1884 935 1928 969 Et
1940 934 2043 970 Chal-

1158 984 1348 1021 cedonensis
1371 986 1492 1020 Canon
1504 985 1577 1021 solo
1598 985 1700 1031 gradu
1714 1011 1725 1027 ,
1748 983 1855 1031 gradu
1874 996 1985 1023 autem
2006 985 2043 1022 ὅ(

1158 1035 1399 1071 communione
1412 1036 1515 1080 privat
1527 1036 1668 1082 vulgaris
1680 1036 1896 1080 Apostolicus
1906 1059 1917 1076 ‚
1942 1046 2043 1080 atque

1158 1087 1205 1121 ita
1225 1086 1311 1126 lucet
1331 1083 1422 1121 hunc
1443 1086 1506 1121 illo
1526 1087 1592 1122 esse
1616 1086 1846 1132 posteriorem.
1874 1086 2044 1131 Apostoli·

1159 1148 1236 1172 cum
1254 1136 1343 1171 enim
1357 1137 1535 1172 Canonem
1547 1137 1720 1180 quomodo
1735 1148 1805 1172 non
1818 1137 1975 1172 laudasset
1986 1138 2045 1180 sy-

1160 1186 1271 1222 nodus
1280 1185 1585 1223 Chalcedonensis?
1609 1187 1797 1237 Qomodo
1818 1187 1889 1231 ejus
1900 1189 2046 1232 rigorem

1160 1237 1336 1283 mitigasset
1356 1238 1377 1270 v?
1402 1238 1518 1274 Solum
1545 1238 1625 1273 item
1647 1235 1956 1273 chalcedonensem
1980 1236 2048 1271 lau·

1160 1288 1241 1322 dant
1251 1287 1363 1331 Patres
1374 1287 1433 1323 alii
1445 1312 1459 1329 ,
1482 1300 1562 1329 cum
1577 1289 1709 1334 Magno
1721 1288 1888 1334 Gregorio
1898 1288 2050 1331 frequen-

1161 1347 1209 1373 ter
1228 1338 1375 1373 dicentes
1395 1349 1513 1373 eorum
1530 1362 1542 1379 ,
1570 1339 1627 1380 qui
1650 1339 1685 1371 in
1711 1338 1854 1374 Ecclefia
1877 1336 2050 1373 columbas

1161 1387 1308 1423 vendunt
1318 1412 1329 1429 ,
1339 1388 1455 1424 cadere
1465 1411 1476 1429 ,
1485 1397 1542 1424 aut
1554 1388 1704 1424 cecidisse
1715 1386 1896 1424 Cathedras
1906 1402 1917 1421 :
1943 1385 2050 1436 Qod

1161 1450 1280 1483 nempe
1306 1450 1361 1482 pet
1389 1439 1594 1477 simoniacas
1620 1439 1851 1481 promotiones
1883 1439 2052 1472 incurrant

1156 1487 1404 1534 degradationis
1416 1497 1549 1530 poenam
1560 1510 1571 1527 ,
1595 1496 1653 1520 aut
1664 1496 1793 1521 reatum
1802 1512 1810 1520 .

1167 1547 1168 1551 ¹
1212 1538 1256 1571 Et
1266 1535 1356 1571 hunc
1368 1537 1547 1571 Canonem
1558 1559 1570 1576 ,
1596 1535 1753 1571 Anatolii
1765 1535 2052 1580 Constantinopo-

1157 1586 1256 1622 litani
1268 1586 1424 1631 Episcopi
1435 1585 1556 1621 desidia
1570 1586 1694 1631 lapsum
1707 1611 1719 1627 ,
1743 1586 1934 1632 rigidiffime
1944 1586 1980 1620 in
1992 1587 2051 1623 sua

1161 1635 1301 1681 synodo
1316 1637 1514 1678 innovavit,
1538 1648 1578 1671 ac
1601 1637 1726 1672 Leonis
1750 1637 1894 1682 Augusti
1919 1638 2053 1678 severa,

1161 1698 1235 1732 quae
1253 1687 1459 1722 commissam
1470 1687 1507 1721 in
1522 1687 1722 1732 Episcopatu
1732 1688 1918 1722 simoniam
1943 1687 2051 1721 sanxit

1161 1738 1226 1773 effe
1236 1738 1361 1773 crimen
1370 1736 1448 1772 iaesae
1460 1737 1667 1779 Maiestatis,
1693 1739 1768 1783 lege
1778 1738 1968 1772 confirmari
1991 1738 2051 1771 im-

1163 1788 1303 1832 petravit
1325 1787 1486 1822 successor
1509 1788 1646 1822 Sanctus
1667 1787 1862 1823 Gennadius
1882 1814 1889 1821 .
1917 1787 1991 1822 Lex
2016 1789 2051 1821 in
2072 1806 2102 1835 L,
2116 1803 2181 1834 Μὴ
2204 1811 2231 1842 2»

1163 1838 1293 1873 Codice
1306 1837 1536 1880 Iustinianaeo,
1562 1838 1732 1880 Synodale
1742 1839 1927 1873 Decretum
1948 1836 2054 1872 exstat
2071 1854 2096 1877 c.
2108 1854 2154 1883 31.

1163 1886 1250 1932 apud
1260 1885 1483 1922 Theodorum
1495 1887 1728 1923 Balsamonem
1742 1911 1751 1921 .
1775 1888 1882 1923 Porri>
1893 1887 2055 1922 Asiaticos

1164 1937 1207 1973 ab
1232 1936 1413 1972 Antonino
1431 1937 1619 1973 simoniace
1651 1939 1835 1974 Ordinatos
1868 1939 2054 1983 Episcopos

1165 1988 1398 2032 deprecantes,
1425 1989 1539 2022 Saltem
1548 2000 1654 2022 aurum
1677 1991 1757 2033 quod
1767 1990 1906 2023 dedimus
1928 1994 2055 2032 recipia-

1160 2049 1232 2072 mus
1252 2062 1264 2079 ,
1289 2048 1360 2072 nam
1383 2049 1510 2072 uxorum
1542 2038 1706 2079 nostrarum
1741 2042 1884 2085 quaedam
1916 2041 2055 2074 dedimus

1164 2086 1245 2131 vasa
1259 2112 1270 2129 ,
1295 2088 1466 2123 exaudivit
1486 2089 1644 2133 quidem,
1671 2091 1705 2125 δε
1727 2101 1843 2125 aurum
1866 2101 1923 2134 per
1946 2090 2056 2124 Anto-

1163 2138 1239 2172 nini
1269 2136 1409 2173 haeredes
1445 2138 1570 2175 restitui
1606 2139 1693 2182 juffit
1728 2141 1864 2174 Sanctus
1912 2139 2056 2183 Joannes

1164 2186 1422 2231 Chrysostomus
1440 2212 1454 2229 ,
1475 2189 1531 2223 sed
1556 2189 1704 2234 regulam
1740 2201 1811 2225 non
1849 2189 1925 2224 fixit
1949 2214 1960 2231 ,
1987 2190 2060 2232 ple·

1164 2248 1272 2281 neque
1283 2237 1363 2272 item
1374 2236 1536 2273 decadem
1551 2239 1760 2275 restitutione
1783 2239 1886 2275 tacuit
1899 2239 2056 2283 synodus

1165 2285 1446 2322 Chalcedonensis
1464 2313 1472 2320 .
1509 2287 1661 2323 Providit
1690 2289 1842 2324 laudatus
1873 2289 2056 2334 Imperator

1165 2338 1236 2374 Leo
1246 2363 1255 2370 .
1282 2336 1429 2373 Pretium
1439 2349 1539 2373 omne
1552 2339 1643 2374 reddi
1655 2339 1741 2382 juffit
1752 2340 1901 2375 Ecclefiae
1914 2364 1926 2382 ,
1937 2339 2056 2383 utique

1163 2388 1203 2423 -in
1228 2387 1383 2423 solatium
1402 2389 1687 2433 &reparationem
1711 2390 1835 2434 injuriae
1856 2401 1912 2434 per
1921 2398 2055 2424 tantum

1165 2438 1416 2472 immundiffimi
1430 2438 1586 2478 invasoris
1609 2438 1734 2474 crimen
1742 2440 1886 2484 'acceptae
1900 2465 1907 2473 .
1935 2440 2055 2475 Sanxit
2072 2461 2102 2491 L·
2114 2466 2164 2492 ὥς
2186 2472 2215 2499 ¹·

1164 2488 1206 2526 de
1227 2489 1299 2523 solo
1312 2488 1475 2533 Episcopo
1488 2513 1496 2521 .
1525 2488 1652 2526 Verum
1673 2488 1715 2524 ad
1728 2501 1864 2527 omnem
1885 2489 2054 2526 Clericurn
2073 2503 2104 2533 L.
2116 2484 2181 2539 ¹23·-

1166 2537 1368 2582 Justinianus
1388 2538 1559 2584 Augustus
1570 2539 1722 2574 extendit
1733 2541 1888 2586 perleges
1906 2541 2054 2575 novellas
2070 2551 2097 2571 c·
2108 2551 2137 2569 2·

1164 2589 1206 2623 ad
1226 2587 1455 2633 Epiphaniam
1468 2589 1693 2624 Patriarcham
1708 2590 2054 2635 Constantinopolim·
2069 2584 2100 2612 L·
2111 2591 2138 2615 ⁹·
2154 2584 2207 2625 EF»

1165 2650 1245 2673 num
1258 2663 1270 2679 ‚
1294 2638 1329 2672 δε
1346 2639 1388 2674 ad
1408 2639 1543 2674 Petrum
1561 2639 1760 2685 Magistrum
1780 2641 1965 2675 officiorum
1978 2667 1985 2675 .
2013 2642 2053 2675 In
2074 2631 2119 2657 ¹⁵*

1165 2690 1224 2723 suo
1244 2686 1285 2722 ad
1304 2689 1470 2732 Ioannem
1489 2690 1623 2725 tertium
1644 2690 1852 2725 Pontificem
1867 2691 1986 2726 Edicto
1996 2702 2054 2725 ex-

1164 2738 1272 2774 tendit
1291 2740 1393 2774 etiam
1414 2738 1626 2776 Athalaricus
1650 2739 1843 2776 Gothorum
1864 2742 1940 2775 Rex
1961 2763 1973 2779 ,
1998 2740 2053 2774 ad-

1163 2789 1245 2823 dens
1257 2788 1350 2824 istam
1373 2789 1566 2825 restituendi
1586 2790 1832 2836 obligationem
1853 2791 1987 2825 devolvi
2009 2790 2052 2825 ad

1163 2840 1345 2875 Simoniaci
1368 2838 1582 2876 ordinatoris
1604 2839 1763 2876 haeredes.
1792 2841 1837 2875 Et
1848 2840 1942 2876 hasce
1961 2841 2051 2886 leges
2067 2853 2140 2893 Cap,
2157 2864 2186 2892 ⁴·

1163 2888 1252 2925 haud
1275 2889 1377 2925 dubie
1399 2892 1540 2935 respexit
1560 2892 1648 2926 sexta
1675 2890 1830 2935 Synodus
1857 2891 2026 2925 Toletana
2037 2915 2051 2932 ,

1163 2940 1294 2986 quosvis
1319 2940 1528 2976 Simoniaeos
1559 2941 1739 2977 ordinatos
1772 2942 1808 2976 &
1834 2939 2050 2979 ordinatores

1164 3002 1231 3025 non
1244 2990 1349 3027 solum
1361 2990 1465 3036 gradu
1488 2993 1775 3027 &communione
1784 3000 1926 3032 exuens,
1945 2991 1998 3026 sed
2010 2992 2050 3033 ‚dc

1161 3039 1317 3076 omnibus
1338 3041 1572 3085 temporalibus
1584 3041 1680 3075 bonis
1693 3066 1703 3082 ‚
1728 3050 1898 3082 tamquam
1919 3051 1990 3075 reos
2000 3039 2051 3075 lae-

1163 3092 1200 3124 sae
1220 3090 1405 3133 Maiestatis
1426 3115 1433 3123 .
1460 3091 1505 3124 Et
1527 3091 1568 3125 ad
1593 3089 1886 3134 Archiepiscopum
1908 3090 2050 3126 Toleta-

1164 3151 1244 3175 num
1265 3139 1377 3173 scribit
1398 3139 1483 3182 apud
1493 3140 1697 3185 Gregorium
1717 3151 1844 3174 nonum
1857 3139 2047 3176 Alexander

1163 3190 1276 3225 tertius
1299 3203 1311 3223 .·
1337 3192 1446 3233 Regem
1468 3191 1502 3224 ὁ·
1518 3191 1676 3233 Principes
1687 3190 1773 3232 debes
1783 3192 1944 3233 inducere,
1970 3200 2006 3226 ut
2020 3190 2053 3235 fi
2066 3199 2217 3238 L.5.tit,3.

1163 3252 1231 3284 quae
1241 3245 1404 3282 receperint
1417 3238 1457 3272 ab
1469 3238 1626 3282 Oxomenfi
1627 3238 1770 3284 Episcopo
1779 3266 1791 3282 ,
1810 3250 1844 3274 ut
1854 3243 1920 3283 ejus
1931 3241 2046 3276 elefflo-
2063 3250 2087 3270 C·
2102 3246 2113 3266 ¹
2121 3251 2146 3272 1·

1164 3297 1196 3325 ni
1202 3288 1382 3333 praestarent
1393 3288 1532 3333 affensum
1542 3314 1554 3331 ,
1584 3290 1718 3330 Eccleliae
1729 3291 1947 3334 Oxomenfifine
1957 3294 2051 3327 dimi-

1164 3346 1284 3377 nutione
1301 3339 1460 3381 restituant
1480 3364 1492 3381 ,
1516 3350 1580 3374 cum
1599 3352 1636 3375 ea
1649 3340 1714 3384 fine
1731 3347 1827 3387 gravi
1847 3341 1912 3386 suae
1932 3341 2043 3386 salutis

1160 3389 1290 3434 periculo
1298 3396 1421 3424 retinere
1431 3391 1595 3434 nonpffnt
1603 3416 1610 3423 .
1628 3391 1704 3426 Ubi
1715 3392 1797 3427 reete
1807 3392 1919 3427 Glossa
1931 3404 1937 3422 :
1952 3389 2043 3430 Resti-

1120 3455 1140 3472 n
1165 3440 1301 3475 tuidebet
1312 3439 1466 3484 Ecclefiae,
1488 3440 1840 3486 cuifat‘lafuitinjuria.
1861 3440 2042 3478 Simoniaci

1908 3488 1998 3527 enim
