2352 3736
862 44 1184 128 '1.''N“D
1243 81 1292 128 'E
1363 86 1431 127 X.

1906 102 2005 148 459

296 175 407 203 tamen
419 165 529 209 passim
542 163 693 199 ambiunt
703 189 711 197 .
738 167 812 211 306.
824 176 855 203 2-
868 162 924 198 Ad
935 162 1131 207 objectiones
1190 164 1350 199 Monachi
1367 165 1427 199 soli
1439 164 1473 198 in
1486 164 1627 199 Oriente
1635 162 1860 209 adEpisc'opat:
1871 170 1983 212 assfipti
2006 170 2036 208 8.
2047 183 2071 209 2

301 226 379 264 307.
388 226 417 249 2.
430 214 668 259 Respondetur.
698 225 775 263 309.
785 226 816 249 2.
831 214 944 250 Virtus
956 216 1128 248 miraculo-

295 276 369 300 rum
380 266 528 309 proprius
539 267 582 300 est
591 264 730 310 legitimi
739 265 951 309 Apostolatus
957 264 1128 298 character.

299 325 377 363 309.
389 327 410 348 1.
423 316 452 349 S.
465 315 671 360 Augustinus
680 313 779 349 docet
791 315 958 348 haereticos
968 314 1008 348 ad
1021 315 1130 348 confe-

296 366 414 400 rendas
424 366 574 400 sanitates
595 363 737 399 exaudiri
751 378 762 398 .-
790 365 935 399 Minime
958 375 1069 398 tamen
1089 364 1130 398 ad

298 413 460 449 haereseon
471 416 758 449 confirmationem
771 413 866 460 .‘310-
879 427 898 448 1.
911 413 1027 448 Virtus
1037 415 1132 446 mira-

299 463 450 500 culorum
459 466 477 498 a
489 466 624 499 nemine
633 462 810 509 expetenda
819 489 827 497 .
852 474 930 512 310.
949 476 975 500 1-
985 475 1015 501 2.
1033 464 1131 497 Panis

300 516 512 550 fermentatus
521 515 682 549 miraculo
694 514 727 548 in
751 525 869 558 azyma
893 524 1114 549 commutatus
1124 537 1131 544 .

304 565 386 599 ltem
394 566 478 600 calix
492 566 619 610 ligneus
629 566 663 599 in
675 575 865 609 argenteum
879 589 888 597 .
999 563 1077 609 336.
1110 574 1132 597 2

250 613 361 650 Missa
370 614 520 649 denarius
530 615 574 649 est
586 615 843 659 antiquiffimus.
871 613 994 658 Sponte
1005 612 1132 646 oblatus

303 665 386 699 olim
398 666 459 699 fuit
470 675 653 707 acceptatus
664 689 675 704 ,
699 663 752 698 sed
764 665 954 708 pauperibus
964 673 1130 706 erogatus·

300 712 359 760 84.
372 724 403 748 2.
416 714 526 748 Potest
537 715 691 750 Sacerdos
701 714 742 748 de
761 715 854 748 altari
877 714 982 747 vivene
992 737 999 744 .
1027 711 1046 748 8
1050 724 1079 758 5.
1105 723 1133 748 1.

301 763 383 798 Non
396 764 499 808 potest
518 766 667 810 exigere,
700 764 752 798 sed
773 765 915 806 accipere
936 762 1136 796 sustentatio-

299 824 377 847 nem
388 839 395 846 .
408 814 485 848 ibid.
495 814 612 850 Farina
622 815 707 858 olim
715 815 734 848 a
747 811 894 847 fidelibus
904 812 1026 852 oblata,
1036 814 1134 846 etiam

305 864 399 907 panis
411 865 443 898 δε
456 864 567 898 vinnm
579 888 587 895 .
615 861 671 909 85.
683 872 715 895 2.
724 862 838 898 Oblati
850 862 974 896 denarii
987 863 1074 905 prius
1101 863 1135 895 in

302 924 457 958 pauperes
490 912 614 956 erogati
641 935 652 951 ‚
684 910 759 945 dein
790 911 1008 945 sacerdotibus
1027 924 1138 955 appro-

300 963 396 1006 priari
406 985 414 992 .
443 959 600 994 Tandem
613 971 671 1003 pro
692 961 758 995 sola
779 959 877 994 Missa
900 973 958 1004 pro
980 962 1139 996 defundis

300 1009 425 1044 oblati.
440 1008 519 1044 ibid.
531 1009 715 1044 Denarium
726 1010 819 1044 illum
834 1009 971 1045 haeretici
985 1012 1140 1045 nonnulli

300 1069 463 1104 perperam
474 1060 683 1094 infestantur.
697 1061 817 1108 Qoad
827 1072 893 1094 rem
900 1061 944 1095 est
958 1073 999 1095 ex
1009 1061 1139 1095 Institu-

298 1110 540 1154 toApoflolico.
554 1107 608 1146 86.
620 1123 640 1144 1.
653 1110 709 1147 Ob
723 1111 834 1144 Missas
842 1111 978 1154 privatas
988 1111 1028 1145 ad
1043 1111 1141 1146 alicu-

300 1160 350 1203 jus
360 1160 614 1204 postulationem
625 1160 798 1195 celebratas
809 1158 936 1195 oblatus
959 1161 1023 1195 fuit
1044 1161 1139 1195 dena·

298 1210 369 1244 tius
380 1210 501 1258 .Qam
511 1208 722 1244 devotionem
734 1210 892 1245 laicorum
903 1211 1037 1245 avaritia
1047 1210 1143 1255 poen&

301 1260 498 1294 exstinxerat
510 1272 517 1291 :
529 1260 889 1307 QapropterEpiscopi
899 1261 1142 1295 denariumMis-

301 1310 343 1343 sae
352 1319 460 1344 taxare
470 1310 637 1353 compulsi.
646 1310 724 1344 ibid.
743 1310 914 1344 Miffarum
924 1310 1067 1345 redustio
1078 1318 1143 1354 per-

300 1360 403 1393 miffa.
418 1359 472 1396 86.
485 1371 507 1396 2
522 1360 701 1394 Adversum
712 1360 826 1394 abusus
836 1360 918 1394 circa
931 1361 1140 1395 Sacerdotum

300 1409 461 1452 stipendia
472 1410 598 1444 exstant
609 1409 811 1444 Pontificum
822 1411 1001 1454 diplomata
1018 1436 1025 1442 .
1038 1409 1092 1447 86.
1121 1423 1142 1446 2

256 1458 393 1493 Missam
419 1459 681 1494 simoniacorum
708 1459 888 1494 Pontifices
910 1460 1011 1504 aliqui
1039 1459 1140 1493 audiri

305 1508 545 1552 prohibuerunt
555 1534 564 1541 .
594 1521 610 1546 1
620 1521 671 1558 13.
681 1523 711 1548 2.
722 1510 824 1557 Qod
837 1509 935 1544 hodie
945 1510 979 1544 in
992 1510 1142 1544 dissuetu-

301 1557 414 1594 dinem
426 1559 536 1593 abiisse
549 1560 676 1595 videtur
692 1586 699 1594 .
1061 1559 1140 1591 ibid-

251 1609 498 1654 Moguntinum
521 1609 712 1642 Concilium
741 1606 799 1640 sub
827 1607 945 1640 Leone
970 1606 1030 1639 IX.
1052 1618 1143 1640 anno

306 1667 406 1704 1049.
420 1658 586 1690 coactum:
613 1656 679 1689 Cui
690 1656 795 1688 adfuit
821 1655 996 1697 Imperator
1009 1655 1043 1686 ὅ(
1065 1666 1139 1697 qua-

299 1707 454 1750 draginta
463 1705 530 1738 duo
543 1703 713 1747 Episcopi.
736 1713 815 1749 229·
830 1714 858 1739 1-
871 1703 980 1745 Hujus
994 1703 1140 1737 Concilii

302 1756 373 1790 asta
386 1754 581 1788 referuntur<
605 1764 683 1800 229.
695 1765 725 1790 2.
739 1753 778 1786 In
790 1752 849 1787 illo
871 1751 989 1787 festum
1014 1754 1140 1787 Conce-

301 1803 425 1850 ptionis
433 1804 539 1837 Beatae
550 1803 663 1838 Mariae
673 1802 823 1848 Virginis
834 1802 1020 1837 institutum
1031 1828 1038 1836 .
1060 1815 1139 1851 232.

304 1852 336 1890 ᾗ..
347 1853 438 1888 Vide
447 1857 652 1896 conceptionis
665 1878 673 1887 .

251 1902 418 1939 Monachi
428 1903 556 1947 antiqui
567 1915 636 1937 non
657 1913 788 1938 caruere
804 1902 986 1937 novitiatu.
1013 1901 1090 1950 289.
1103 1916 1134 1940 2.

306 1956 378 1989 Leo
388 1953 446 1986 IX.
459 1953 613 1987 Decrevit
624 1962 660 1988 ut
677 1964 776 1986 nemo
788 1976 798 1992 ,
823 1952 880 1985 nifi
891 1952 1140 1995 legitima'aetate

304 2004 339 2038 &
350 2003 477 2046 propria
487 2002 677 2043 voluntate,
703 2003 790 2036 fieret
804 2001 985 2037 monachus
994 2028 1004 2035 .
1013 2001 1095 2049 ²85·
1111 2015 1139 2039 1.

303 2052 410 2101 Qod
420 2052 531 2087 tamen
542 2052 660 2095 ubique
669 2063 737 2086 non
750 2053 811 2086 fuit
821 2063 998 2096 receptum.
1012 2050 1089 2099 285.
1103 2066 1139 2090 2.

305 2101 491 2188 Celesti‘nus
498 2102 556 2137 -111,
567 2101 746 2137 Decretum
756 2101 839 2137 illud
851 2103 1048 2150 innovavitg
1061 2101 1105 2140 28
1109 2116 1138 2150 5.

307 2165 339 2190 2·
367 2149 411 2190 28
437 2176 445 2184 ·
464 2164 492 2189 1·

252 2202 422 2238 Monachi
434 2202 522 2238 bona
533 2203 607 2237 sunt
619 2203 805 2238 monasterii
814 2227 823 2235 .
1036 2200 1092 2250 98.
1120 2215 1140 2240 2

255 2251 421 2288 Monachi
439 2253 530 2288 mille
551 2254 587 2287 in
609 2253 765 2288 coenobio
787 2252 895 2287 studii
915 2254 1022 2288 fuere:
1051 2254 1139 2287 Dein

307 2302 503 2348 sept—ingenti
523 2328 531 2336 .
557 2303 714 2339 Tandem
737 2313 887 2337 numerus
921 2303 962 2338 ad
980 2313 1142 2338 trecentos

307 2353 455 2388 decrevit
466 2379 474 2386 .
1014 2364 1092 2401 312.
1122 2365 1137 2389 1

253 2403 420 2439 Monachi
441 2403 522 2439 olim
541 2404 692 2439 carnibus
712 2404 895 2438 abstinuere
909 2418 917 2436 :
942 2404 981 2436 ln
1003 2404 1140 2438 Oriente

306 2455 405 2489 etiam
427 2454 504 2487 vino
514 2479 522 2486 .
549 2455 626 2500 363.
639 2467 672 2491 2.
694 2454 777 2488 Solis
800 2452 907 2488 herbis
932 2453 1120 2488 victitabant
1135 2479 1140 2485 .

305 2504 385 2539 ibid.
399 2503 487 2538 Aves
497 2507 632 2539 minutae
644 2505 708 2538 illis
717 2504 868 2548 permiffae
877 2529 888 2544 ,
899 2504 998 2538 etiam
1008 2504 1042 2537 in
1055 2504 1143 2551 Qa—

300 2553 482 2599 dragefima
495 2579 503 2587 .
530 2558 608 2602 364.
624 2566 655 2591 ι..
663 2553 824 2589 Carnibus
836 2556 964 2588 caruere
975 2554 1074 2588 etiam
1087 2565 1140 2587 ex-

297 2613 355 2638 ·tra
364 2604 595 2638 monasterium
607 2619 618 2639 .·
645 2606 755 2639 Etiam
766 2604 808 2638 aad
821 2603 1049 2648 Episcopatum
1071 2615 1140 2638 eve-

295 2654 351 2701 1eii
362 2676 370 2683 .
392 2653 467 2698 364.
481 2665 511 2690 2-
526 2654 632 2689 Certis
642 2655 762 2689 casibus
771 2665 883 2688 carnes
893 2654 928 2688 δε
940 2654 1055 2688 vinum
1068 2654 1141 2687 Mo-

308 2699 576 2743 nachis-permifl‘a
589 2729 596 2736 .
623 2705 740 2752 3654.
757 2703 834 2751 366.
850 2716 876 2741 1.
888 2716 921 2740 2·
936 2704 1075 2746 Antiqui
1099 2704 1142 2738 la-

309 2751 373 2785 tini
396 2749 559 2784 Monachi
580 2753 726 2787 carnibus
750 2755 784 2788 δε
808 2755 889 2790 vino
915 2754 1119 2788 abstinebant
1129 2780 1136 2786 .

310 2800 387 2849 366.
409 2801 480 2837 2.¹S.
493 2800 682 2835 Benedictus
692 2803 849 2836 consensit
861 2828 871 2844 ,
898 2813 933 2838 ut
945 2803 1059 2838 vinum
1074 2815 1142 2848 par-

301 2851 377 2885 cius
390 2849 564 2885 biberetur.
577 2851 654 2884 ibid.
672 2850 816 2884 Permisit
827 2853 919 2887 alites
930 2865 997 2887 non
1007 2852 1142 2896 quadru-

306 2901 421 2945 pedes.
450 2904 526 2947 367.
543 2911 571 2936 1.
588 2901 617 2933 E
630 2898 807 2934 Monachis
818 2902 968 2945 assumpti
990 2902 1138 2948 Episcopi

303 2950 455 2985 carnium
463 2950 499 2983 ἀ
509 2950 578 2983 vini
589 2948 815 2984 abstinentiam
826 2950 1033 2985 observabant
1042 2976 1050 2986 .
1065 2953 1139 3001 368.

308 3010 340 3037 -ι,
351 3000 433 3034 Haec
445 2998 640 3034 abstinent-ia
651 2999 755 3044 rigide
767 3001 929 3035 interdum
947 3000 1113 3037 observata
1128 3030 1136 3044 ,
1179 2998 1180 3001 ¹

304 3048 473 3085 interdum
486 3050 640 3095 negledh.
653 3050 730 3095 369.
743 3050 1034 3086 1.·Ceistertienlium
1045 3053 1140 3088 cibus.

310 3099 414 3147 3692
429 3099 647 3134 Benedii'tinis
658 3101 728 3133 esus
738 3101 954 3144 carnium,qu·i
965 3102 1140 3145 irrepserat,

306 3149 639 3192 ¹saepiusinterdidius.
667 3149 709 3184 ib.
723 3150 773 3184 SS.
790 3150 1139 3187 Norbertus&·Domi-
1195 3181 1197 3183 ,

306 3201 403 3232 nicus
414 3198 477 3232 suis
488 3211 600 3235 carnes
611 3199 843 3234 interdixerunt
854 3225 861 3232 .
872 3203 902 3235 S.
918 3200 994 3236 vero
1004 3202 1140 3238 Benedi-

304 3250 378 3283 -aus
388 3249 504 3282 vinum
515 3251 702 3293 permisit‚&
714 3250 908 3284 S.Fr5ciscus
919 3262 1034 3286 carnes
1048 3262 1139 3299 3701

260 3297 424 3333 Monachi
446 3299 505 3332 soli
527 3299 612 3342 apud
632 3301 762 3334 Graecos
786 3302 955 3345 excipiunt
974 3302 1139 3338 con-femo-

311 3358 368 3383 nes
381 3373 390 3381 .

358 3396 469 3439 christ.
483 3402 560 3442 Lupi
571 3404 655 3442 oper.
669 3404 746 3434 Tom.
758 3405 808 3434 W.

1012 3361 1109 3400 339³
1122 3363 1137 3389 ¹

1192 215 1399 249 Monachum
1425 215 1622 258 Episcopum
1641 217 1742 258 usque
1765 217 1805 249 ad
1827 217 2007 254 Henricum
2028 221 2070 253 11.

1241 267 1362 309 semper
1376 264 1488 298 habuit
1503 265 1643 298 Ecclesia
1658 266 1912 299 cantuariensis.
1945 276 2018 313 141„
2048 282 2071 306 2

1193 313 1377 349 Monachus
1388 316 1571 349 Venantius
1581 326 1715 348 uxorem
1730 316 1843 349 duxit:
1856 317 1942 350 Cum
1953 328 2019 357 quo
2031 329 2075 352 ta-

1240 377 1315 401 men
1328 367 1357 399 S.
1374 365 1553 408 Gregorius
1565 368 1596 398 in
1610 364 1694 397 votis
1705 366 1840 398 minime
1861 366 2054 408 dispensavit
2065 392 2074 400 .

1243 427 1295 463 34.
1316 429 1347 453 2·
1362 415 1512 458 Eumque
1525 414 1570 448 ob
1580 416 1714 449 dubiam
1728 415 1951 457 professionem
1965 418 2078 452 tolera·

1242 467 1308 499 vit:
1338 465 1495 499 Reditum
1507 474 1615 499 tamen
1629 465 1669 499 ad
1680 464 1868 499 coenobium
1891 466 2076 501 constanter

1244 515 1337 549 suafit
1356 539 1363 548 .
1975 527 2027 564 35.
2054 528 2079 553 2

1193 565 1395 599 Monasteria
1408 576 1476 599 non
1486 564 1559 600 raro
1569 565 1882 600 dicuntur-Ecclefiae
1893 578 1930 600 ac
1957 565 1996 599 ha
2002 566 2081 600 bita·

1242 616 1316 649 cula
1326 617 1490 659 segregata
1503 640 1510 647 .
1975 614 2028 652 28.
2057 626 2078 653 1

1195 664 1393 701 Monasteria
1407 665 1452 698 ob
1475 663 1692 699 homicidium
1713 664 1879 700 Antistitis
1900 667 2052 701 translata
2066 690 2078 706 ‚

1245 726 1282 748 ac
1293 715 1435 749 Ordines
1447 714 1595 748 exstindti
1610 740 1616 746 .
1951 725 2031 761 215.
2056 724 2076 750 1

1196 764 1431 799 Monasterium
1443 788 1453 803 ,
1466 762 1521 797 ubi
1531 763 1586 796 lex
1599 764 1686 808 viget
1696 766 1963 805 amor-tintinnis,
1974 763 2079 807 potest

1246 825 1304 857 pro
1315 813 1530 848 exstinctione
1541 813 1620 855 juris
1635 813 1674 846 ad
1685 814 1731 847 sui
1745 813 1906 847 Monachi
1918 815 2080 849 haeredita-

1248 875 1317 898 tem
1329 888 1339 904 ,
1366 863 1488 905 aliquid
1499 864 1643 907 exigere.
1673 865 1726 910 98.
1742 875 1771 899 2-
1792 863 1862 910 Qi
1875 863 1998 897 intuitu
2014 876 2081 897 am-

1249 914 1295 957 pli
1324 911 1512 956 patrimonii
1533 913 1574 946 ad
1597 914 1788 946 monasteria
1812 913 2028 947 admittuntur
2046 913 2081 946 δε

1251 963 1430 997 admittunt
1441 987 1452 1003 ,
1478 962 1519 996 de
1529 962 1675 997 Simonia
1688 963 1884 996 damnantur
1895 987 1902 995 .
1981 966 2034 1009 99.
2064 974 2082 999 1

1201 1013 1388 1047 Monastica
1401 1013 1550 1055 profeffio
1562 1012 1671 1056 culpas
1693 1013 1727 1045 &
1750 1023 1860 1056 poenas
1884 1012 2064 1056 exstinguit
2076 1038 2084 1045 .
2110 1028 2112 1030 >

1251 1073 1330 1110 273.
1343 1074 1359 1099 1
1386 1063 1441 1096 Est
1454 1063 1538 1104 quasi
1551 1062 1686 1096 alterurn
1701 1062 1865 1106 Baptisma
1877 1085 1887 1102 ,
1897 1073 1951 1097 aut
1965 1063 2088 1106 Baptis-

1254 1114 1351 1147 matis
1362 1112 1654 1156 complementum.
1672 1122 1748 1159 274.
1762 1125 1780 1145 ι.
1795 1113 1988 1155 AEquivalet
2001 1112 2087 1146 satis-

1253 1164 1386 1197 fae'tioni
1401 1188 1408 1195 .
1439 1172 1516 1210 273.
1531 1174 1562 1199 2.
1573 1161 1723 1196 Plenaria
1737 1163 1902 1197 confertur
1913 1162 1947 1196 in
1970 1162 2089 1205 profes-

1259 1214 1348 1247 sione
1360 1211 1564 1257 indulgentia
1579 1237 1585 1243 .
2008 1210 2088 1245 ibid.

1207 1262 1390 1297 Monastica
1413 1262 1507 1296 vestis
1530 1261 1709 1305 appellatur
1731 1261 1914 1306 Angelicus
1937 1260 2090 1296 habitus.

1255 1313 1420 1356 Magni&
1433 1312 1521 1356 parvi
1538 1310 1668 1346 habitus
1679 1311 1850 1347 discrimen
1863 1337 1871 1345 .
1886 1322 1963 1359 274.
1977 1323 2006 1347 2·
2021 1311 2093 1344 No·

1256 1363 1332 1396 vitii
1358 1360 1494 1396 subinde
1513 1363 1547 1395 in
1571 1359 1692 1396 habitu
1707 1362 1874 1407 Angelico
1896 1361 2070 1405 probavere
2081 1384 2091 1392 .

1256 1423 1334 1458 275.
1351 1424 1376 1448 1-
1388 1411 1508 1445 Parvus
1520 1411 1647 1445 habitus
1656 1421 1724 1447 erat
1735 1413 1843 1446 laicus.
1859 1411 1937 1446 ibid.
1953 1410 2092 1456 Angeli-

1256 1473 1312 1496 cus
1326 1460 1456 1496 habitus
1466 1461 1484 1494 a
1497 1461 1706 1506 Principibus
1728 1462 1762 1496 in
1788 1462 1871 1496 lecto
1895 1461 2010 1495 mortis
2033 1461 2095 1494 fre·

1254 1520 1391 1553 quenter
1417 1514 1591 1555 assumptus
1613 1525 1620 1544 :
1659 1513 1772 1555 Atque
1793 1512 1901 1546 emiffa
1921 1510 2072 1554 professio
2085 1533 2094 1541 -

1257 1569 1336 1605 275³
1349 1572 1380 1594 2.
1394 1560 1505 1593 Etiam
1522 1560 1607 1601 apud
1621 1561 1776 1594 Latinos.
1907 1560 1985 1604 276-
2017 1570 2043 1594 1·
2071 1570 2095 1594 2

1207 1607 1333 1641 Morini
1347 1606 1471 1641 Placita
1482 1607 1628 1649 quaedam
1639 1610 1832 1652 respuuntur
1846 1633 1853 1640 .
1872 1618 1948 1653 104.
1965 1621 1994 1645 2·
2019 1618 2095 1654 105·

1229 1665 1287 1690 «ι.
1303 1666 1336 1691 2.
1365 1651 1440 1690 106⁴
1455 1666 1484 1690 2.

1633 1707 1669 1740 N

1313 1753 1432 1789 Estorii
1445 1766 1532 1790 error
1550 1757 1634 1790 circa
1646 1756 1884 1792 Eucharistiam
1896 1757 2089 1802 exponitur.

1337 1815 1415 1851 237.
1430 1816 1456 1840 1.
1468 1806 1501 1838 δι
1514 1807 1598 1848 seqq.
1610 1808 1736 1840 Docuit
1746 1807 1782 1841 in
1795 1807 1998 1842 Eucharistia
2010 1807 2096 1841 sumi

1255 1853 1387 1887 tantum
1397 1865 1527 1888 carnem
1544 1854 1605 1888 filii
1616 1854 1762 1890 hominis
1774 1880 1785 1896 ,
1809 1867 1878 1890 non
1905 1856 1989 1889 Dei.
2012 1858 2095 1890 Non

1254 1904 1317 1936 fuit
1328 1903 1449 1946 primus
1458 1904 1515 1947 qui
1528 1902 1590 1937 hac
1602 1904 1636 1937 in
1649 1915 1683 1938 re
1693 1906 1820 1938 erravit.
1834 1905 1911 1939 ibid.
1925 1905 2099 1939 Transele-

1255 1954 1494 1987 mentationem
1506 1953 1631 1987 admisit
1646 1967 1658 1987 .·
1679 1955 1844 1997 Sensitque
1865 1955 2030 1989 elementa
2058 1955 2094 1988 in

1255 2013 1374 2046 purum
1386 2002 1556 2037 hominem
1578 2003 1726 2038 converti
1740 2029 1748 2036 .
1774 2012 1860 2051 239.
1886 2015 1913 2040 1·
1943 2005 2096 2040 Eri-orem

1255 2052 1402 2088 Nestorii
1423 2054 1556 2088 sectatus
1579 2052 1750 2098 Eugenius
1772 2077 1784 2094 ,
1823 2052 2070 2098 Hildephonsus
2082 2080 2095 2096 ‚

1253 2114 1290 2136 ac
1309 2103 1475 2146 Julianus.
1507 2142 1512 2146 ἡ
2014 2104 2095 2140 ibid.

1205 2152 1340 2187 Nicetas
1352 2153 1542 2188 Pectoratus
1556 2155 1733 2196 correctus,
1760 2155 1795 2188 in
1820 2156 2092 2191 communionem

1254 2202 1429 2238 admissus.
1963 2205 2044 2252 446.
2074 2216 2090 2241 1

1206 2253 1414 2288 Nominandi
1424 2255 1548 2301 occafio
1560 2253 1646 2289 varia
1658 2255 1791 2289 refertur
1801 2280 1808 2286 .
1824 2263 1863 2291 12
1871 2266 1905 2299 9.
1922 2268 1952 2293 2.
1961 2256 1995 2290 δε
2006 2257 2092 2299 seqq.

1254 2304 1361 2338 Causa
1373 2305 1533 2348 generalis
1546 2304 1591 2338 est
1603 2305 1734 2340 avaritia
1748 2329 1755 2337 .
1962 2317 1976 2341 1
1985 2314 2036 2349 31.
2063 2314 2087 2340 2

1205 2353 1413 2388 Nominandi
1424 2354 1633 2399 privilegium
1643 2355 1755 2390 datum
1768 2355 1909 2400 Pippino
1927 2356 1945 2390 a
1971 2354 2094 2389 Zacha-

1252 2405 1299 2438 ria
1308 2403 1415 2447 Papa:
1441 2403 1515 2449 148.
1527 2415 1558 2441 2-
1572 2405 1650 2438 Fuit
1662 2407 1849 2448 personale.
1868 2416 1942 2451 149.
1956 2417 1986 2440 2.
2001 2405 2093 2439 Idem

1252 2454 1426 2489 Ludovico
1438 2455 1477 2487 11.
1491 2455 1678 2498 Imperatori
1690 2457 1877 2490 concessum
1890 2457 1929 2489 ab
1943 2456 2092 2489 Adriano

1254 2504 1295 2538 11.
1308 2504 1389 2538 ibid.
1400 2503 1514 2539 Postea
1525 2504 1610 2548 apud
1621 2506 1764 2540 Francos
1778 2505 1864 2540 siluit
1878 2531 1885 2538 .
1897 2505 1975 2540 ibid.
1991 2505 2093 2538 Acce·

1253 2554 1300 2597 pit
1312 2554 1393 2589 illud
1406 2555 1594 2589 Franciscus
1606 2556 1648 2588 La
1661 2557 1774 2590 Leone
1787 2555 1999 2601 X.150.1.1n
2017 2555 2095 2587 His·

1253 2604 1357 2648 paniis
1372 2604 1561 2639 Gothorum
1574 2605 1703 2650 regibus
1714 2605 1841 2646 datum,
1854 2605 1979 2638 duravit
1992 2605 2092 2647 usque

1198 2671 1203 2675 ·
1251 2654 1294 2688 ad
1307 2654 1508 2688 Rodericum
1520 2655 1650 2687 fatalem
1667 2679 1673 2685 .
1698 2654 1773 2687 ibid.
1795 2654 1832 2687 Id
1845 2654 1968 2687 Carolo
1981 2652 2022 2686 V.
2036 2654 2090 2688 In·

1251 2703 1347 2737 dulsit
1360 2703 1526 2736 Adrianus
1538 2703 1597 2738 Vl.
1614 2712 1689 2747 150.
1702 2716 1732 2740 2-
1757 2703 1821 2737 Pro
1834 2702 1948 2747 Belgio
1962 2715 1998 2737 ac
2011 2703 2093 2737 Bur-

1251 2753 1375 2798 gundia
1387 2753 1458 2787 Leo
1470 2752 1512 2786 X.
1525 2765 1562 2787 ac
1574 2751 1729 2797 Philippo
1741 2753 1780 2786 11.
1793 2753 1904 2787 Xistus
1917 2752 2087 2788 V-Verum

1254 2803 1295 2837 ad
1306 2804 1408 2838 vitam
1419 2803 1523 2848 Regis
1533 2803 1704 2837 dumtaxat
1715 2827 1723 2835 .
1751 2803 1828 2837 ibid.
1842 2803 1894 2845 Ius
1906 2813 2016 2838 tamen
2030 2814 2089 2836 no-

1250 2853 1401 2888 minandi
1416 2853 1593 2897 Episcopos
1605 2877 1615 2893 ,
1626 2853 1847 2888 Cameracenfi
1860 2864 1997 2896 excepto
2007 2876 2017 2893 ‚
2040 2852 2088 2886 est

1253 2913 1454 2948 perpetuum,
1467 2915 1507 2937 ex
1518 2902 1651 2938 lndulto
1666 2902 1759 2937 Pauli
1773 2904 1831 2937 lV.
1846 2902 1921 2936 ibid.
1935 2903 2088 2937 RexHis·

1252 2955 1422 2997 paniarum
1434 2965 1549 2988 omnes
1560 2953 1596 2987 in
1607 2953 1718 2988 Sicilia
1732 2953 1882 2987 nominat
1895 2953 2087 2996 Episcopos:

1253 3003 1393 3047 Aliquos
1405 3004 1439 3037 in
1453 3004 1573 3048 Regno
1585 3004 1825 3047 Neapolitano..
1836 2999 2000 3038 Nominat
2009 3003 2089 3037 item

1251 3054 1287 3087 in
1304 3055 1434 3087 Ducatu
1448 3053 1705 3088 Mediolanensi:
1730 3053 1782 3088 Ac
1805 3054 1902 3097 pleno
1914 3053 1981 3097 jure
1993 3054 2026 3087 in
2036 3052 2088 3086 In-

1251 3103 1330 3137 diis.
1363 3116 1402 3150 15
1412 3115 1437 3140 1·
1449 3116 1478 3140 2.
1503 3103 1710 3137 Nominandi
1725 3103 1933 3148 privilegium
1960 3102 2084 3147 An'glia

1252 3164 1429 3197 numquam
1441 3152 1555 3187 habuit
1569 3165 1575 3184 :
1605 3153 1667 3188 Sed
1681 3153 1785 3199 Regia
1799 3153 1953 3188 violentia
1967 3152 2000 3186 in
2025 3150 2087 3185 ele-

1251 3204 1374 3237 aiones
1384 3203 1506 3237 ibidem
1520 3202 1564 3236 est
1576 3205 1714 3247 grassata
1726 3229 1733 3236 .
1762 3202 1840 3238 ibid.
1855 3203 1964 3247 Reges
1973 3202 2084 3235 Scoto-

1252 3264 1342 3291 rum,
1356 3254 1554 3287 connivente
1569 3252 1708 3288 Ecclesia
1722 3279 1732 3294 ,
1742 3255 1966 3287 nominarunt.
2001 3249 2081 3283 ibid.

1252 3303 1361 3347 Reges
1374 3303 1519 3337 Poloniae
1529 3325 1539 3341 ‚
1553 3303 1721 3338 Bohemiae
1733 3329 1745 3344 ,
1757 3303 1930 3347 Hungariae
1942 3324 1953 3340 ,
1966 3300 2083 3333 Daniae

1250 3353 1300 3398 jus
1311 3353 1505 3388 nominandi
1519 3352 1750 3387 obtinuerunt.
1998 3347 2082 3383 ibid.

1533 3401 1575 3435 M
1600 3414 1631 3436 m
1658 3414 1691 3438 m
1742 3412 1763 3439 2
1961 3398 2032 3432 No-
