2352 3736
383 200 478 240 ιρι
693 179 1024 226 SANcrr

1093 177 1436 224 LEOle

1506 177 1741 229 Nou-1

313 273 401 309 ‘aare
409 277 532 313 propter
546 270 704 309 pecuniam
718 291 727 306 ‚
752 272 852 298 contra
873 261 1038 305 Evangelii
1054 269 1185 305 praecep-
1224 260 1344 309 {habes
1370 259 1456 306 apud
1482 261 1737 308 Fredegarium‚
1761 264 1797 301 δε
1816 266 2031 306 >Monachum
2067 268 2126 306 Af.

315 331 377 357 tuen
391 323 425 354 <⁰5
435 322 534 352 saeros
547 322 681 351 Canenes
696 341 704 351 ,
730 313 867 348 Erudita
878 311 919 347 ad
933 313 981 347 sui
997 312 1133 347 Ordinis
1149 312 1188 347 in
1228 312 1230 339 l
1247 313 1397 347 monium
1409 337 1417 345 .
1878 326 1881 329 ·

2144 307 2203 339 Lib.
2223 318 2248 347 3.
2269 320 2295 342 c,

315 369 473 408 Armenia
493 369 617 403 Fratres
638 362 781 408 Epistola
802 361 905 396 exstat
930 362 1014 405 apud
1036 362 1187 396 Clemen·
1227 345 1231 392 l
1299 363 1411 398 Etiam
1425 361 1484 399 sub
1494 361 1663 406 Pippino,
1690 364 1815 400 carolo
1836 366 1988 414 Magno,
2011 370 2126 406 Ludo.
2144 358 2191 385 94·

311 432 378 456 tem
391 420 466 455 Gale
478 430 555 452 num
569 442 575 448 .
598 414 774 449 Armenius
785 410 975 447 Monachus
985 412 1114 449 Sanetus
1127 414 1188 447 Ni-

313 481 376 506 con
402 472 433 502 in
458 467 613 505 musculo
635 463 675 498 de
695 463 823 506 pessima
846 463 1053 506 peffimorum
1074 461 1191 497 Arme·

315 523 445 556 nicrum
466 516 643 559 Religione
663 513 833 558 adjungit:
861 512 1014 554 Historiam
1028 536 1039 553 ,
1060 524 1128 554 quae
1138 524 1189 547 nos

315 574 396 607 docet
406 594 417 610 ,
428 567 508 610 quod
513 567 617 599 mulier
627 572 782 606 tamquam
802 565 939 598 adultera
955 563 999 596 ad
1001 566 1034 608 J
1036 562 1115 606 esum
1136 564 1190 596 ad-

315 617 470 658 duaaefi',
495 627 560 649 cum
577 620 603 648 r's
621 622 718 649 autem
743 613 860 657 dixisset
871 637 882 654 ‚
909 618 960 656 qui
987 624 1045 646 non
1054 618 1192 655 peccavit

313 670 441 711 lapidem
452 672 484 700 in
496 667 580 700 illam
604 671 707 698 mittat
718 686 729 703 ,
753 663 920 707 recefferunt
936 674 1034 697 omnes
1046 687 1057 703 ‚
1083 665 1118 700 eb·
1139 674 1190 697 nec

312 722 334 752 ἃ
353 717 467 759 christo
486 717 679 751 condemnata
687 712 724 755 est
736 739 747 755 ,
772 716 930 755 rejiciunt,
962 714 1039 747 hanc
1062 714 1187 746 auditio-

313 769 494 803 nemmultis
504 763 912 810 efflperniciosamdicentes.
938 764 983 801 Et
1009 764 1044 797 in
1067 764 1190 798 catalo-

313 830 379 864 go,
406 828 503 863 quem
528 816 570 851 de
596 813 800 851 Colchorum
825 815 859 853 ἀ
884 813 1051 849 Iberorurn
1078 815 1189 848 errori-

313 869 372 907 bus
398 865 439 902 ad
467 866 646 904 Urbanum
681 867 830 899 ostavum
869 864 1066 901 Pontificem
1104 864 1187 898 misit

311 918 429 958 Petrus
442 917 482 952 de
493 915 702 955 Avitabolis,
727 912 826 951 habet
846 914 997 949 laudatus
1020 913 1187 949 Galanus:

314 971 346 1009 si
368 971 406 1003 de
428 979 516 1003 uxore
541 968 657 1001 litteras
680 975 737 997 non
760 970 927 1006 recipiant,
951 966 989 998 de
1003 964 1189 997 sacerdotum

313 1020 433 1053 licentia
457 1020 536 1052 dant
566 1017 611 1050 illi
635 1014 767 1051 libellum
803 1016 916 1057 repudii
952 1023 1043 1056 atque
1095 1015 1188 1046 aliam

315 1071 427 1103 ducunt
437 1093 444 1100 .
473 1065 696 1109 Idemfimiliter
703 1063 824 1108 faciunt
832 1089 844 1106 ‚
866 1063 896 1107 fi
901 1063 999 1108 rixosa
1003 1063 1041 1107 fit
1052 1087 1064 1104 ,
1090 1070 1188 1096 autin

313 1120 462 1152 adulterio
472 1129 538 1154 eam
548 1115 797 1159 deprehenderint
805 1139 814 1147 .

355 1168 410 1214 *Et
420 1167 704 1204 ssmilesGentium
717 1166 881 1201 Fidelium
893 1165 980 1210 leges
1000 1165 1033 1200 &
1055 1163 1189 1198 consue·

313 1219 445 1253 tudines
462 1218 656 1252 exstiterunt
678 1216 761 1250 olim
780 1217 880 1249 etiam
911 1214 996 1257 apud
1029 1214 1186 1249 Latinos.

310 1269 447 1305 Etenim
458 1267 542 1311 apud
554 1265 786 1309 Marculphum
798 1263 1008 1299 Monachum
1019 1289 1029 1304 ‚
1051 1265 1106 1307 qui
1118 1296 1122 1308 ›
1132 1263 1189 1297 sub

311 1318 597 1363 Merovingiorum
612 1317 742 1359 Regum
759 1316 858 1348 finem
873 1314 906 1349 in
929 1314 1039 1348 Gallia
1061 1314 1190 1350 floruit,

309 1369 412 1402 exstat
433 1380 474 1402 ex
496 1367 638 1411 ipsorum
660 1365 953 1400 consuetudinariis
972 1363 1097 1409 legibus
1126 1362 1179 1398 de·

309 1419 435 1462 sumpta
448 1417 588 1452 formula
601 1441 612 1458 ‚
636 1426 706 1459 quae
717 1425 758 1449 ex
772 1414 858 1450 bona
868 1415 974 1458 gratia
986 1439 998 1455 ‚
1010 1416 1062 1448 seu
1074 1423 1188 1448 mutuo

309 1468 355 1502 ob
377 1467 570 1502 domesticas
589 1464 767 1500 discordias
792 1465 952 1499 consensu
990 1464 1189 1503 decernunt,

310 1522 350 1553 Ut
359 1515 556 1561 unusquisque
567 1527 605 1550 ex
616 1513 683 1557 ipsis
685 1513 751 1556 five
761 1515 805 1546 ad
808 1512 970 1557 servitium
990 1515 1047 1546 Dei
1071 1519 1104 1547 in
1128 1516 1187 1548 Mo-

311 1567 434 1609 nasterio
446 1591 457 1608 ‚
482 1576 535 1599 aut
547 1566 658 1608 copulae
669 1569 854 1597 matrimonii
862 1562 971 1606 sociare
986 1561 1020 1605 se
1043 1565 1188 1603 voluerit,

308 1620 462 1653 licentiam
474 1616 584 1650 habeat
595 1640 606 1656 ‚
633 1614 789 1649 &nullam
796 1612 1004 1655 requist‘eionem
1023 1623 1060 1646 ex
1084 1612 1134 1645 hec
1153 1614 1190 1646 de

307 1677 400 1712 parte
408 1672 541 1710 proximi
545 1665 594 1710 sui
603 1665 711 1698 babere
721 1664 843 1698 debeat.
870 1661 974 1710 Qiod
999 1660 1126 1705 ipsum,
1149 1673 1189 1695 ex

312 1719 384 1754 solo
395 1729 505 1752 tamen
518 1714 666 1759 conjugii
680 1713 732 1748 vel
745 1714 841 1756 ipfius
865 1722 985 1749 naturae
1007 1711 1188 1752 adulterio,

272 1807 278 1821 ‚
311 1768 507 1813 permittunt
519 1766 606 1811 leges
615 1762 876 1809 Visegothorum
890 1786 900 1803 ‚
926 1772 1004 1805 quas
1024 1760 1099 1795 licet
1112 1784 1123 1802 ‚
1150 1770 1190 1796 te-

275 1814 288 1857 .“
311 1820 357 1854 sse
367 1818 486 1854 Saneto
497 1816 619 1851 isidoro
643 1814 676 1850 in
699 1811 891 1848 Gothorum
908 1811 1099 1851 Chronico,
1127 1811 1189 1845 Eu·

312 1871 398 1904 ricus
420 1867 564 1902 Asianus
584 1865 660 1899 Rex
683 1863 930 1907 conscripserit,
954 1861 989 1895 &
1009 1860 1191 1904 Tyrannus

136 426 197 459 fol.
222 428 283 462 516.

135 1526 209 1566 Cap.
217 1531 233 1561 3
244 1536 271 1555 0.

311 1917 529 1963 Leovigildus
539 1914 713 1950 correxerit
723 1939 732 1954 ,
760 1914 859 1948 etiam
870 1923 1038 1947 correxeru
1045 1921 1078 1946 nt
1089 1909 1192 1946 Chin-

311 1970 501 2007 dammas,
525 1967 559 2000 δε
583 1964 796 1999 Recesvintus
833 1963 940 2007 Reges
973 1959 1191 2002 Orthodoxi,

312 2019 511 2061 tandemque
519 2014 670 2059 Ervigius
682 2014 757 2047 Rex
772 2035 784 2053 ,
808 2011 894 2047 haud
906 2010 1005 2046 dubie
1015 2022 1090 2046 cum
1116 2010 1192 2054 Epi-

313 2070 487 2113 scoporum
499 2065 661 2105 confilio,
686 2064 839 2108 perfecit.
869 2063 982 2096 Etiam
1001 2059 1190 2095 Theodori·

313 2130 369 2155 cus
380 2120 521 2161 Rexpro
531 2116 593 2151 suis
606 2115 639 2148 in
652 2114 746 2148 Italia
772 2123 840 2147 tam
863 2110 986 2146 Gothis
1005 2122 1104 2155 quarn
1125 2110 1193 2145 Ro·

313 2170 422 2205 manis
443 2166 535 2211 supr&
559 2165 711 2200 addurstas
727 2162 965 2203 Constantini,
994 2161 1127 2196 Arcadii
1151 2171 1195 2195 at·

315 2231 379 2264 que
402 2217 548 2252 Honorii
575 2216 662 2260 leges
683 2214 717 2248 in
736 2213 794 2247 suo
818 2212 935 2247 Edieto
964 2211 1194 2251 confirmavit,

318 2269 458 2305 Easdem
482 2264 628 2311 probafle
640 2265 767 2298 videtur
778 2262 864 2307 Papa
875 2261 1055 2297 Deusdedit
1067 2287 1077 2303 ,
1088 2261 1194 2295 virum

320 2318 560 2364 quiproprium
571 2315 675 2359 filium
689 2315 871 2358 suscepisset
895 2325 937 2347 ex
959 2313 1048 2349 sacro
1069 2312 1194 2352 Fonte,

316 2370 358 2405 ab
379 2380 483 2403 uxore
506 2363 716 2410 separandum
738 2363 915 2400 rescribens
926 2362 1097 2397 Gordiano
1118 2361 1194 2395 His-

317 2419 435 2464 palensr
454 2415 711 2460 Archiepiscopo
738 2439 749 2454 ‚
775 2414 810 2449 δε
836 2413 1026 2458 adjunges.-
1055 2411 1190 2445 Mulieres

318 2482 384 2504 cum
402 2467 551 2512 separate
566 2466 684 2508 fuerint
701 2473 757 2506 pro
776 2464 830 2497 bac
857 2465 961 2498 illicita
972 2474 1005 2496 re
1024 2463 1044 2494 a
1057 2466 1188 2504 propriis

320 2524 395 2553 viris
409 2542 418 2558 ,
454 2525 547 2551 totam
564 2520 756 2557 praecipimus
776 2518 900 2555 recipere
923 2514 1039 2546 dotem.
1067 2515 1113 2544 Et
1130 2509 1191 2553 post

322 2570 473 2611 expletum
492 2577 602 2599 annum
625 2568 769 2605 recipiant
791 2564 883 2595 alium
903 2569 1004 2596 virum
1017 2585 1025 2593 .
1052 2562 1193 2595 similiter

323 2621 420 2653 &vir
431 2626 549 2650 uxorem
561 2640 568 2648 .
595 2615 647 2648 De
666 2612 809 2656 ejusdem
832 2612 914 2646 olim
934 2610 1009 2645 faeti
1029 2611 1133 2654 specie
1150 2611 1194 2644 ita

323 2668 510 2712 responsum
522 2662 686 2699 affirmata
699 2663 762 2697 suis
770 2660 1054 2700 Antecessoribus,
1084 2659 1170 2703 Julio
1184 2683 1195 2699 ,

325 2716 543 2756 Innocentio,
569 2712 766 2748 Coelestino.
798 2710 924 2746 Eodem
936 2710 1097 2754 principio
1124 2710 1197 2743 usus

326 2769 389 2805 suit
399 2766 606 2810 Chilpericus
616 2765 813 2798 Francorum
826 2762 918 2801 Rex,
945 2761 985 2795 de
997 2772 1064 2804 quo
1087 2759 1198 2794 Abbas

326 2819 478 2863 Regino:
505 2815 689 2857 chilpericus
702 2814 889 2846 andoveram
901 2814 1044 2854 Reginam
1065 2811 1085 2841 ἃ
1102 2808 1135 2853 se
1157 2821 1200 2842 re-

160 2867 212 2897 M·
228 2867 291 2902 493·
323 2870 424 2912 pulit,
449 2879 479 2901 eo
501 2866 582 2909 quod
606 2863 785 2897 adhortante
810 2862 1001 2905 Fredegonde
1018 2859 1115 2901 filiam
1132 2867 1201 2900 pro-

324 2926 426 2961 priam
437 2919 453 2952 ἑ
460 2915 541 2960 sacro
553 2919 649 2949 Fonte
669 2910 841 2957 suscepisset
855 2936 866 2952 ‚
891 2912 924 2945 (a
945 2910 1070 2945 eandem
1091 2909 1202 2943 Frede-

328 2970 449 3011 gondem
464 2966 519 3008 sibi
537 2972 570 2999 in
595 2968 813 2998 matrimonium
824 2964 946 3005 jungit.
976 2959 1049 2994 Nec
1071 2957 1201 2992 soluma

333 3017 487 3050 diturum
499 3015 650 3062 gentium
673 3011 840 3058 Regibus,
866 3009 920 3045 sed
941 3010 1042 3046 etiam
1063 3008 1081 3042 ὲ
1104 3019 1203 3052 popu—

335 3065 451 3099 laribus
463 3067 644 3109 frequenter
655 3062 738 3097 dicta
750 3060 944 3107 conjugibus
955 3058 1099 3103 repudia,
1113 3059 1204 3092 inita-

337 3126 399 3157 que
409 3115 556 3159 conjugia
568 3116 631 3149 alia
644 3138 655 3154 ,
693 3113 848 3147 testantur
869 3110 1006 3154 ipsarum
1030 3107 1176 3143 Annales
1195 3132 1203 3140 .

337 3165 533 3198 Francorum
560 3165 690 3208 Regum
718 3162 804 3197 varia
831 3160 976 3204 exempla
1002 3158 1134 3194 exhibet
1170 3159 1203 3192 in

340 3214 479 3255 ipsorum
502 3213 647 3245 Historia
666 3213 797 3246 Sanetus
817 3211 995 3256 Gregorius
1027 3209 1204 3252 Episcopus

340 3261 557 3295 Turonensis.
599 3262 642 3293 Et
665 3263 823 3303 quoniam
847 3261 961 3295 Franci
984 3270 1052 3294 nou
1074 3270 1114 3293 ex
1134 3258 1204 3292 solo

340 3309 498 3346 adulterio
509 3332 519 3348 ,
545 3308 597 3342 sed
609 3320 649 3341 ex
660 3311 730 3342 aliis
743 3311 840 3343 etiam
853 3311 951 3344 caulis
973 3309 1183 3353 repudiabant
1195 3333 1203 3345 >

341 3361 483 3406 ipsorum
494 3357 639 3401 Regibus
651 3357 836 3391 Gothorum
858 3360 891 3392 in
915 3360 1075 3402 Hispania
1098 3358 1203 3403 Reges

339 3409 538 3454 despondere
551 3406 707 3440 nolebant
720 3408 789 3439 suas
801 3408 880 3440 filias
893 3409 947 3440 nisi
959 3409 1040 3442 daris
1061 3409 1101 3443 de
1124 3409 1202 3442 citra

339 3460 535 3497 adulterium
558 3468 625 3493 non
655 3453 856 3500 repudiando
876 3459 1087 3493 §aeramentis
1111 3482 1118 3493 .
1156 3457 1204 3493 lta

142 2330 220 2369 Cap.
234 2336 279 2365 54-

1250 415 1324 448 vico
1334 409 1397 447 Pio
1407 438 1418 454 ,
1440 423 1619 456 eorumque
1629 413 1871 452 Successoribus
1879 423 2016 463 grassata
2027 421 2074 456 est
2084 421 2125 456 li.

1250 464 1358 498 centia
1370 488 1378 496 .
1404 462 1508 509 Qod
1525 462 1613 497 enim
1626 463 1787 508 Pippinus
1809 467 1907 503 faetus
1926 468 2001 505 Rex
2014 496 2026 512 ,
2045 470 2127 514 ejus·

1250 525 1313 559 que
1322 513 1716 550 defunctiSuccessores&
1736 515 1798 551 filii
1820 516 1960 554 Carolus
1977 519 2123 567 Magnus

1251 565 1286 601 ὅ(
1310 563 1574 598 Carolomannus
1596 575 1714 600 uxores
1738 565 1860 611 priores
1880 565 2064 613 dimittere,
2088 573 2123 608 δε

1251 613 1330 650 alias
1348 614 1548 649 sublimioris
1569 615 1737 660 sanguinis
1767 618 1912 662 accipere
1940 618 2124 662 voluerint,

1251 664 1337 701 lucet
1347 677 1387 700 ex
1397 663 1651 708 stephanitertii
1662 665 1835 704 Pontificis
1850 669 1993 712 Epistola
2014 669 2057 705 ad
2077 671 2123 706 di-

1252 717 1319 750 ἂοε
1342 715 1500 750 Carolum
1524 715 1558 750 δε
1577 715 1878 752 carolomannum.
1907 719 2018 766 Qam
2036 720 2126 764 pessi-

1251 776 1339 800 mam
1352 765 1392 799 ad
1407 765 1562 810 Regnum
1576 768 1760 802 evestorum
1782 768 1962 812 superbiam
1982 771 2124 815 viguisse

1250 816 1350 849 etiam
1365 817 1396 848 in
1407 813 1595 860 Anglorum
1608 815 1799 853 Proceribus
1810 843 1821 860 ‚
1857 819 1966 854 scribit
1987 822 2124 856 Simeon

1250 864 1438 900 Monachus
1459 865 1709 901 Dunelmenfis.
1737 868 1780 903 Et
1801 867 1937 912 quidem
1954 870 2126 914 Stephano

1251 915 1409 950 Pontifici
1421 915 1512 950 aliud
1524 915 1693 951 mandanti
1705 918 1845 954 Carolus
1867 930 1936 955 non
1956 920 2125 957 obedivit.

1251 965 1356 1009 Quod
1366 965 1456 999 enim
1467 965 1627 1000 Defiderii
1649 968 1949 1014 Longobardorum
1967 970 2071 1017 Regis
2089 971 2127 1006 fi-

1252 1015 1352 1070 liam,
1377 1014 1814 1062 cujusnuptiasfingulariter
1840 1018 2016 1057 damnabat
2038 1020 2126 1056 Pon-

1251 1065 1332 1099 tifex
1343 1088 1355 1104 ,
1381 1063 1524 1103 duxerit,
1535 1065 1570 1098 δε
1582 1066 1691 1107 postea
1701 1070 1861 1110 poenitens
1869 1071 1968 1107 etiam
1981 1071 2129 1116 repudia.

1250 1114 1314 1154 rit,
1338 1113 1496 1148 testantur
1518 1113 1731 1150 Hermannus
1751 1118 1966 1162 Contractus,
1991 1122 2128 1166 Eginar-
2149 1133 2284 1166 Amyn.

1251 1164 1335 1204 dus,
1356 1163 1391 1197 ὅ(
1413 1163 1522 1199 Sancti
1534 1162 1623 1197 Galli
1636 1165 1845 1209 Monachus,
1880 1168 2004 1204 addens
2024 1170 2060 1206 id
2081 1172 2127 1206 fa·
2146 1171 2282 1210 C²P·²6·
2348 1176 2352 1204 ἱ

1253 1216 1339 1248 stum
1355 1226 1397 1248 ex
1410 1213 1645 1257 Episcoporum
1654 1214 1778 1258 judicio
1791 1242 1802 1257 ‚
1812 1217 1902 1261 quod
1914 1220 1996 1254 esset
2006 1219 2129 1257 clinica
2350 1217 2352 1220 ⁴

1250 1266 1283 1299 &
1296 1263 1483 1298 infoecunda
1495 1288 1502 1295 .
1529 1264 1636 1304 Securi
1649 1266 1721 1300 sunt
1734 1267 1886 1312 Gregorii
1897 1268 2028 1304 secundi
2040 1269 2130 1306 Pon-

1251 1316 1348 1350 tificis
1362 1315 1546 1357 rescriptum
1559 1314 1599 1348 ad
1612 1316 1811 1352 Francorum
1830 1318 2030 1362 Apostolum
2050 1320 2129 1356 San-

1250 1368 1335 1399 <stum
1363 1364 1599 1398 Bonifacium:
1635 1367 1726 1409 ,Quod
1754 1366 1938 1411 proposuistis
1960 1393 1971 1409 ,
2010 1369 2133 1413 quodfi

1252 1416 1354 1447 mulier
1367 1414 1543 1457 infirmitate
1563 1425 1696 1457 correpta
1709 1427 1766 1450 non
1776 1419 1903 1452 valuerit
1912 1424 1978 1452 viro
1994 1419 2129 1459 debitum

1251 1466 1372 1499 reddere
1386 1489 1398 1505 ,
1423 1465 1496 1507 quid
1503 1466 1568 1506 ejus
1575 1464 1674 1506 factat
1679 1468 1818 1510 jugalis?
1857 1470 1975 1502 Bonum
1985 1466 2081 1512 eſset,
2100 1467 2132 1512 -fi

1244 1513 1284 1556 fic
1305 1523 1514 1557 permaneret,
1538 1523 1571 1548 ut
1593 1515 1779 1556 abstinentiae
1801 1528 1943 1553 vacaret.
1979 1520 2040 1553 Sed
2056 1525 2128 1562 quia

1251 1563 1475 1607 hocmagnotum
1487 1563 1543 1605 est,
1571 1565 1664 1598 nubat
1674 1572 1786 1610 magis.
1814 1573 1887 1601 Non
1896 1578 1998 1603 tamen
2006 1567 2128 1612 Jitbfidu

1251 1621 1329 1655 opem
1339 1612 1500 1657 subtrahat
1521 1613 1559 1647 ab
1573 1614 1626 1648 illa
1637 1638 1648 1654 ‚
1672 1627 1763 1658 qaam
1774 1617 1936 1660 infirmitas
1950 1620 2129 1661 pandit,

1251 1665 1284 1696 (5·
1296 1675 1352 1697 non
1365 1663 1540 1703 detestabilis
1547 1665 1632 1707 culpa
1642 1667 1773 1700 excludit
1783 1692 1791 1700 .
1820 1668 1863 1702 Et
1873 1668 1909 1702 in
1920 1666 2129 1704 vermerien-

1252 1715 1270 1745 fi
1287 1712 1423 1756 Synodo
1435 1713 1545 1747 statuit
1560 1714 1626 1757 ipse
1637 1738 1648 1755 ‚
1675 1715 1796 1759 lapsam
1806 1717 1891 1761 apud
1904 1729 1964 1754 nos
1976 1717 2129 1754 Christia-

1252 1764 1390 1798 nitatem
1412 1773 1582 1805 reparans,
1609 1763 1757 1799 laudatus
1780 1765 1993 1804 Bonifacius:
2018 1770 2052 1802 si
2073 1769 2130 1802 alt-

1252 1819 1395 1855 quiscum
1417 1812 1543 1855 filiastra
1562 1811 1619 1856 sua
1640 1823 1762 1855 manet,
1801 1827 1853 1850 nec
1870 1827 1998 1851 matrem
2021 1828 2073 1852 nec
2096 1817 2130 1858 fi·

1250 1863 1323 1899 liam
1336 1862 1420 1905 ipfius
1431 1862 1540 1896 babere
1548 1863 1640 1904 potest
1652 1889 1659 1897 .
1687 1869 1755 1899 Nec
1765 1866 1814 1903 ille
1824 1890 1835 1906 ‚
1862 1877 1914 1902 nec
1931 1867 1985 1901 illa
2006 1869 2077 1902 aliis
2095 1864 2130 1911 se

1248 1921 1384 1955 poterunt
1405 1914 1577 1962 conjungere
1598 1914 1655 1947 ullo
1677 1926 1810 1956 unquam
1829 1925 1956 1959 tempore
1970 1940 1979 1950 .
2007 1917 2130 1954 Foedus

1251 1964 1341 1997 enim
1353 1961 1408 1995 ille
1417 1962 1565 1997 incaestus
1576 1972 1749 2007 utrumque
1759 1965 1862 2009 privat
1883 1975 2038 2010 perpetuo
2058 1966 2130 2010 jure

1253 2011 1414 2048 nubendi.
1446 2016 1582 2045 Attamen
1592 2024 1666 2047 uxor
1677 2015 1776 2056 ejue,v
1785 2013 1864 2057 fiita
1884 2017 2034 2055 voluerit,
2050 2014 2082 2059 fi
2094 2015 2129 2060 se

1250 2068 1399 2096 continere
1410 2073 1467 2095 non
1474 2062 1565 2104 potest
1577 2084 1588 2102 ‚
1605 2062 1637 2104 fi
1647 2063 1746 2106 posted
1762 2076 1851 2107 quam
1868 2071 2002 2111 cognovit
2012 2090 2024 2106 ,
2049 2067 2132 2110 quod

1250 2124 1313 2146 cum
1318 2111 1387 2155 filia
1393 2110 1451 2155 sua
1461 2118 1512 2145 vir
1523 2112 1658 2154 ejusfuit
1667 2119 1699 2145 in
1722 2114 1870 2149 adulterio
1881 2141 1892 2157 ,
1918 2117 2038 2150 carnale
2056 2127 2130 2150 cona-

1262 2167 1472 2196 merciumcum
1482 2173 1578 2197 eonon
1597 2162 1687 2198 babet
1699 2166 1712 2205 ,'
1734 2163 1791 2207 nifi
1811 2166 1962 2202 voluntate
1981 2165 2106 2207 abstinet
2117 2189 2130 2207 ,

1252 2212 1347 2256 -potest
1357 2214 1414 2246 alio
1422 2212 1542 2247 nubere.
1572 2213 1615 2248 Et
1638 2213 1775 2249 iterum:
1803 2218 1835 2249 Si
1854 2228 1914 2258 qua
1931 2216 2035 2254 multer
2055 2228 2220 2273 ’'¹⁰7‘'Cap.
2241 2244 2256 2263 ὅ

1260 2273 1321 2298 tem
1334 2263 1448 2309 virisui
1457 2274 1523 2297 cum
1533 2265 1599 2297 aliis
1620 2263 1788 2299 hominibus
1808 2266 1992 2309 confiliavit,
2016 2268 2052 2302 ὑ
2069 2265 2131 2311 lpse
2260 2256 2269 2264 ⁹

1253 2320 1304 2348 vir
1341 2311 1426 2356 ipfius
1450 2313 1596 2348 bominem
1615 2313 1802 2356 defendendo
1815 2315 2008 2360 J'eocctderit,
2034 2316 2130 2352 &bac

1249 2364 1376 2406 probare
1383 2363 1475 2405 petest
1486 2388 1497 2404 ,
1524 2364 1572 2399 ille
1581 2370 1633 2399 ων
1641 2364 1732 2408 potest
1745 2377 1863 2400 uxorem
1870 2365 1956 2411 suam
1967 2368 2129 2407 dimittere,

1254 2417 1288 2448 (9·
1291 2413 1320 2455 fi
1326 2415 1472 2455 voluerit,
1499 2416 1592 2448 aliam
1601 2420 1744 2457 accipiat.
1778 2417 1823 2452 Et
1839 2417 1979 2451 rursum:
2005 2417 2038 2451 51
2060 2421 2130 2458 qui:
2148 2424 2224 2463 Cap.
2239 2427 2273 2458 5·‘

1255 2465 1411 2505 neceffltate
1421 2464 1588 2498 inevitabili
1603 2475 1716 2508 cogente
1726 2489 1738 2505 ‚
1764 2467 1799 2499 ό·
1819 2472 1852 2499 in
1872 2467 1965 2501 altum
1983 2467 2131 2499 Duc-etum

1253 2513 1305 2557 seu
1335 2517 1522 2548 Provinciam
1536 2513 1674 2558 fugerit,
1711 2523 1764 2547 aut
1785 2516 1930 2548 Seniorem
1942 2512 2050 2557 suum,
2083 2520 2132 2550 cui

1254 2565 1348 2606 fidem
1360 2569 1478 2598 mentiri
1489 2575 1546 2597 non
1553 2572 1672 2605 poterat
1685 2586 1696 2604 ‚
1726 2562 1842 2606 secutus
1854 2563 1953 2606 fuerit
1963 2590 1974 2605 ,
1999 2566 2034 2600 Θ
2055 2576 2132 2598 uxor

1259 2616 1324 2655 ejus
1336 2638 1347 2654 ‚
1372 2615 1436 2647 cum
1449 2615 1531 2646 valet
1543 2611 1677 2654 &potest
1687 2636 1698 2652 ,
1723 2624 1819 2646 amore
1833 2616 1994 2647 Parentum
2015 2622 2069 2647 aut
2088 2625 2134 2648 re·

1259 2675 1325 2697 rum
1329 2661 1451 2706 suarum
1456 2660 1542 2705 sequi
1552 2673 1617 2695 eum
1631 2663 1754 2695 noluerit
1767 2686 1778 2702 ‚
1803 2661 1869 2706 ipsit
1882 2669 1961 2696 omni
1983 2672 2110 2707 tempore
2120 2688 2132 2705 ‚

1258 2715 1398 2755 quamdiu
1420 2718 1470 2746 vir
1489 2714 1572 2752 ejus,
1613 2722 1697 2753 quem
1713 2709 1813 2754 secuta
1835 2725 1892 2746 non
1905 2712 1992 2754 fuit,
2026 2712 2132 2755 vivit,

1255 2761 1369 2805 semper
1383 2768 1511 2803 innupta
1517 2769 1694 2803 permaneat
1705 2785 1713 2793 .
1738 2766 1826 2795 Nam
1836 2764 1885 2796 ille
1895 2768 1945 2797 vir
1969 2765 2035 2805 ejus
2046 2788 2059 2804 ,
2082 2766 2134 2806 qui

1261 2812 1417 2852 neceffitate
1427 2820 1540 2855 cogente
1551 2817 1583 2843 in
1596 2812 1684 2844 altum
1693 2812 1784 2845 locum
1786 2812 1873 2856 fugit
1885 2836 1897 2853 ,
1918 2810 1982 2856 fise
1993 2812 2132 2853 abstinere

1261 2873 1319 2894 non
1324 2861 1417 2904 potest
1427 2885 1437 2901 ,
1462 2862 1553 2894 aliam
1563 2872 1682 2895 uxorem
1694 2873 1755 2894 cum
1766 2861 2038 2905 poenitenttapotest
2060 2859 2133 2895 dcci-

1256 2920 1344 2954 pere.
1366 2910 1479 2945 Plures
1501 2909 1547 2945 ibi
1570 2912 1642 2946 sunt
1665 2912 1826 2954 ejusmodi
1847 2912 2018 2947 Canones.
2047 2911 2133 2958 Qz

1262 2962 1376 2995 omnia
1386 2961 1593 2996 confirmavit
1620 2961 1717 2995 etiam
1730 2962 1788 2997 sub
1799 2961 1932 3006 Pippini
1944 2961 2066 3005 Regno
2077 2960 2132 2994 ha·

1266 3013 1331 3046 bita
1360 3011 1512 3055 Synodus
1526 3012 1817 3055 Compendienfis:
1840 3013 1873 3044 si
1895 3015 1961 3052 quis
1986 3009 2068 3044 bomo
2082 3010 2134 3043 ba»-

1266 3062 1310 3095 bet
1334 3072 1451 3094 uxorem
1475 3062 1654 3105 legitimam,
1680 3063 1715 3098 Θ
1743 3061 1846 3103 fram
1880 3062 1947 3102 eJ’us
1986 3060 2134 3095 adultera-

1267 3117 1345 3145 verit
1369 3122 1435 3145 rum
1459 3122 1516 3152 ea,
1543 3113 1590 3144 ille
1607 3111 1713 3153 frater
1747 3111 1800 3144 vel
1830 3109 1883 3143 illa
1920 3110 2048 3150 mulier,
2082 3112 2135 3152 qu}

1269 3161 1444 3195 adulterium
1474 3170 1686 3203 perpetrarunt
1708 3183 1719 3199 ,
1754 3164 1873 3193 interim
1909 3171 1964 3203 quo
2002 3165 2138 3198 vivunt,

1268 3223 1426 3254 numquam
1455 3211 1586 3246 habeant
1623 3211 1799 3252 conjugium.
1837 3209 1912 3250 Ille,
1946 3215 2028 3244 cuius
2061 3219 2137 3242 uxor

1262 3262 1348 3303 fuit,
1369 3263 1398 3303 fi
1414 3264 1483 3297 vult
1497 3286 1507 3302 ‚
1528 3259 1696 3305 potestatem
1720 3257 1827 3292 babeat
1862 3260 1956 3293 allam
1989 3262 2136 3299 accipere.

1270 3312 1311 3346 Et
1334 3313 1470 3346 iterum:
1498 3313 1528 3345 52
1552 3313 1617 3351 quis
1640 3314 1690 3341 vir
1711 3310 1861 3342 mulierem
1877 3306 1965 3352 suam
1991 3304 2138 3349 dimiserit

1253 3364 1300 3406 ἰὼ·
1329 3364 1443 3395 dederit
1468 3365 1659 3394 commeatum
1680 3366 1739 3400 pro
1763 3360 1923 3402 ReligIonis
1948 3354 2035 3399 causa
2058 3361 2140 3389 intra

1252 3407 1256 3457 f
1272 3411 1474 3452 {nonasterium
1508 3406 1656 3450 defi-wire
1685 3432 1695 3447 ,
1730 3417 1785 3441 aut
1812 3407 1903 3449 foras
1935 3404 2141 3445 Monasterium

1269 3462 1383 3496 dederit
1392 3462 1540 3496 licentiam
1551 3458 1650 3491 velare
1655 3465 1781 3501 propter
1795 3459 1890 3492 Deum
1900 3480 1911 3498 ‚
1937 3462 1987 3490 vir
1999 3456 2050 3489 ille
2070 3462 2143 3490 acei-

1972 3512 2044 3550 piae

2142 746 2204 778 Lib.
2228 758 2256 784 4,
