2352 3736
81 403 115 432 L.
143 404 171 430 6.
190 411 215 432 c.

80 450 127 477 39·

80 827 110 854 J..
136 831 162 856 8.
182 836 207 857 c.

83 876 130 894 22..

77 1172 107 1200 1..
137 1178 180 1199 ιο.
204 1178 230 1199 c-

79 1213 121 1238 26.

77 1674 107 1702 Ι..
137 1679 165 1709 3.
186 1681 212 1702 c.

82 1717 129 1744 157.

75 1793 109 1821 1.-
130 1802 154 1820 2.
166 1799 192 1822 c.
204 1801 228 1821 1.

464 175 518 207 ne
552 158 748 205 SmomAE
785 149 997 215 {mmmm
1033 170 1082 200 tr
1118 169 1263 201 vimus
1302 168 1361 200 Ar>
1396 150 1524 199 mun
1559 167 1882 200 srtcrixminus.

253 249 296 284 de
308 247 532 284 Gumtramno
547 246 662 290 Rege,
689 243 746 287 qui
769 243 1004 277 Bituricensem
1028 238 1139 273 Remi·

254 296 482 343 giiAntistiris
494 304 599 329 morte
621 302 790 329 vacantem
816 293 1050 336 Episcopatum
1071 301 1143 333 gra-

253 350 298 382 tis
317 347 449 382 dederat
472 347 588 379 Sancto
612 345 757 388 Sulpicio
772 367 783 383 ‚
810 340 919 375 scribit
945 340 980 376 in
1004 341 1143 373 Franco-

255 409 328 432 rum
341 396 489 431 Historia
503 397 634 430 Sanctus
641 393 819 437 Gregorius
830 389 1033 426 Turonensis
1046 401 1052 421 :
1066 390 1143 421 Cum

255 448 342 481 multi
352 459 478 480 munera
489 446 647 486 offerrent,
673 443 736 475 baec
745 445 813 474 Rex
826 439 1036 482 Episcopatum
1059 446 1143 482 quae-

254 497 389 531 rentibus
403 495 574 539 respondisse
577 494 698 536 fertur.
725 494 798 523 Non
820 490 859 528 est
882 493 1074 532 Principatus
1091 500 1139 520 no-

248 548 305 589 stri
315 546 487 590 consuetudo
500 570 511 585 ‚
536 543 737 577 Sacerdotium
751 541 935 574 venumdare
942 538 1000 583 sub
1023 544 1120 581 pretio
1132 562 1142 577 ‚

249 596 361 642 sednec
374 597 499 637 vestrum
502 597 596 634 pretio
608 592 687 624 illud
694 599 865 631 comparare
877 614 886 628 ,
914 601 951 623 ne
963 592 997 624 eb·
1013 601 1066 622 nos
1079 598 1143 621 tur-

253 655 301 690 pis
312 651 384 681 lucri
395 645 554 686 cupiditate
567 651 700 675 notemur
711 666 720 681 ,
731 643 767 674 (ς’
779 653 835 674 vos
849 645 936 684 Mago
946 643 966 673 5
968 646 1058 672 imoni
1068 650 1141 672 com-

251 701 402 740 paremini
413 718 420 724 .
434 694 563 735 Nempe
573 693 591 726 ὲ
605 690 815 726 sanffloribus
827 692 1027 725 Francorum
1041 689 1142 734 Regi-

255 749 314 785 bus
323 745 383 779 fuit
396 743 635 776 Gumtramnus
647 765 658 781 ,
683 739 799 785 dequo
810 751 918 775 tamen
932 741 1038 784 pergit
1050 739 1138 773 idem

252 794 451 838 Gregorius:
481 792 593 825 Laban
614 788 776 831 Helenenfis
797 789 963 833 Episcopus
986 789 1038 823 hoc
1058 801 1137 822 anno

250 846 334 880 obiit.
362 848 421 876 Cui
443 842 608 884 Defiderius
629 853 668 875 ex
694 845 785 874 Laico
803 839 943 883 ficccefflt.
975 844 1051 871 Cum
1068 841 1139 880 jure

243 896 378 938 Jurando
387 899 463 927 enim
477 897 543 925 Rex
549 892 695 934 pollicitus
702 890 812 932 fuerat
819 889 853 933 se
866 901 1018 933 nunquam
1044 893 1072 922 E
1073 888 1135 931 pis-

248 953 349 987 copum
358 955 396 978 ex
411 939 731 977 Laicis'ordinaturum
744 965 752 973 .
780 942 838 973 sed
848 941 923 983 quid
941 939 1062 982 pellora
1089 938 1139 971 bu-

246 1006 340 1028 mana
350 1005 406 1027 non
418 1000 493 1037 cogit
504 999 569 1025 auri
579 990 775 1035 sacrafames
790 991 805 1023 ?
836 990 961 1024 Eadem
976 990 1031 1024 via
1046 989 1138 1022 Gon-

248 1044 514 1089 degelilusDodo
523 1055 562 1077 ex
575 1041 827 1076 Santonenfium
839 1041 973 1074 Comite
997 1041 1031 1074 in
1061 1039 1139 1082 ejus-

247 1096 325 1130 dem
337 1095 479 1129 civitatis
490 1093 692 1137 Episcopum
707 1090 814 1125 subito
826 1090 968 1134 praefecit
982 1115 989 1122 .
1020 1090 1061 1123 Et
1073 1101 1139 1123 rur-

249 1146 321 1179 sum
334 1145 366 1179 in
379 1143 498 1179 eodem
509 1154 620 1186 ope-re:
652 1142 863 1185 Ragnemodus
887 1139 1044 1181 Parifiacae
1066 1144 1138 1172 civi-

249 1204 327 1228 tatis
341 1193 502 1237 Episcopus
513 1193 582 1227 obiit
596 1218 603 1225 .
631 1196 762 1233 Cumque
774 1194 943 1224 Germanus
953 1192 1017 1230 ejus
1042 1194 1136 1222 Fara·

250 1246 352 1278 modus
364 1245 519 1283 Presbyter
537 1251 594 1284 pro
616 1239 796 1283 Episcopatu
822 1248 1018 1280 concurreret,
1044 1238 1137 1281 Euse-

250 1297 318 1329 bius
331 1296 453 1338 quidam
467 1299 627 1337 negotiator
639 1318 648 1332 ‚
671 1302 777 1334 genere
802 1293 821 1323 5
817 1302 886 1329 yrus
899 1313 909 1328 ,
935 1291 1015 1322 datis
1035 1291 1136 1321 multis

250 1344 421 1379 muneribus
433 1349 464 1375 in
477 1346 541 1385 ejus
557 1343 649 1375 locum
657 1340 834 1384 subrogatus
845 1340 883 1379 est
895 1365 901 1371 .
927 1339 1012 1383 Isque
1025 1347 1138 1380 accepto

251 1394 436 1438 Episcopatu
449 1418 459 1433 ‚
484 1404 597 1426 omnem
608 1391 737 1424 Scholam
750 1390 901 1432 Decefforis
909 1388 957 1431 sui
970 1389 1112 1429 abjiciens
1126 1414 1136 1429 ,

251 1448 332 1483 Syros
346 1445 383 1477 de
391 1454 496 1488 genere
503 1441 554 1484 suo
570 1439 770 1481 Eeclefiasticae
791 1441 889 1471 domui
915 1438 1065 1478 Ministros
1085 1447 1137 1479 pe·

244 1494 308 1538 ficit
319 1520 326 1526 .
341 1490 525 1540 Qomodo
536 1489 666 1535 Regina
680 1487 905 1522 Brunichildis
922 1487 1076 1522 mendico
1088 1499 1138 1521 ru-

250 1544 331 1577 stico
346 1567 355 1582 ‚
367 1545 384 1575 ὲ
395 1542 507 1586 quoin
521 1551 602 1585 agro
612 1549 719 1574 errans
731 1539 833 1573 fuerat
845 1537 971 1572 reducta
985 1539 1016 1571 in
1028 1539 1112 1572 viam
1125 1564 1133 1578 ,

248 1591 553 1628 Antifiodorensem
589 1590 823 1633 Episcopatum
847 1587 974 1622 dederit
997 1589 1030 1622 in
1055 1599 1137 1631 proe-

246 1635 355 1677 mium
380 1667 391 1683 ,
417 1641 526 1676 videre
547 1640 643 1683 poffis
665 1639 750 1684 apud
775 1637 983 1672 Monachum
1006 1638 1136 1672 Aimoi-

249 1704 347 1727 num.
373 1694 426 1727 De
436 1690 550 1726 eadem
562 1689 668 1725 scribit
693 1690 726 1723 in
748 1689 855 1723 Sansti
882 1688 985 1733 Eligii
1005 1689 1135 1723 Torna-

248 1744 352 1778 cenfis
365 1742 518 1786 Episcopi
532 1741 596 1775 vita
607 1740 717 1783 antiqu
725 1750 761 1772 us
788 1738 912 1772 Auitor
925 1752 936 1772 .·
963 1742 1134 1771 Immaniter

247 1797 413 1827 simoniaca
427 1790 539 1833 lsaerefis
547 1790 712 1833 pullulabat
725 1796 755 1821 in
766 1788 996 1830 cunc‘lisfint‘bus
1009 1790 1043 1823 Θ
1056 1789 1132 1821 urbi·

248 1845 302 1876 bus
313 1850 393 1886 regni
406 1848 587 1876 Francorum
600 1864 610 1880 ,
630 1846 816 1881 maximeque
828 1838 1005 1881 temporibus
1020 1842 1133 1871 Bruni·

247 1893 356 1927 childis
367 1897 507 1936 Reginae.
537 1890 642 1925 Addit
653 1889 776 1923 durasse.
790 1889 937 1931 usquead
950 1889 1133 1933 Dagoberti

246 1943 508 1986 Registempora
521 1965 531 1980 ‚
560 1943 593 1975 &
606 1942 730 1984 pergit:
754 1939 890 1973 Violabat
899 1938 951 1972 hoc
971 1944 1133 1982 contagium

246 1992 431 2025 Catholicam
438 1991 530 2033 fidem
541 2015 550 2030 ,
573 1989 685 2033 solicite
697 1999 795 2022 tamen
800 1998 857 2030 pro
870 1979 919 2022 boc
929 1989 1131 2032 invigilabant

245 2043 347 2075 sancii
377 2048 439 2075 viri
460 2042 578 2085 Eligius
605 2043 639 2074 (Ὗ
674 2042 831 2072 Andoenus
855 2037 1131 2083 Rothomagenfis

246 2092 522 2135 Archiepiscopus
533 2116 543 2131 ,
561 2092 594 2124 &¹
607 2095 749 2124 communi
768 2101 832 2122 cum
844 2095 959 2122 caeteris
982 2093 1060 2121 viris
1075 2093 1133 2120 Ca-

246 2142 361 2176 tholicis
372 2141 472 2174 habito
480 2141 607 2173 Concilio
620 2165 629 2180 ‚
650 2138 847 2183 suggesserunt
872 2141 1009 2182 Principi
1021 2140 1054 2172 (9·
1064 2141 1129 2180 ejus

246 2193 449 2234 optimatibus
472 2216 481 2230 ‚
507 2200 541 2223 ut
559 2190 609 2223 hoc
632 2189 814 2231 mortiferum
838 2195 923 2222 virus
944 2191 1001 2222 cito
1023 2190 1130 2222 delere-

248 2253 295 2276 tur
309 2244 346 2275 de
357 2248 481 2284 Corpore
494 2240 602 2280 Christi
613 2266 623 2280 ,
649 2241 727 2282 quod
739 2240 775 2280 est
786 2238 915 2282 univers
910 2240 968 2272 alis
981 2238 1108 2279 Ecclesia
1121 2264 1126 2270 .

250 2292 364 2327 Habuit
374 2297 474 2333 itaque
485 2291 613 2331 effbc‘lum
624 2297 676 2332 pia
690 2302 787 2323 eorum
797 2295 902 2331 petitio
912 2311 922 2327 ,
948 2289 982 2322 ά*
1006 2287 1128 2322 libenter

247 2341 438 2374 obtinuerunt
473 2342 551 2381 quod
576 2341 682 2372 devote
720 2347 901 2382 rogaverunt
924 2364 931 2370 .
958 2340 1037 2371 Tunc
1063 2351 1129 2383 crgo

247 2390 383 2424 omnibus
390 2391 507 2432 placuit
519 2401 577 2423 uno
585 2399 616 2422 tn
626 2391 644 2421 5
643 2394 735 2430 piritu
758 2389 862 2421 Sentio
883 2396 996 2431 accepto
1021 2388 1129 2431 confilio

245 2452 309 2473 cum
321 2444 411 2483 Regis
421 2444 545 2481 Imperio
557 2463 568 2479 ,
594 2447 627 2472 ut
637 2439 733 2471 nullus
745 2444 843 2480 pretio
857 2440 927 2473 dato
936 2440 981 2472 ad
995 2441 1014 2471 5
1016 2441 1131 2472 acerdo-

249 2493 309 2523 tale
321 2490 439 2531 officium
449 2491 660 2522 admitteretur
673 2513 682 2528 ‚
710 2500 801 2531 neque
812 2500 858 2522 eos
879 2494 930 2532 qui
950 2497 983 2522 ut
998 2491 1061 2532 lupi
1084 2503 1129 2522 ra-

245 2550 335 2582 paces
347 2551 469 2573 munera
491 2540 591 2571 dando
607 2539 767 2572 mercanda
789 2538 944 2582 censebant
967 2541 1045 2573 dona
1066 2542 1130 2582 spi·

250 2591 433 2624 ritussantii
446 2615 455 2629 ‚
478 2587 531 2632 sed
543 2589 594 2622 hos
603 2590 703 2631 potius
716 2590 862 2632 quiessent
888 2590 955 2622 boni
978 2590 1130 2630 testimonii

251 2646 329 2679 aviri,
356 2642 390 2674 <r
412 2639 666 2682 irreprebenfibilis
688 2645 762 2672 vitae
784 2665 794 2680 ‚
817 2641 861 2672 ad
881 2641 1001 2682 officium
1032 2643 1130 2673 Ponti-

251 2689 355 2728 ficatus
374 2692 509 2734 eligerent
529 2715 535 2722 .
566 2690 623 2723 An
647 2689 742 2731 hujus
769 2691 844 2724 vitae
866 2691 1012 2733 Scriptor
1031 2692 1129 2724 fuerit

255 2737 385 2772 Sanstus
408 2741 592 2774 Andoenus
614 2764 625 2781 ,
651 2742 755 2774 fateor
776 2752 829 2774 me
855 2738 1009 2774 haelitare.
1039 2741 1131 2786 Quo-

254 2785 358 2819 modo
382 2790 467 2822 enim
490 2791 516 2824 is
534 2791 740 2833 semetipsum
759 2790 904 2825 titularet
928 2793 1031 2824 virum
1055 2793 1131 2825 San-

255 2837 343 2868 stum
356 2836 372 2866 ?
399 2836 565 2874 Consonat
578 2842 609 2874 in
623 2842 758 2875 patrum
768 2841 843 2874 vitis
854 2842 985 2875 Sandius
1005 2840 1130 2885 Grego—

254 2885 321 2918 rius
342 2885 560 2929 Turonenfis,
585 2891 758 2924 adfirmans
782 2891 950 2925 Arvernos
966 2891 1058 2925 elesii
1083 2892 1129 2924 sui

254 2934 346 2969 Galli
374 2935 653 2974 confirmationem
680 2941 870 2975 muneribus
897 2941 1078 2983 impetrasse
1111 2941 1129 2974 ὲ,

251 2983 471 3018 ThCOdOfiCO
491 2984 604 3029 Rege,
629 2991 661 3022 &
680 2991 861 3036 adjungens
881 3004 887 3023 :
912 2994 993 3023 Tunc
1008 3002 1130 3034 germen

255 3036 331 3067 illud
339 3040 475 3076 iniquum
497 3042 586 3078 caepit
603 3039 746 3078 pullulare
760 3065 770 3080 ,
796 3048 827 3073 ut
852 3042 1050 3074 Sacerdotium
1077 3051 1130 3074 aut

255 3086 431 3123 venderetur
452 3086 472 3116 ἃ
493 3085 621 3128 Regibus
646 3111 657 3126 ‚
684 3097 735 3119 aut
754 3098 972 3131 compararetur
993 3093 1013 3123 ἃ
1038 3091 1132 3123 Cleri-

256 3139 314 3166 cis.
342 3134 408 3168 Uti
419 3135 575 3168 Wandali
589 3136 622 3168 in
637 3136 747 3169 Africa
760 3161 770 3176 ,
796 3140 829 3173 ὅ(
845 3140 951 3173 Gothi
965 3141 998 3174 in
1017 3141 1130 3181 Italia,

256 3185 303 3218 ita
316 3183 350 3216 in
363 3184 470 3217 Gallia
479 3185 594 3223 Franci
608 3186 716 3229 Reges
732 3187 861 3220 nullum
873 3190 940 3224 fine
961 3191 1016 3223 suo
1039 3190 1130 3234 placi-

255 3244 293 3266 to
305 3233 595 3271 &confirmatione
618 3235 847 3278 permittebant
866 3241 1041 3272 consecrari
1065 3241 1133 3273 An·

255 3283 416 3322 tistitem‚
443 3293 539 3326 atque
553 3285 596 3318 ita
618 3285 660 3319 ad
682 3286 868 3320 vendendas
891 3287 1126 3331 Episcoporum

253 3333 288 3365 &
302 3332 469 3367 Abbatum
480 3332 681 3369 Praefesturas
696 3335 750 3369 fibi
772 3346 898 3379 portam
918 3347 1107 3379 aperverunt
1121 3365 1127 3371 .

254 3381 455 3418 Vendebant
477 3383 575 3417 etiam
598 3386 706 3423 Laicis
727 3410 736 3424 ,
767 3386 933 3429 praesertim
957 3387 1131 3423 Palatinis.

255 3431 337 3468 Haec
362 3433 405 3468 est
427 3432 683 3478 Neophytorum
707 3435 849 3478 haerefis,
875 3437 1001 3480 quam&
1026 3438 1132 3474 Gallia

1956 164 2016 200 61

1205 238 1299 283 ejecit
1317 250 1456 284 magnus
1477 239 1563 282 Papa
1586 238 1782 282 Gregorius.

1254 288 1383 323 Primus
1394 292 1471 334 ergo
1482 288 1566 322 hanc
1581 288 1759 322 inferorum
1771 299 1899 331 portam
1911 286 2023 322 claufit
2035 287 2088 323 hic

1208 339 1414 373 sanstiffimus
1440 340 1619 378 Pontifex,
1648 338 1770 372 deinde
1789 338 1899 372 denuo
1925 339 2090 373 reseratam

1195 388 1314 421 saneti
1329 389 1456 432 Eligius
1476 401 1514 423 ac
1537 388 1739 429 Andoenus,
1766 388 1801 421 δε
1825 388 1899 431 Rex
1921 389 2093 434 Dagober-

1205 448 1273 471 tus.
1293 439 1339 471 At
1353 450 1425 471 ecce
1435 437 1531 481 hujus
1543 438 1661 482 posteri
1674 440 1790 474 iterum
1802 449 1910 481 patere
1922 440 2089 474 fecerunt.

1209 487 1325 531 Usque
1366 489 1407 522 ad
1434 489 1652 533 Merovingiae
1678 489 1783 532 stirpis
1807 488 1936 522 exitum
1973 493 2091 525 mansit

1205 537 1394 580 apertiffima
1403 563 1410 569 .
1428 537 1541 582 Regia:
1553 539 1670 572 domus
1681 539 1825 573 Praefesti
1840 549 1918 572 tunc
1932 538 1989 573 sub
2002 540 2092 585 igna-

1205 589 1252 620 vis
1267 587 1424 621 Dominis
1434 589 1549 621 omnia
1560 589 1744 623 vendebant
1756 615 1763 622 .
1791 589 1883 637 Quin
1898 590 1932 623 δε
1956 591 2091 626 tandem

1204 638 1390 670 invaserunt
1402 638 1516 671 omnia
1539 638 1755 672 Ecclefiarum
1779 640 1889 680 bona,
1917 640 1950 673 in
1973 639 2092 675 benefi-

1202 687 1417 721 ciumdedere
1429 688 1493 721 suis
1507 686 1690 728 militibus,
1716 691 1869 731 atqueita
1895 690 1999 733 ipsum
2028 693 2091 726 Re-

1202 747 1307 781 gnum
1322 738 1354 771 &
1366 749 1503 771 ornnem
1517 736 1743 772 Christianam
1755 739 1960 779 disciplinam
1981 743 2015 776 ὃς
2027 735 2033 742 ”
2044 744 2091 775 vi-

1202 798 1270 822 tam
1290 785 1482 830 diffiparunt
1505 812 1512 819 .
1551 787 1759 822 Medicinam
1791 787 1946 824 adhibere
1964 793 2091 826 rursum

1202 837 1292 881 caepit
1306 837 1466 881 Pippinus
1480 838 1551 871 Rex
1567 861 1578 877 ,
1598 850 1635 872 ac
1645 836 1712 879 ejus
1726 839 1895 881 praesertim
1916 840 2002 874 filius
2027 843 2090 877 Ca-

1202 889 1289 921 rolus
1312 888 1475 933 Magnus.
1503 887 1633 921 Etenim
1659 900 1713 931 per
1737 889 1843 931 ipsum
1865 892 1976 923 coac‘ia
2001 893 2090 926 sexta
2117 925 2130 932 ,

1203 937 1401 971 Arelatensis
1414 939 1568 980 Synodus
1582 938 1714 972 statuit:
1737 943 1775 972 Ut
1789 942 1874 972 Laici
1893 943 2008 973 omnino
2032 955 2089 975 non
2106 927 2176 963 αἶ’·

1200 990 1334 1022 audeant
1353 990 1373 1019 ἃ
1394 988 1575 1028 Presbyteris
1597 1000 1720 1022 munera
1742 995 1857 1033 exigere
1874 999 1995 1032 propter
2017 1004 2088 1024 com-

1200 1040 1418 1072 mendationem
1441 1037 1575 1081 Ecclefiae
1593 1063 1600 1070 .
1641 1042 1727 1083 ,Quia
1747 1048 1867 1082 propter
1897 1044 2089 1083 cupiditatem

1198 1090 1398 1131 plerumquea
1410 1092 1511 1122 Laicis
1525 1092 1555 1121 E
1559 1088 1660 1130 cclefiae
1673 1091 1783 1122 dantur
1805 1090 1914 1124 talibus
1939 1093 2090 1131 Presbyte-

1202 1145 1246 1172 ris
1258 1163 1268 1180 ‚
1295 1146 1344 1182 qui
1359 1140 1403 1172 ad
1406 1141 1612 1183 peragendum
1626 1140 1808 1173 sacerdotale
1816 1142 1936 1182 officium
1951 1141 2023 1185 sunt
2045 1149 2088 1176 in·

1201 1190 1283 1235 digni
1303 1214 1310 1222 .
1338 1190 1443 1239 Qod
1462 1190 1569 1232 ipsum
1591 1188 1736 1223 statuunt
1758 1190 1962 1235 Moguntina
1985 1194 2090 1235 Syno-

1203 1240 1284 1280 dus,
1312 1251 1350 1274 ac
1361 1241 1453 1273 tertia
1466 1240 1690 1274 Turonensis.
1717 1240 1874 1275 Statuunt
1887 1243 1923 1275 in
1935 1241 2022 1276 solos
2042 1244 2088 1276 in-

1203 1290 1333 1323 feriores
1355 1289 1540 1329 Patronos,
1567 1302 1635 1323 non
1660 1290 1694 1323 in
1720 1291 1909 1326 Dominum
1938 1293 2085 1338 Regem:

1203 1337 1292 1382 quod
1323 1339 1387 1383 ipse
1400 1364 1410 1379 ,
1438 1339 1552 1373 harum
1566 1338 1776 1382 Synodorum
1790 1341 1934 1382 Auctor,
1961 1345 2092 1377 &acer-

1202 1390 1300 1423 rimus
1311 1390 1405 1433 lapsae
1415 1389 1592 1432 disciplinae
1603 1400 1766 1433 reparator
1780 1415 1790 1430 ,
1804 1392 1917 1434 sponte
1928 1392 2088 1437 deposuis-

1202 1439 1371 1473 servitium
1385 1463 1396 1479 ,
1423 1439 1561 1480 ideoque
1573 1439 1722 1472 Canonis
1744 1439 1842 1474 fraeno
1864 1453 1933 1475 non
1957 1455 2085 1487 egeret.

1199 1488 1305 1535 Qod
1330 1488 1430 1521 etiam
1452 1486 1610 1521 Thusciae
1625 1512 1635 1526 ‚
1665 1488 1880 1532 Pentapolis,
1899 1503 1937 1525 ac
1958 1493 2087 1537 reliquae

1205 1539 1302 1572 ltaliae
1317 1537 1444 1571 Elessos
1455 1561 1464 1576 ‚
1494 1536 1579 1580 lepra
1591 1537 1647 1570 ista
1662 1538 1773 1581 paffim
1791 1539 1953 1575 scabiosos
1965 1567 1975 1583 ‚
1996 1541 2087 1578 dein-

1197 1599 1270 1631 ceps
1283 1587 1316 1621 in
1331 1588 1511 1631 Episcopos
1523 1598 1589 1621 non
1603 1589 1783 1623 consecrari
1796 1591 1966 1635 postularit
1989 1593 2030 1627 ab
2044 1594 2087 1628 A-

1197 1638 1313 1673 driano
1330 1638 1436 1681 primo
1450 1637 1615 1672 Pontifice
1628 1661 1639 1677 ‚
1668 1639 1754 1674 lucet
1766 1652 1806 1675 ex
1820 1638 1915 1685 hujus
1935 1642 1977 1677 ad
1988 1644 2086 1678 illum

1196 1688 1332 1729 litteris,
1358 1688 1560 1722 exstantibus
1580 1689 1664 1731 apud
1680 1689 1839 1733 Iacobum
1853 1692 2083 1728 Sirmondum.

1199 1738 1396 1783 Angilberto
1420 1739 1496 1772 item
1519 1738 1642 1773 Abbati
1663 1764 1674 1781 ,
1713 1742 1772 1775 suo
1793 1743 1834 1777 ad
1857 1744 2006 1779 Leonem
2028 1756 2087 1779 ter-

1196 1790 1279 1823 tium
1293 1788 1492 1823 Pontificem
1507 1788 1657 1833 Legato,
1684 1790 1775 1825 dedit
1802 1792 1867 1827 hoc
1890 1794 2087 1829 Commoni-

1195 1840 1336 1873 torium:
1367 1841 1412 1873 De
1426 1842 1591 1873 simoniaca
1609 1838 1812 1883 subvertenda
1840 1843 1946 1886 baeresi
1963 1847 2087 1889 diligen-

1193 1888 1436 1933 tisfimesuadcas
1452 1889 1587 1933 Pontifici
1599 1916 1607 1930 ,
1635 1902 1701 1933 quae
1712 1893 1852 1926 samium
1866 1893 1999 1936 Ecclefiae
2015 1900 2086 1928 Cor-

1190 1949 1249 1981 pus
1259 1941 1360 1972 multis
1382 1943 1459 1973 nuile
1482 1940 1612 1974 maculat
1634 1948 1665 1973 in
1685 1943 1773 1976 locis.
1807 1943 1901 1979 Hinc
1924 1947 2043 1980 merito
2067 1949 2084 1980 ὰ

1194 1990 1299 2024 Sanffl
1311 1990 1400 2023 Galli
1422 1990 1596 2025 Monacho
1619 1992 1768 2028 scribitur
1790 1995 1952 2030 mundum
1976 1997 2085 2031 fecisse

1193 2040 1278 2083 quali
1291 2050 1433 2074 novum.
1463 2040 1540 2082 Ejus
1553 2042 1631 2076 item
1643 2067 1653 2083 ,
1675 2042 1951 2090 Aquisgranensia
1963 2049 2084 2091 praeser-

1193 2089 1274 2130 tim,
1301 2089 1504 2134 capitularia
1527 2092 1700 2127 videantur
1720 2120 1727 2127 .
1755 2097 1908 2130 santium
1935 2108 2018 2139 opus
2041 2109 2083 2131 ex

1193 2140 1300 2175 Sanffl
1323 2140 1489 2175 Bonifacii
1513 2142 1673 2186 Martyris
1695 2145 1783 2178 suasu
1811 2155 1897 2187 pater
1920 2146 2083 2191 Pippinus

1191 2200 1325 2233 caeperat
1337 2215 1347 2230 ‚
1374 2203 1429 2234 per
1443 2192 1544 2225 varias
1557 2192 1710 2235 Synodos
1731 2195 1795 2237 ips:
1819 2197 1954 2238 perfecit
1966 2222 1973 2230 .
2002 2198 2082 2241 Ejus

1191 2240 1276 2274 filius
1288 2240 1322 2273 &
1334 2242 1490 2274 successor
1501 2241 1691 2276 Ludovicus
1704 2244 1775 2288 pius
1785 2246 1830 2279 est
1846 2248 2052 2289 prosecutus.

1241 2289 1367 2324 Verum
1378 2291 1492 2324 blanda
1518 2293 1646 2325 Patrum
1662 2292 1768 2337 segnes
1787 2294 1866 2336 facit
1889 2298 2080 2342 indulgentia

1191 2350 1295 2374 natos.
1326 2342 1400 2374 Hac
1425 2342 1460 2375 in
1487 2352 1519 2374 te
1530 2340 1668 2386 deliquit
1684 2345 1892 2381 Ludovicus.
1923 2347 1989 2382 Sub
2011 2348 2081 2391 ejus

1189 2390 1266 2424 filiis
1302 2392 1424 2424 malum
1455 2391 1599 2426 revixit.
1628 2393 1721 2429 Licet
1742 2396 1831 2430 enim
1868 2396 2078 2433 Ludovicum

1195 2442 1380 2475 Germaniae
1394 2442 1521 2486 Regem
1533 2467 1543 2483 ,
1569 2443 1657 2487 quod
1670 2445 1795 2479 nullam
1807 2457 1953 2490 unquam
1968 2449 2083 2483 Eccle-

1195 2491 1352 2525 siasticam
1362 2491 1561 2537 dignitatern
1583 2494 1706 2536 pretio,
1735 2496 1786 2530 sed
1809 2498 1932 2531 Sanctis
1954 2499 2079 2542 semper

1194 2541 1339 2575 moribus
1361 2541 1486 2576 dederit
1504 2566 1514 2582 ‚
1552 2542 1685 2577 laudent
1708 2543 1857 2581 Annales
1877 2548 2078 2583 Francorum

1195 2591 1391 2633 Fuldeuses,
1418 2593 1460 2627 de
1481 2594 1601 2627 seniori
1626 2604 1738 2629 tamen
1756 2597 1790 2630 ὅ(
1814 2598 1968 2642 Augusto
1989 2599 2079 2633 tilius

1195 2643 1291 2676 fratre
1313 2641 1475 2678 Lothario
1497 2643 1606 2677 scribit
1627 2657 1786 2691 magnum
1809 2647 1916 2693 Belgii
1939 2648 2079 2684 Chroni-
2098 2655 2123 2682 F.

1194 2704 1257 2726 con
1280 2705 1287 2724 ι
1315 2693 1380 2725 Illis
1401 2694 1579 2735 temporibus
1602 2700 1698 2739 viguit
1721 2699 1883 2730 simoniaca
1903 2697 2018 2740 haerefis
2043 2704 2077 2732 in

1195 2751 1313 2775 tantum
1326 2767 1336 2782 ‚
1364 2752 1398 2775 ut
1405 2743 1520 2784 publice
1531 2746 1734 2779 venderentur
1752 2747 1951 2791 Episcopatus
1963 2773 1974 2789 ,
2002 2750 2075 2783 &is

1194 2799 1245 2834 qui
1263 2794 1335 2834 plus
1360 2793 1455 2825 dabat
1468 2818 1477 2832 ‚
1504 2793 1715 2837 Episcopatum
1736 2804 1898 2839 acciperet.
1926 2803 1992 2832 Nec
2013 2807 2078 2831 erat

1193 2844 1303 2885 aliquis
1326 2841 1533 2886 Episcoporum
1556 2854 1608 2876 aut
1631 2846 1892 2889 Ecclefiasticorum
1921 2855 2075 2887 virorum,

1194 2898 1244 2935 qui
1257 2893 1314 2926 zelo
1318 2893 1445 2933 justitiae
1458 2894 1561 2926 dunas
1572 2906 1634 2928 cum
1643 2899 1824 2937 Imperatore
1834 2907 1887 2931 aut
1906 2901 1983 2941 Rege
2009 2910 2078 2942 age-

1197 2953 1241 2975 ret
1257 2969 1266 2983 ,
1293 2952 1327 2976 ut
1340 2942 1391 2976 boc
1401 2943 1489 2985 nefas
1497 2943 1715 2986 prohiberetur.
1742 2950 1827 2990 Quia
1837 2950 1906 2980 verb
1918 2958 2000 2980 nemo
2011 2957 2077 2981 erat

2108 1118 2180 1154 Cap*
2195 1126 2240 1154 29.

2098 2538 2150 2567 An.
2180 2541 2245 2572 876.

2148 2664 2193 2690 59·

1176 2992 1426 3041 {Christianorum
1450 3018 1459 3033 ,
1483 3003 1539 3036 per
1556 3006 1641 3036 quem
1663 2996 1713 3029 hoc
1738 2997 1848 3028 malum
1867 3002 2077 3041 corrigeretur,

1193 3042 1267 3084 misit
1280 3047 1360 3076 Deus
1368 3044 1516 3087 flagellum
1540 3048 1744 3087 Paganorum.
1763 3049 1850 3078 Nam
1866 3044 2078 3088 supervenien-

1194 3102 1239 3125 tes
1263 3095 1401 3125 saraceni·
1425 3100 1591 3126 innumeros
1615 3094 1743 3127 homines
1764 3095 1972 3137 interficet-unt
1992 3123 2003 3138 ‚
2042 3100 2077 3132 (τ

1194 3143 1303 3174 multas
1326 3141 1411 3173 urbes
1435 3151 1602 3175 cremarunt
1622 3166 1630 3174 .
1657 3143 1736 3186 Ejus
1758 3146 1842 3179 filios
1867 3146 2075 3182 Ludovicum

1196 3191 1372 3225 secundum
1385 3190 1615 3233 Imperatorem
1626 3204 1663 3226 ac
1684 3192 1880 3230 Lotharium
1902 3196 2078 3232 Lotharin-

1195 3242 1255 3286 giae
1290 3241 1415 3284 Regem
1451 3240 1606 3276 laborasse
1638 3243 1751 3277 eadem
1790 3246 1896 3282 scabie
1933 3272 1944 3288 ‚
1981 3248 2076 3291 poffit

1196 3291 1352 3332 exemplis
1375 3289 1614 3325 demonstrari.
1651 3293 1815 3329 Adversus
1844 3297 1913 3340 ejus
1946 3299 2076 3331 fratrem

1197 3341 1353 3374 Carolum
1367 3340 1526 3382 Calvum,
1554 3341 1669 3376 Galliae
1680 3343 1808 3390 Regem
1823 3371 1833 3386 ,
1856 3348 1966 3382 statuit
1975 3349 2078 3389 Syno-

1195 3390 1254 3424 dus
1266 3388 1454 3424 Meldenlis:
1482 3394 1664 3426 Cavendum
1674 3393 1730 3434 est,
1755 3395 1976 3440 &summopere
1992 3404 2077 3436 prae·
2097 3397 2168 3434 (3²1²
2188 3405 2235 3430 4¹-

1195 3441 1363 3475 cavendum
1386 3466 1397 3483 ,
1432 3453 1467 3476 ac
1492 3451 1544 3486 per
1582 3449 1726 3479 virtutem
1761 3445 1869 3489 Christi
1907 3450 2073 3489 Sanguinis

1941 3500 2029 3530 inter-
