2352 3736
73 666 134 698 Lib.
143 677 171 701 r„

66 1202 131 1239 Lib·
153 1212 180 1240 5.

532 104 620 134 DE
691 91 730 136 S.
801 93 1136 138 L20N1s

306 225 889 275 CALUMNIA
960 231 1062 276 XV.

248 346 475 395 Latinorum
502 342 672 391 nonnulli
694 342 917 392 Sanfforum
936 346 1127 415 Reliquias

385 433 452 462 non
478 431 727 475 venerantur,
763 413 989 483 necsantft'as

514 487 629 530 etiam
646 486 828 550 Imagines
847 521 859 533 .

329 623 460 660 Andem
472 623 674 658 calumniam
701 624 798 659 nobis
809 625 948 669 imponit
959 626 995 659 in
1005 621 1125 658 l‘saacio

355 674 489 718 Angelo
523 672 660 708 Nicetas
686 671 870 710 Choniates
895 688 902 707 :
937 679 1069 707 Armenii
1093 674 1126 707 (δ’

182 728 189 736 ’
246 727 404 761 Alemanni
414 729 583 757 commercia
595 729 673 758 inter
679 722 714 766 se
723 731 862 768 agitant,
891 726 966 758 &in
979 722 1125 767 plerisque

245 775 406 818 Religionis
428 774 616 817 dogmatibus
645 772 833 816 consentiunt
854 798 861 804 .
889 775 1012 817 ,Quippe
1045 775 1128 816 apud

245 825 479 858 alemannos&
491 829 643 857 Armenios
660 822 815 865 sacrarum
838 827 1004 867 Imaginum
1022 825 1125 857 adora-

243 881 286 908 tio
303 876 387 916 aeque*
409 875 572 906 interdiaa
593 872 655 911 est,
681 873 824 911 &azymo
839 877 873 905 in
896 876 995 907 Sacris
1012 879 1126 916 utrique

243 932 368 958 utuntur
389 946 400 962 ,
426 923 461 954 Ca·
476 923 538 954 alia
557 922 705 964 quaedam
735 922 915 962 Christianis
939 925 1124 967 dogmatibus

243 972 411 1016 improbata
434 975 580 1012 opinunis
602 981 698 1004 erroro
708 978 767 1012 pro
791 972 930 1016 legitimis
946 972 1105 1016 observant
1119 999 1126 1006 .

242 1023 289 1056 Et
300 1021 411 1055 nescio
424 1031 521 1063 quem
540 1019 662 1056 Italum
674 1018 916 1071 Philosopnum
928 1046 939 1062 ‚
960 1024 1017 1067 qui
1029 1025 1127 1058 sacras

242 1071 407 1116 Imagines
415 1071 576 1106 damnans
589 1071 771 1114 corruperit
793 1072 892 1107 etiam
904 1072 1127 1107 patriarcham

242 1121 448 1156 Eussratium
472 1120 632 1156 Garidam
660 1122 695 1156 &
713 1120 1010 1164 multos‘nobiles,
1036 1124 1128 1158 fuisse

242 1173 416 1216 grassatum
451 1169 746 1214 Constantinopoli
769 1195 781 1212 ‚
817 1170 960 1215 ideoque
997 1173 1015 1206 a
1039 1182 1128 1216 patre

242 1223 301 1256 suo
322 1221 524 1265 Imperatore.
542 1220 666 1256 Alexio
688 1220 881 1256 damnatum
909 1225 1006 1258 refert
1027 1225 1126 1258 Anna

243 1271 433 1306 Comnena.
462 1269 569 1306 Addit
597 1270 750 1315 &postea
770 1274 972 1307 correstum.
1001 1272 1126 1307 Verum

242 1319 312 1355 haec
332 1323 407 1356 sunt
420 1320 589 1356 Michaele
600 1321 774 1358 Cerulatio
794 1323 988 1366 posteriora.
1018 1323 1125 1357 Etiam

242 1369 432 1406 Waldenses
458 1395 470 1412 ,
496 1371 691 1417 Albigenses
717 1398 729 1414 ,
767 1370 954 1408 Amalricus
971 1399 981 1415 ‚
1008 1373 1043 1408 &
1070 1374 1126 1407 alii

241 1420 464 1456 iconoclastiae
487 1421 599 1455 Latini
624 1421 860 1465 Resumptores
879 1447 886 1455 .
924 1424 1037 1472 Qare
1059 1424 1128 1467 pos-

239 1471 281 1506 fit
302 1471 482 1506 maledicus
494 1470 641 1506 Michael
666 1472 836 1516 respexisse
862 1473 1012 1517 antiquas
1032 1475 1127 1507 Fran-

239 1531 356 1557 corum
367 1520 516 1556 adversus
528 1522 699 1566 septimam
711 1522 885 1565 synodum
898 1523 1128 1556 contradictio·

240 1583 298 1606 nes
318 1598 326 1605 .
354 1573 400 1606 Et
420 1573 496 1616 quia
524 1570 610 1605 hane
634 1570 805 1605 damnavit
826 1570 1128 1605 Francofordienfis

238 1621 396 1664 Synodus
409 1644 421 1661 ‚
446 1619 571 1654 malum
582 1616 648 1654 hoc
662 1630 732 1654 non
755 1618 825 1653 fine
837 1620 1055 1654 fundamento
1073 1620 1125 1654 ad-

238 1669 388 1705 scribitur
410 1668 606 1705 Alemannis
619 1694 626 1701 .
654 1669 709 1702 De
725 1670 840 1703 Leone
860 1667 1124 1702 Chalcedonenfi

238 1720 425 1763 Episcopo,
455 1717 512 1761 qui
527 1719 650 1752 sacram
662 1715 878 1752 Ecclefiarum
894 1717 1125 1761 supellestilem

239 1766 357 1804 mutuo
368 1767 409 1802 ad
431 1767 576 1811 publicas
588 1766 791 1811 Reipublicz
806 1767 1005 1802 neceffitates
1019 1769 1126 1812 postu-

239 1818 322 1853 lauti
333 1818 441 1852 eidem
454 1817 599 1862 Principi
612 1816 868 1853 constantiffime
886 1818 1025 1859 restitit,
1053 1819 1125 1852 scri-

239 1870 288 1904 bit
300 1868 412 1903 eadem
426 1866 545 1902 Anna:
574 1870 668 1902 Porro
693 1867 749 1901 bac
762 1865 898 1908 occasione
910 1868 974 1901 cum
985 1869 1022 1902 de
1026 1866 1123 1911 ,scieris

239 1919 356 1954 adibus
381 1942 392 1958 ,
413 1915 557 1962 fignisque
588 1919 624 1952 6·
645 1917 827 1963 imaginibus
851 1916 948 1951 multa
970 1944 981 1959 ,
1007 1928 1041 1951 ut
1061 1919 1123 1960 fit,

241 1968 490 2012 disputarentur,
516 1967 563 2001 bic
578 1968 704 2008 Antsses
720 1974 754 2001 in
777 1977 841 1999 eam
860 1967 1041 2010 fi’ntemiam
1064 1967 1124 2011 dis-

235 2017 331 2062 seruit
354 2041 364 2057 ,
389 2025 423 2050 ut
448 2018 636 2050 contenderet
652 2015 758 2060 sacras
784 2022 925 2060 imagines
946 2017 1076 2061 absoluto
1104 2020 1124 2050 ἃ

238 2067 345 2107 nobis,
370 2067 445 2100 &in
467 2064 534 2108 ipsis
556 2065 720 2101 inhaerente
743 2067 822 2102 cultu
833 2069 929 2109 affici,
955 2077 1124 2101 nonautem

240 2127 360 2150 tantum
381 2115 557 2160 respediivo.
585 2115 690 2151 Addit
714 2115 779 2152 hoc
807 2117 841 2150 in
855 2127 960 2152 errore
975 2118 1123 2153 Leonem

240 2167 332 2201 fuisse
351 2167 547 2210 pertinacem
562 2191 573 2207 ,
599 2165 739 2211 ideoque
758 2164 951 2203 damnatum
977 2167 1123 2211 Synoda-

242 2217 316 2250 liter
329 2228 366 2249 ac
379 2216 553 2260 relegatum
566 2240 574 2248 .
602 2216 717 2251 Petrus
733 2217 883 2252 Poffinus
897 2218 1003 2252 Annae
1027 2218 1121 2253 verba

239 2265 403 2301 transtulit
419 2268 450 2300 in
466 2266 660 2301 hodiernam
673 2266 948 2302 Scholasticorum
974 2266 1101 2311 phrasm
1113 2293 1120 2300 .

241 2315 394 2350 Affirmat
406 2316 461 2350 illa
477 2340 488 2357 ,
514 2316 603 2359 quod
618 2317 689 2351 Leo
717 2319 818 2353 sacras
839 2317 1001 2362 imagines
1025 2318 1123 2353 vellet

239 2367 306 2400 coli
330 2366 518 2407 latreutice,
545 2366 579 2401 id
601 2366 670 2408 est,
697 2379 765 2402 non
796 2369 968 2403 dumtaxat
993 2369 1121 2403 salutari

239 2417 333 2460 juxta
356 2417 532 2451 Decretum
560 2416 700 2460 septimae
720 2418 870 2462 synodi,
899 2419 951 2452 sed
976 2418 1121 2453 adorari.

240 2467 377 2510 Ignotus
400 2467 511 2510 paffim
535 2465 589 2501 hic
610 2466 655 2501 est
675 2478 751 2502 cum
778 2470 834 2502 suo
851 2469 1004 2513 dogmate
1018 2469 1099 2502 Erro
1112 2494 1122 2509 ‚

240 2515 328 2560 quod
342 2527 411 2549 non
435 2516 585 2551 habuerit
602 2517 795 2552 >sediatores.
824 2519 998 2552 Michaelis
1024 2519 1123 2553 Ceru-

241 2565 311 2599 larii
330 2575 476 2609 tempore
488 2567 583 2609 possit
594 2568 667 2609 quis
689 2568 798 2602 similis
809 2568 956 2602 tenebrio
980 2569 1123 2603 blateras-

242 2615 275 2647 se
285 2615 371 2656 apud
397 2615 556 2657 Latium,
582 2616 719 2660 &hujus
740 2618 910 2653 stultitiam
934 2619 990 2653 ille
1009 2620 1043 2653 in
1055 2631 1121 2654 om·

242 2674 300 2697 nes
318 2664 455 2698 Latinos
477 2666 594 2700 iterum
625 2666 781 2703 derivasse
804 2694 810 2700 .
849 2668 1001 2703 Armenii
1022 2670 1122 2703 sacras

243 2714 403 2756 imagines
435 2715 578 2749 omnino
611 2715 808 2752 damnarunt
834 2730 841 2750 :
869 2720 1001 2753 Horum
1029 2718 1121 2753 nobi-

245 2765 333 2797 scum
358 2764 433 2796 sacri
457 2763 532 2797 belli
556 2773 702 2807 ternpore
723 2767 815 2802 firma
826 2769 973 2803 amicitia
995 2769 1122 2804 videtur

248 2823 310 2848 nos
333 2813 417 2856 apud
443 2813 574 2848 Graecos
596 2813 764 2850 reddidisse
786 2819 962 2861 suspeetos.

244 2874 252 2884 ⁸
291 2862 466 2910 Qidquid
479 2863 515 2897 fit
529 2887 540 2903 ‚
567 2862 607 2897 ad
622 2864 801 2899 Nicolaum
818 2868 1008 2903 Diaconum
1020 2894 1031 2910 ‚
1057 2881 1120 2903 ma-

242 2924 312 2957 gnae
326 2912 699 2955 Constantinopolitanae
722 2915 873 2949 Ecclefiae
885 2917 1098 2952 Castrensium
1111 2945 1119 2960 ‚

240 2964 323 2997 reste
370 2963 487 3007 scripfit
533 2962 808 3006 Theophylauus
846 2965 1121 3012 Archiepiscopus

241 3012 419 3057 Bulgariae:
447 3015 525 3046 Sani
548 3024 603 3045 non
628 3015 825 3047 admittamus
837 3017 1011 3049 satanicam
1039 3019 1121 3052 illam

240 3063 418 3095 calumniam
433 3089 443 3104 ,
469 3073 502 3096 ut
521 3066 642 3096 Latinis
652 3074 709 3096 non
719 3066 909 3098 admittenda
916 3065 952 3107 fit
963 3071 1121 3110 imaginum

246 3116 401 3144 veneratio
413 3137 420 3144 .
447 3113 546 3158 Qod
562 3113 629 3156 ejus
641 3114 847 3158 Rescriptum
873 3116 984 3150 laudat
999 3118 1033 3150 in
1047 3119 1118 3153 Res

240 3162 346 3204 pensis
358 3161 397 3195 ad
410 3163 621 3197 Constantini
635 3163 788 3198 Cabafilae
802 3165 1022 3209 Metropolitae
1035 3168 1119 3211 Dyr-

240 3210 409 3245 rachiensis
421 3213 581 3248 Consulta
605 3214 792 3249 Demetrius
805 3215 1030 3250 Chomatenus
1043 3216 1118 3252 Bul·

241 3272 392 3305 garorum
417 3263 496 3296 item
524 3262 818 3308 Archiepiscopus,
843 3265 877 3298 δε
899 3265 941 3301 ad
951 3264 1034 3300 hanc
1046 3267 1117 3310 ejus

240 3312 315 3345 dem
340 3311 552 3346 Constantini
573 3315 784 3356 quaestionem
798 3340 808 3355 ‚
835 3319 880 3348 An
902 3319 1026 3350 Graecu:
1045 3320 1118 3361 Epi-

236 3359 339 3404 scopus
354 3362 434 3403 poffit
458 3367 609 3402 invitatus
633 3369 747 3406 intrare
758 3368 933 3406 Latinorum
954 3366 1094 3410 Ecclesia:
1108 3393 1118 3409 ,

304 3436 307 3440 ,
339 3411 446 3452 Christ.
463 3416 542 3455 Lupi
554 3417 641 3459 oper.
655 3417 796 3450 Tom.1V.

1208 92 1806 140 NON1'Acr1s.
1896 113 1988 158 401

1192 178 1225 210 <a
1238 178 1296 210 illic
1317 177 1464 216 adorare,
1492 177 1658 219 respondit
1676 176 1865 213 affirmative
1878 203 1888 219 ‚
1914 178 1949 211 δε
1970 180 2060 217 d'edit

1192 228 1339 260 causam:
1367 230 1414 259 Et
1430 229 1532 259 Latini
1548 226 1722 269 fundarum
1743 233 1906 271 imaginum
1922 226 1994 272 sunt
2005 232 2063 263 cul-

1189 283 1286 316 tores,
1314 278 1389 310 &in
1408 275 1470 319 siais
1483 277 1599 318 templis
1625 289 1660 311 ea
1669 283 1807 321 erigunt.
1835 276 1891 311 An
1913 273 2017 322 Graeci
2027 278 2065 315 in

1189 326 1315 359 Latinis
1335 351 1346 366 ,
1373 326 1406 359 &
1429 325 1539 359 Latini
1566 327 1603 360 in
1632 326 1752 361 Graecis
1774 326 1925 361 Ecclefiis
1946 328 2066 371 possint

1189 375 1336 418 sepeliri,
1360 376 1448 410 &an
1472 377 1635 420 utriusque
1657 377 1766 421 gentis
1777 377 1890 412 Clerus
1901 377 1995 421 poffit
2006 386 2066 422 pro

1188 424 1342 459 defuncto
1352 424 1464 459 divina
1475 437 1606 460 cantare
1618 426 1831 466 officia‚idem
1844 427 2067 470 Dyrrachien-

1188 474 1224 507 fis
1236 474 1448 518 Metropolim
1463 475 1636 518 postulavit
1657 476 1674 510 ὲ
1688 477 1914 521 joanne-Citri
1937 477 2067 520 Episco-

1189 535 1254 566 po,
1280 524 1480 559 &hicitem
1502 526 1667 568 respondit
1691 525 1904 567 affirmative,
1929 538 1966 562 ac
1977 525 2069 561 dedit

1189 575 1338 608 causam:
1370 578 1483 607 Divina
1492 576 1626 617 templa,
1654 575 1912 619 venerationesque
1927 575 2067 620 pretiosa

1187 627 1291 659 Crucis
1314 625 1347 656 (π’
1357 622 1531 666 [αηέῖανιυη
1551 631 1716 668 imaginum
1737 650 1748 665 ,
1775 630 1881 660 Latini
1894 624 1968 669 sunt
1989 626 2067 660 nobi-

1181 671 1262 716 scum
1279 680 1461 707 communia.
1490 674 1534 708 Et
1547 675 1630 708 infra
1647 689 1657 708 :
1685 680 1791 709 Etiam
1812 680 1934 710 Latinis
1953 676 1990 717 est
1999 684 2068 719 pre-

1187 721 1266 764 tiosae
1286 727 1390 755 CrucIs
1411 724 1598 756 &divarum
1628 725 1783 767 effigiet-um
1805 726 1908 759 ereHio
1930 728 2065 761 &vene-

1187 781 1283 805 ratio.
1311 773 1364 806 De
1383 771 1581 815 Imperatore
1606 773 1764 813 Manuele
1787 773 1998 819 Palaeologo,
2023 774 2068 810 ad

1188 821 1336 856 habenda
1358 821 1525 856 adversum
1548 822 1679 857 Turcas
1705 822 1825 858 Latina
1849 822 1971 857 auxilia
1997 826 2072 867 pro:

1187 873 1270 906 fecto
1284 873 1317 905 in
1331 872 1457 906 Italiam
1469 895 1480 910 ,
1507 872 1615 907 scribit
1627 872 1765 915 politica
1777 897 1788 913 ‚
1814 884 1914 918 quam
1926 872 1966 907 ad
1980 873 2069 908 Mat-

1187 923 1295 957 tinum
1323 922 1471 956 Crusmm
1497 923 1581 957 mifit
1610 920 1819 958 Theodosius
1839 923 2067 969 Zygomahs,

1190 972 1558 1016 Constantinopolitana
1577 969 1730 1007 historia:
1759 974 1912 1012 Auxilium
1936 973 2066 1014 nonfuit

1185 1021 1349 1064 praestitum
1368 1047 1375 1055 .
1405 1022 1507 1065 Causa
1535 1023 1766 1064 praetexebatur
1786 1049 1797 1065 ,
1826 1025 1995 1058 Manuelem
2017 1025 2067 1057 die

1189 1074 1316 1115 quodam
1331 1071 1409 1113 festo
1430 1078 1806 1116 venerationemvimaginis
1822 1073 1931 1114 christi
1943 1074 2068 1116 Crucifi-

1190 1128 1223 1154 xi
1248 1146 1259 1162 ,
1284 1127 1412 1155 intexta*
1433 1129 1466 1155 in
1488 1123 1593 1155 dextro
1616 1126 1805 1165 Epimanicio
1839 1122 2066 1166 chorepiscopi,

1188 1170 1336 1214 recusasJe.
1364 1173 1450 1205 Unda?
1470 1171 1559 1215 causa
1586 1173 1731 1213 Pontifex
1748 1181 1874 1215 arrepta
1896 1198 1907 1213 ,
1932 1174 2068 1208 omnibus

1189 1223 1276 1255 Italia
1296 1220 1430 1264 scrtpfit:
1457 1224 1641 1266 ,Quicumque
1661 1227 1838 1264 Imperatori
1863 1227 1967 1256 Graeco
1980 1247 1990 1263 ,
2016 1228 2068 1265 qui

1190 1272 1317 1315 noluiffi’t
1338 1277 1496 1316 imaginem
1520 1272 1628 1312 Christi
1653 1274 1779 1307 adorare
1806 1299 1817 1314 ‚
1842 1274 1988 1307 auxilium
2002 1272 2069 1314 fer·

1189 1331 1255 1362 ret,
1281 1334 1345 1355 eum
1366 1324 1551 1357 asacrorum
1573 1330 1769 1358 communione
1784 1322 1849 1365 fine*
1859 1328 1955 1369 venia
1970 1324 2070 1356 exclu-

1182 1370 1252 1415 sum
1262 1378 1320 1405 iri.
1348 1372 1498 1406 Historia
1508 1384 1592 1408 errat
1614 1373 1649 1408 id
1662 1375 1782 1408 saelum
1803 1374 1836 1407 in
1852 1372 2069 1416 Chorepisco-

1189 1434 1232 1466 po
1248 1447 1254 1454 .
1281 1422 1373 1457 ltalia
1384 1423 1473 1456 enim
1485 1433 1565 1457 tunc
1577 1434 1644 1457 non
1659 1422 1775 1458 habuit
1786 1422 2066 1467 Chorepiscopos‚

1190 1472 1298 1505 Immo
1325 1470 1415 1515 quod
1441 1483 1597 1515 umquam
1637 1471 1788 1508 habuerit
1814 1497 1826 1514 ‚
1864 1473 1909 1507 est
1937 1471 2071 1507 difficile

1189 1521 1317 1554 ostensu
1332 1545 1339 1555 .
1367 1521 1771 1563 CujusmodiPontificale
1791 1533 2023 1557 ornamentum
2033 1521 2072 1554 fit

1192 1569 1424 1612 Epimanicion
1437 1594 1448 1611 ‚
1477 1570 1600 1604 discere
1616 1572 1712 1613 poffis
1733 1569 1938 1606 &Theodori
1966 1571 2072 1605 Balsa-v

1190 1619 1299 1653 monis
1313 1619 1471 1661 opusculo
1493 1618 1535 1653 de
1555 1619 1681 1661 juribus
1703 1620 1966 1656 patriarcharum
1988 1646 1994 1652 .
2019 1619 2072 1654 In·

1188 1667 1284 1700 terim
1306 1665 1535 1701 schismaticus
1555 1668 1734 1711 Imperator
1757 1681 1824 1704 non
1840 1672 1989 1714 quasvis,
2015 1670 2069 1704 sed

1188 1716 1272 1750 solas
1303 1716 1438 1750 Latinas
1476 1718 1680 1753 aversabatur
1708 1719 1870 1764 imagines
1891 1746 1898 1753 .
1923 1721 2013 1754 Nam
2035 1720 2069 1759 ὃς

1187 1765 1321 1810 quidam
1358 1767 1399 1801 ad
1432 1767 1655 1802 Florentinam
1690 1770 1864 1812 Synodum
1901 1771 2069 1804 venientes

1187 1817 1376 1851 Graecorum
1401 1817 1554 1861 Episcopi
1591 1818 1771 1853 noluerunt
1796 1820 1879 1862 ipsas
1900 1820 2062 1854 venerari.

1186 1868 1290 1901 Hunc
1313 1866 1418 1909 ipsum
1440 1867 1597 1902 talionem
1622 1868 1743 1912 poffint
1764 1869 1941 1913 nescioqui
1953 1869 2070 1904 Latini

1185 1917 1358 1951 reddidisse
1369 1917 1488 1950 Graecis
1502 1931 1512 1949 :
1539 1918 1632 1951 Hinc
1646 1920 1732 1952 nasci
1747 1920 1856 1961 potuit
1869 1918 1920 1953 his
1932 1921 2069 1963 opinio,

1186 1968 1275 2012 quod
1288 1968 1386 2000 sacras
1403 1966 1564 2011 imagines
1581 1979 1650 2001 non
1674 1978 1899 2002 veneraremur
1911 1994 1918 2000 .

1236 2015 1389 2060 Ejusdem
1422 2018 1531 2050 farinae
1553 2016 1599 2050 est
1624 2015 1689 2052 haec
1712 2018 1870 2061 postrema
1892 2017 2070 2054 Michaelis

1186 2067 1340 2101 Cerularii
1363 2068 1397 2100 in
1410 2079 1470 2101 nos
1480 2067 1663 2102 calumnia:
1692 2071 1799 2102 Latini
1817 2067 1938 2111 sandios
1950 2069 2014 2101 illos
2035 2070 2070 2102 Θ

1184 2129 1305 2162 magnos
1318 2120 1425 2150 Patres
1437 2117 1542 2157 nostros
1558 2117 1698 2159 Bafilium
1722 2120 1755 2153 <55
1767 2117 1992 2162 chrysostomum
2003 2130 2068 2151 cum

1183 2169 1304 2210 reliquis
1327 2166 1440 2210 fandis
1461 2179 1519 2200 non
1539 2178 1750 2202 connumerant
1770 2194 1781 2210 ,
1810 2180 1860 2202 nec
1882 2172 1999 2202 illorum
2020 2170 2070 2202 do·

1184 2218 1313 2251 lirinum
1330 2220 1444 2251 omnini
1456 2223 1599 2259 recipiunt
1613 2244 1620 2250 .
1650 2219 1707 2253 Est
1724 2220 1865 2253 refutatu
1888 2217 2067 2263 indignum

1185 2268 1395 2301 mendacium
1419 2293 1425 2299 .
1453 2268 1656 2312 Superiorem
1684 2269 1763 2303 item
1787 2269 1986 2303 calumniam
2009 2280 2070 2303 no-

1183 2318 1232 2351 bis
1267 2318 1411 2361 imponit
1428 2329 1571 2361 repertus
1592 2317 1677 2363 apud
1701 2319 1812 2353 Patres
1836 2319 2066 2356 Praedicatores

1182 2367 1369 2402 Tractatus:
1402 2371 1507 2401 Latini
1519 2368 1653 2409 historias
1671 2367 1840 2412 sanc‘lorum
1860 2378 1973 2411 praeter
1992 2367 2066 2411 Pas-

1179 2417 1284 2458 fionem
1306 2418 1416 2458 Christi
1442 2426 1473 2452 in
1496 2419 1631 2461 Ecclefiis
1648 2418 1711 2462 suis
1736 2432 1793 2453 non
1814 2419 1988 2464 designant.
2017 2422 2065 2452 Et

1178 2467 1283 2511 sacras
1296 2473 1439 2513 imagines
1452 2479 1580 2503 renuunt
1602 2468 1741 2512 osculari.
1771 2470 1827 2503 Est
1839 2471 1954 2504 mitior
1978 2469 2066 2503 calu·

1182 2518 1296 2559 mnia,
1324 2518 1369 2552 ast
1392 2518 1480 2563 aeque
1505 2519 1601 2553 falsa.
1629 2520 1711 2566 Qae
1733 2520 1820 2553 enim
1845 2519 1930 2562 apud
1942 2531 2003 2553 nos
2015 2529 2065 2553 or-

1182 2566 1327 2602 thodoxa
1351 2580 1432 2613 gens
1456 2570 1538 2603 solas
1561 2570 1716 2612 patientis
1738 2569 1881 2604 Domini
1907 2570 2066 2614 imagines

1181 2618 1298 2662 figitin
1321 2620 1384 2652 suis
1400 2618 1567 2654 Bafilicis?
1596 2618 1639 2653 Et
1651 2620 1779 2664 quasvis
1791 2621 2065 2654 sanstorumima·

1180 2670 1273 2711 gines
1284 2670 1424 2702 omnino
1436 2669 1619 2702 osculamur
1635 2694 1642 2700 .
1671 2669 1794 2704 Verum
1809 2669 1905 2703 nobis
1933 2669 1967 2702 in
1993 2678 2063 2703 mo-

1182 2730 1215 2751 re
1238 2729 1306 2752 non
1332 2719 1403 2750 sunt
1429 2718 1616 2751 Graecorum
1639 2718 1739 2757 ritus,
1763 2718 1804 2752 de
1825 2718 1942 2762 quibus
1973 2716 2063 2757 idem

1184 2768 1377 2802 Transsatus:
1404 2767 1521 2800 sanstae
1545 2771 1602 2810 Dei
1629 2771 1788 2802 Genitricis
1810 2773 1968 2811 imaginem
1987 2791 1999 2807 ,
2026 2776 2061 2805 ut

1176 2818 1253 2859 filios
1268 2824 1448 2860 parturiat,
1475 2822 1574 2853 Graeci
1585 2819 1780 2860 compellant,
1808 2830 1897 2862 eaque
1911 2820 2062 2855 medianto

1182 2866 1275 2910 ipsam
1291 2872 1411 2900 Domini
1426 2876 1551 2902 matrem
1564 2892 1574 2908 ,
1585 2877 1620 2901 ut.
1632 2877 1787 2902 commater
1794 2869 1855 2911 fiat
1863 2894 1873 2910 ‚
1886 2867 2050 2912 accersunt,

1183 2922 1241 2950 Hoc
1268 2920 1349 2950 modo
1360 2924 1483 2961 imagini
1503 2919 1662 2957 syndonem
1685 2919 1855 2952 connec‘lum
1867 2944 1877 2959 ‚
1905 2927 1940 2951 ut
1961 2919 2059 2960 bapti-

1182 2978 1283 3001 zatum
1299 2977 1422 3011 puerum
1433 2970 1469 3001 de
1491 2980 1582 3001 manu
1594 2970 1757 3002 sacerdotis
1781 2968 1846 3011 ipsa
1858 2978 1892 3002 ut
1902 2976 2057 3003 commater

1181 3024 1303 3059 accipiat
1316 3043 1323 3050 .
1351 3021 1452 3061 ‚Quam
1472 3017 1707 3061 superstitionem
1730 3021 1750 3051 ᾶ
1759 3019 1793 3061 se
1812 3020 1900 3061 fieri,
1921 3017 2056 3064 sermone

1176 3066 1371 3110 profitentur.
1400 3069 1509 3101 Etiam
1532 3069 1666 3102 sanctos
1688 3067 1744 3104 sibi
1768 3068 1896 3113 eligunt
1919 3069 1952 3102 in
1977 3079 2056 3102 con·

1181 3119 1288 3151 fratres
1300 3117 1363 3150 hoc
1377 3118 1439 3151 ritu
1453 3143 1459 3148 .
1487 3121 1567 3151 AEre
1579 3119 1743 3151 conducunt
1763 3121 1945 3152 Sacerdotem
1956 3142 1967 3158 ,
1991 3129 2057 3151 cum

1181 3174 1212 3200 in
1227 3166 1349 3208 Ecclefia
1372 3176 1511 3200 cantatur
1536 3168 1621 3210 Mtffa
1633 3193 1644 3209 ‚
1664 3168 1842 3210 funduntur
1848 3177 1904 3211 pro
1907 3167 2055 3209 fraterni-

1181 3226 1242 3250 tate
1260 3226 1360 3259 preces
1386 3243 1392 3249 .
1431 3221 1517 3251 Cerei
1540 3220 1584 3256 ad
1602 3219 1700 3258 minus
1722 3221 1919 3252 accenduntur
1942 3220 1998 3251 duo
2020 3219 2055 3250 (θ’

1178 3271 1351 3310 perungitur
1374 3269 1430 3301 oleo
1444 3268 1532 3310 fidlus
1540 3267 1662 3310 frater,
1690 3269 1724 3302 (ν
1747 3267 1885 3311 sanilam
1907 3265 2055 3309 ample&-

1181 3328 1228 3351 tur
1242 3324 1421 3360 imaginem,
1446 3330 1536 3359 quam
1548 3317 1636 3361 ausus
1650 3318 1689 3358 est
1699 3320 1793 3352 dicere
1807 3318 1957 3360 fratrem.
1983 3315 2055 3348 Au-

1181 3368 1214 3401 di
1235 3368 1266 3401 &
1281 3369 1378 3401 aiium
1393 3368 1491 3402 ritum
1507 3381 1514 3401 z
1542 3367 1752 3412 Graecifinguli
1768 3373 1889 3412 papyris
1913 3367 1970 3398 oleo
1979 3364 2055 3410 lana}

1574 3417 1602 3451 E
1628 3428 1646 3452 e
1672 3429 1691 3453 e
1905 3415 2006 3457 pada-
