2352 3736
860 65 1364 116 INDEX.

252 156 480 200 Vill.Synodi
492 156 581 198 ajunt
593 156 716 198 semper
734 153 893 188 creditum
916 155 1011 189 fuiffe
1027 166 1078 190 ve-

253 219 325 244 rum
349 207 474 250 Corpus
502 204 624 239 Christi
651 205 688 245 ,in
708 204 930 247 Eucharistia.
950 214 1031 251 243..
1046 216 1075 242 2.

251 256 500 297 Elementorum
508 255 718 298 ‚sanciificatio
728 255 847 298 duplex
869 278 875 285 .
896 253 1078 289 Transfub·

182 315 188 320 ·
251 306 417 350 stantiatio
427 306 568 348 reipsaa
581 305 705 339 Sanstis
726 303 874 339 Patribus
894 303 1013 338 Graecis
1036 305 1077 337 as-

249 358 327 399 serta
336 378 347 396 ,
357 355 397 390 ab
410 355 558 397 Adriano
571 354 596 390 1.
608 356 734 400 firmat-a
746 379 752 386 .
764 353 840 388 ibid.
851 354 882 387 S.
894 353 1078 388 Paschafius

250 406 428 448 Ratbertus
438 405 480 440 ,de
489 404 711 440 accidentibus
724 405 759 444 in
774 402 976 448 Eucharistia
990 403 1078 447 haud

249 454 334 492 reae
345 456 465 490 sensisse
478 455 621 490 videtur.
654 465 731 502 243·
747 465 773 490 1.
786 454 826 488 Se
841 465 951 488 tamen
962 453 1003 487 de
1017 453 1081 495 Eu·

250 504 397 550 charistia
410 504 492 540 recte
503 505 696 550 sentientem
706 504 853 548 exposuit
863 516 876 548 .·
896 504 1009 547 Atque
1018 503 1036 537 a
1048 503 1077 536 S.

251 557 438 591 Lanfranco
457 565 609 600 purgatur
623 579 630 587 .
655 554 780 600 244'1.
802 555 932 596 Corpus
955 551 1078 593 ‚Christi

252 607 288 641 in
302 604 500 640 Eucharistia
511 605 555 638 est
570 601 812 645 incorruptibile
824 628 832 635 .
854 614 933 650 244.
950 615 981 640 2.
992 602 1079 646 Con-

251 665 299 690 tra
312 656 451 700 senti-ens
471 656 489 688 a
512 652 696 698 Catholicis
716 655 925 693 confutatus.
948 662 1025 701 245-
1052 662 1078 686 1.

252 705 382 741 Veritas
395 703 603 750 Eucharistiae
614 705 657 738 est
668 702 840 743 immobile
852 701 928 736 fidei
937 700 1060 744 dogma
1071 725 1079 733 .

252 764 333 801 250·
350 765 378 790 1-
391 755 494 790 Graeci
507 753 883 789 transelementationem
895 750 1081 785 constanter

252 805 431 838 affirmant.
458 804 588 849 Corpus
600 803 722 839 Christi
743 802 807 842 esse
822 802 855 834 in
879 797 1079 837 Eucharistia

253 854 356 888 modo
367 853 545 897 spirituali,
570 852 740 893 unanimis
750 850 794 884 est
806 851 995 884 Sanstorum
1024 849 1083 883 Pe.-

251 912 337 938 trum
348 904 538 946 consensus.
565 911 643 947 251.
659 911 688 936 1.
702 899 832 934 Errores
854 899 938 933 circa
962 897 1083 933 Eucha-

253 953 393 988 ristiam.
410 949 500 995 Vide
521 951 740 992 Berengem'us.
757 948 901 992 ‚loannes
932 951 1081 992 Erigena.

252 999 443 1043 stercoristae.
614 1001 618 1003 ’
757 999 761 1004 ’
986 1000 988 1003 ’

202 1050 408 1090 Eucharistia
432 1048 683 1094 Virgini-Matri
707 1048 725 1082 ὲ
747 1048 903 1084 Domino
923 1049 1085 1083 transmis-

254 1102 301 1135 sa.
327 1112 402 1149 327.
423 1108 452 1145 ζ.
480 1099 672 1134 Domestica
695 1099 854 1133 laicorum
880 1098 1085 1133 Communio

255 1152 321 1186 fuit
343 1148 400 1184 sub
424 1149 492 1185 sola
517 1149 622 1193 specie
644 1150 737 1193 panis
753 1174 760 1181 .
785 1149 861 1183 ibid.
883 1147 1085 1185 Eucharistia

255 1201 337 1235 olim
356 1198 527 1244 dicebatur
548 1200 676 1243 proprie
696 1199 858 1232 «scendum.
893 1208 972 1245 329.
1001 1209 1029 1234 x.
1056 1210 1085 1235 2.

253 1250 339 1284 ltem
351 1252 466 1282 Bonum
478 1274 485 1281 .
512 1248 608 1294 ibid..
622 1249 730 1290 Etiam
742 1254 949 1283 Fer-mentum.
976 1259 997 1296 3
1001 1252 1053 1294 31.
1071 1258 1083 1282 1

255 1298 428 1341 Presbyter
441 1298 641 1333 Parochialis
652 1300 779 1333 missam
795 1299 836 1332 ab
850 1299 1011 1342 Episcopo
1026 1298 1087 1331 Eu-

255 1348 442 1385 charistiam
465 1350 557 1383 omni
589 1348 754 1384 dominica
785 1350 909 1383 sumere
926 1347 1087 1382 debebat.

257 1400 308 1434 At
324 1410 449 1442 tempus
472 1400 506 1433 ὅ(
528 1399 646 1433 modus
666 1399 859 1446 ignorantur
883 1408 964 1445 331.
980 1411 1010 1435 2·
1026 1398 1090 1431 Eu-

255 1443 414 1483 charistiae
440 1448 664 1494 sumptionem
696 1447 829 1494 quidam
862 1447 1090 1486 existimabant

256 1499 418 1542 jejunium
439 1500 587 1535 solvere.
915 1496 993 1545 383.
1020 1507 1047 1531 1.
1070 1508 1089 1531 2

206 1549 357 1595 ,Eulogiae
366 1549 558 1594 dicebantur
569 1550 774 1583 fermentum·
787 1559 898 1592 3252.
911 1544 1090 1579 Mitteban-

256 1608 309 1633 tur
329 1600 363 1633 in
375 1599 505 1643 fignum
515 1596 728 1630 adunationis
739 1596 938 1637 populicum
961 1594 1089 1635 Episco-

256 1639 1089 1738 53...³.²3·..¹.;st¹?23ffi0{rrssrrsspssffssssssssst

255 1753 291 1779 ta
313 1769 319 1776 .
360 1753 437 1790 327.
475 1732 506 1778 1..
527 1750 560 1777 2.
583 1740 672 1775 Ante
698 1750 867 1783 acceptum
894 1741 1090 1774 fermentum

256 1804 328 1829 non
348 1792 442 1827 licuit
471 1788 656 1826 Parochiali
688 1789 884 1833 Presbytero
917 1790 1089 1825 conciona-

257 1845 302 1878 ri.
332 1853 409 1890 327,
433 1853 466 1879 2-
492 1843 702 1887 Fermentum
737 1839 820 1875 illud
842 1851 915 1874 vera
937 1840 1000 1874 fuit
1027 1840 1092 1873 Eu-

256 1892 407 1928 charistia
430 1917 437 1924 .
477 1902 553 1939 329.
596 1903 625 1928 1.
664 1890 874 1933 Objestiones
901 1889 1088 1924 solvuntur.

261 1952 339 1992 330.
369 1950 398 1975 1.
425 1941 506 1975 Non
533 1940 596 1974 suit
621 1941 833 1976 fermentatus
871 1940 965 1983 panis
983 1964 990 1972 .
1030 1940 1093 1975 Eu·

255 1990 406 2028 charistia
432 1989 514 2023 reste
540 1989 660 2024 dieitur
686 1991 901 2024 fermentum.
965 1999 1044 2037 331.
1075 1998 1088 2023 1

208 2041 347 2080 Exastio
381 2040 416 2073 &
447 2038 574 2074 oblatio
603 2051 662 2083 pro
690 2038 919 2074 concionibus
940 2063 951 2079 ,
989 2040 1093 2073 Exor-

258 2090 387 2128 cistnis,
410 2089 443 2123 &
463 2088 535 2124 aliis
557 2089 589 2123 id
611 2100 712 2135 genus
732 2090 909 2135 exponitur
931 2114 938 2121 .
978 2086 1030 2135 89.
1072 2099 1093 2127 2

260 2141 294 2175 δι
316 2141 401 2183 seqq-
423 2138 571 2174 Christus
589 2150 631 2174 ex
650 2139 880 2184 praedicatione
907 2139 1006 2181 vieini
1040 2149 1096 2172 ne-

259 2189 390 2226 cessaria
406 2190 551 2233 accepit.
580 2199 633 2236 90.
660 2201 688 2229 1-
702 2188 812 2223 Potest
825 2189 1003 2234 Evangelii
1016 2188 1093 2223 Prae-

258 2240 387 2275 dicator
408 2240 482 2275 vitae
503 2239 675 2275 necessaria
700 2238 811 2275 oblata
832 2240 1000 2283 accipere,
1025 2250 1094 2272 non

261 2290 411 2335 exigere.
440 2301 496 2333 90.
517 2299 551 2334 2..
572 2289 790 2335 Evangelium
811 2289 852 2323 ad
877 2288 1094 2323 corradendas

260 2351 337 2384 opes
359 2350 428 2374 non
452 2340 498 2379 est
521 2337 758 2382 praedicandum
776 2364 783 2372 .
810 2337 889 2375 ibid.
916 2337 1099 2383 Apostolus

260 2389 453 2433 quibusdam
473 2390 507 2423 in
531 2389 614 2425 locis
635 2390 814 2437 gratuitum
835 2391 982 2423 exercuit
1005 2389 1097 2423 mini—

260 2441 391 2475 sterium
412 2450 466 2486 90·
494 2450 520 2476 x.
534 2451 566 2476 2-
579 2439 659 2475 Non
670 2451 779 2475 tamen
795 2439 933 2481 ubique.
957 2450 1016 2483 91.
1033 2448 1060 2474 1.
1077 2449 1097 2475 2

260 2490 373 2524 Gratis
396 2489 563 2533 praedicare
586 2490 620 2525 &
641 2499 680 2525 e'x
698 2489 886 2525 mendicato
899 2489 1026 2530 vivere,
1053 2487 1098 2523 A·
1122 2495 1123 2502 ¹

261 2539 422 2583 postolica
442 2539 488 2573 est
516 2540 683 2584 perfectio.
713 2551 764 2587 92.
791 2549 818 2575 1.
841 2538 924 2574 Non
937 2538 1013 2573 licet
1025 2549 1098 2583 prae-
1122 2543 1123 2546 ’
1143 2546 1146 2550 ’

261 2588 370 2623 dicare
389 2613 400 2629 ,
428 2590 634 2625 Sacramenta
654 2587 878 2630 administrare
900 2613 911 2629 ‚
949 2598 1007 2623 aut
1041 2588 1098 2628 sta·

264 2648 336 2672 tum
354 2639 536 2673 clericalem
559 2641 712 2675 assumere
721 2652 762 2674 ex
785 2650 895 2674 amore
907 2650 949 2673 ne
970 2638 1020 2674 vel
1048 2649 1100 2672 ne·

266 2685 389 2722 cestarii
409 2686 508 2720 victus
528 2712 537 2719 .
563 2700 618 2733 92.
649 2698 682 2731 2.
704 2690 773 2737 Q
814 2701 855 2724 ex
872 2699 982 2724 amore
1017 2688 1098 2722 lucri

268 2736 416 2780 praedicat
436 2759 446 2776 ‚
473 2735 632 2770 ministrat
650 2761 662 2777 ,
698 2750 752 2773 aut
774 2739 992 2773 ministerium
1018 2738 1098 2773 acci-

267 2787 336 2830 pit.
366 2794 496 2829 peccat.
525 2784 602 2820 ibid.
628 2786 888 2822 Proexorcismis
901 2788 1024 2831 aliquid
1034 2788 1099 2822 exi-

269 2846 345 2882 gere
364 2834 410 2870 est
435 2835 678 2869 simoniacum.
703 2835 768 2869 Pro
787 2838 952 2871 miraculis
973 2849 1011 2872 ac
1034 2850 1099 2882 pre-

265 2885 361 2920 cibus
381 2884 470 2920 licite
492 2885 593 2919 victus
613 2885 794 2933 accipitur,
821 2897 891 2921 non
910 2895 1019 2921 tamen
1031 2899 1099 2930 mu-

270 2947 364 2970 nera.
995 2946 1050 2985 93.
1077 2950 1098 2975 2

219 2986 359 3023 Exaffio
370 2986 403 3020 ὃ(
414 2984 539 3020 oblatio
551 2996 607 3029 pro
620 2985 799 3020 donatione
821 2986 1035 3022 Ecclefiastioi
1050 2987 1098 3022 be-

271 3036 380 3071 neficii
402 3037 578 3079 exponitur
600 3061 608 3069 .
642 3046 696 3085 79.
710 3036 786 3073 2·&
800 3037 882 3081 seqq.
898 3036 1031 3071 Exaciio
1043 3047 1099 3081 pro

271 3085 522 3123 confirmatione
546 3084 729 3127 Elestorum
751 3098 788 3120 ac
809 3098 867 3130 pro
888 3086 995 3120 Pallio
1019 3111 1031 3127 ,
1055 3088 1101 3122 Si-

272 3134 391 3168 moniae
415 3134 603 3170 damnatur.
630 3134 651 3172 8
659 3149 684 3173 ι.
702 3148 726 3172 1.
749 3137 889 3180 joannes
900 3135 1023 3177 xxm.
1036 3137 1101 3171 exi-

272 3184 384 3230 gendo
404 3186 533 3221 exceffit
547 3212 554 3219 .
582 3185 658 3221 ibid.
676 3185 773 3226 Nihil
794 3187 922 3220 ratione
940 3186 1103 3225 examinis

271 3234 314 3268 ab
336 3233 538 3270 ordinandis
562 3236 666 3279 potest
685 3236 798 3280 exigi,
825 3236 928 3271 immo
941 3248 1000 3271 nec
1012 3236 1102 3272 obla-

275 3294 345 3319 tum
369 3285 470 3328 accipi
491 3309 497 3317 .
535 3286 589 3323 82.
616 3298 643 3323 1.
668 3285 764 3321 Nihil
789 3286 866 3323 licet
890 3287 1019 3331 exigere
1046 3298 1103 3331 pro

275 3332 554 3373 inthronizatione
575 3355 586 3376 5
611 3336 796 3371 investitura
817 3360 829 3377 ,
865 3336 1102 3372 installatione:

1846 86 1941 133 455

1186 156 1322 202 .Q1ippe
1332 154 1423 199 quod
1433 152 1656 189 simoniacum
1667 153 1733 189 est.
1756 154 1832 191 ibid.
1854 157 2017 200 insinuati.

1194 206 1276 238 vain
1293 200 1434 243 Ecclefia
1448 205 1479 243 C
1491 204 1528 238 P.
1537 205 1557 248 *a
1568 204 1754 248 Jufliniam
1763 206 1887 241 sublata
1899 230 1906 238 .
1917 206 1973 244 82..
1983 221 2016 246 2.

1192 255 1300 288 Etiam
1314 266 1347 288 in
1360 254 1704 297 Ecclefiavlatinafirere
1718 281 1725 288 .
1911 254 1967 309 83.
2000 270 2017 294 1

1144 306 1279 347 ExaCtio
1287 306 1321 351 dt
1332 304 1458 347 oblatio
1468 316 1528 347 pro
1538 305 1682 349 exequiis
1692 317 1729 338 ac
1741 306 1900 349 sepultura
1922 318 2020 350 expo-

1195 355 1298 388 nitur.
1324 352 1383 393 86.
1406 366 1436 400 2.
1458 355 1589 398 &seqq
1609 355 1759 397 Ecclesiae
1782 356 1815 392 C
1837 355 1874 396 P.
1896 355 1941 389 ab
1960 356 2022 391 km-

1196 403 1395 448 peratoribus
1418 405 1614 438 constitutus
1628 405 1751 440 reditus
1774 428 1785 445 ‚
1819 417 1858 446 *ut
1879 405 2022 449 exequiae

1194 454 1292 499 gratis
1311 454 1442 495 fierent.
1468 453 1548 495 jbid-
1571 453 1714 498 Singulis
1733 466 1771 489 ea
1793 455 1828 490 in
1848 466 2024 500 reoccupa-

1196 504 1238 538 tis
1250 502 1326 537 inde
1332 503 1491 553 *affignata
1503 504 1609 547 portio
1619 516 1631 546 ‚3
1659 516 1698 545 ac
1709 505 1885 550 unicuique
1896 504 2027 540 cadave-

1195 554 1221 587 ri
1232 563 1316 588 certa
1327 553 1481 597 adscripta
1494 553 1678 587 solemnitas
1688 578 1695 586 .
1723 557 1776 602 87.
1794 551 1933 599 1.'Apud
1945 557 2027 590 Grae-

1196 611 1252 637 cos
1279 615 1335 647 pro
1357 603 1515 647 sepultura
1537 602 1637 637 Clero
1661 604 1784 651 semper
1804 604 1928 652 aliquid
1939 604 2027 639 obla-

1196 661 1290 693 tum,
1316 653 1417 695 usque
1441 652 1482 687 ad
1506 653 1716 687 Constantini
1738 663 1881 698 tempora
1903 680 1910 686 .
1945 653 2025 688 ibid.

1197 702 1279 735 Non
1303 702 1378 736 licet
1399 702 1537 736 Clerieis
1561 702 1724 745 opulentis
1747 715 1803 746 pro
1815 703 1959 748 exequiis
1970 713 2026 738 aut

1197 751 1380 787 ministerio
1420 750 1646 784 Ecclesiastico
1673 752 1849 794 quidquam
1868 754 1997 798 exigere
2018 777 2027 785 .

1196 800 1253 847 87·
1277 812 1308 837 2-
1325 799 1389 834 Pro
1405 801 1522 843 ¹officio
1544 800 1756 843 exequiarum
1765 801 1848 835 olim
1873 802 1906 834 in
1921 802 2031 836 Eccle-

1197 852 1239 885 fia
1263 849 1381 895 Latina
1399 849 1527 895 aliquid
1548 848 1696 896 oblatum
1715 851 1748 885 ὅ(
1761 851 1929 885 εκιᾶυιπ.
1952 850 2029 884 ibid.

1200 900 1414 936 ExaCtionem
1438 901 1469 934 S.
1493 899 1673 947 Gregorius
1687 901 1828 945 graviter
1853 899 2031 944 improbat.

1200 950 1279 984 ibid.
1298 949 1453 994 fiandem
1475 959 1587 993 retant
1605 949 1761 994 ‚Conciliat
1783 961 1820 984 ac
1834 950 2031 995 pontjfites‘,

1200 997 1258 1043 38.
1282 1011 1301 1032 r.
1321 1000 1500 1034 Occafione
1518 1000 1748 1047 extorquendae
1769 1000 2034 1046 pecuniaecorpo‘

1203 1060 1236 1084 ra
1261 1058 1465 1084 mortuorum
1493 1051 1586 1093 super
1618 1049 1735 1094 'terram
1758 1046 1827 1087 non
1858 1047 2034 1085 detinenda

1204 1101 1257 1139 88.
1283 1110 1312 1135 2.
1338 1099 1475 1133 Exaoio
1498 1099 1551 1133 illa
1572 1099 1726 1135 Simoniae
1739 1100 1929 1135 damnatur.
1957 1095 2036 1135 ibid.

1202 1147 1379 1183 Barbarum
1400 1149 1447 1196 est
1465 1150 1630 1196 defunctis
1647 1149 1692 1184 ob
1712 1148 1818 1192 debita
1841 1150 2035 1192 sepulturam

1153 1201 1155 1204 “
1202 1198 1364 1243 denegare
1384 1223 1391 1231 .
1424 1196 1479 1246 89.
1498 1210 1519 1233 ι.
1543 1199 1707 1240 Cadavera
1728 1200 1793 1233 fine
1816 1199 2036 1243 persolutione

1205 1250 1351 1291 pecuniae
1368 1249 1457 1292 juxta
1478 1248 1527 1292 ius
1548 1260 1726 1284 commune
1750 1260 1806 1292 per
1823 1248 1967 1283 alienum
1979 1257 2039 1282 ter-

1203 1298 1355 1338 ritorium
1389 1300 1518 1341 possunt
1557 1298 1716 1333 transferri
1735 1322 1744 1330 .
1782 1298 1862 1333 ibid.
1900 1297 2039 1332 Possunt

1204 1349 1335 1389 moneri
1369 1347 1478 1382 fideles
1503 1357 1540 1382 ut
1577 1347 1770 1383 laudabilem
1806 1359 1866 1392 pro
1900 1346 2041 1391 sepultu-

1205 1409 1240 1431 ra
1270 1398 1396 1441 aliquid
1431 1397 1589 1442 offerendi
1625 1397 1798 1443 observent
1832 1394 2040 1441 consuetudi·

1206 1459 1283 1487 nem
1295 1472 1302 1479 .
1325 1450 1331 1455 “
1959 1446 2040 1487 ibid.

1158 1497 1295 1538 Exaistio
1317 1497 1352 1531 ἀ
1371 1497 1497 1532 oblatio
1517 1509 1575 1542 pro
1595 1499 1700 1533 Miffis
1721 1500 1754 1533 &
1774 1497 1977 1534 orationibus
1987 1506 2042 1529 ex-

1209 1546 1357 1587 ponitur·
1387 1545 1440 1591 83.
1467 1559 1487 1578 ι.
1510 1548 1543 1579 &
1566 1550 1648 1590 seqq.
1670 1549 1832 1582 Denarius
1853 1547 1935 1581 olim
1950 1546 2046 1588 spon-

1209 1592 1242 1627 te
1262 1593 1415 1632 oblatus,
1446 1594 1580 1628 tandem
1607 1597 1703 1637 coepit
1715 1595 1803 1640 exigi
1818 1620 1829 1636 ‚
1856 1594 1943 1639 quod
1956 1594 2044 1629 Con-

1194 1641 1288 1676 milio
1309 1640 1511 1674 Tridentino
1525 1642 1696 1684 probatur.
1724 1642 1779 1679 86.
1800 1656 1819 1677 ι.
1836 1645 1976 1678 Utinam
1999 1643 2046 1677 ni-

1210 1689 1258 1723 hil
1285 1702 1343 1734 pro
1366 1689 1465 1724 miffis
1485 1691 1670 1736 exigeretur
1689 1716 1698 1725 .
1716 1693 1772 1729 86.
1794 1706 1824 1731 2.
1849 1693 1938 1730 Vide
1949 1693 2041 1738 Miffge

1208 1741 1350 1774 denarius
1366 1765 1373 1772 .

1161 1790 1299 1836 lixastio
1315 1791 1350 1833 βε
1361 1782 1487 1833 oblatio
1499 1802 1556 1834 pro
1569 1793 1663 1827 sacris
1674 1794 1848 1828 ordinibus
1869 1795 2044 1838 exponitur

1207 1850 1264 1887 74.
1286 1852 1305 1872 r.
1317 1840 1351 1873 ὅ(
1369 1840 1454 1884 seqq.
1467 1840 1664 1876 Exastiones
1675 1842 1693 1875 a
1705 1845 1898 1877 consecratis
1913 1844 2046 1886 Episco-

1209 1891 1258 1932 pis
1280 1890 1312 1922 in
1329 1888 1469 1933 Ecclesia
1495 1890 1603 1924 Graeca
1628 1892 1701 1931 sunt
1725 1894 1889 1935 antiquae,
1912 1894 1930 1926 a
1951 1892 2046 1931 variis

1209 1937 1396 1982 prohibitae.
1423 1949 1480 1985 74.
1504 1951 1534 1975 2.
1551 1939 2046 1984 Episcopisaliundeadvenien·

1209 1989 1297 2023 tibus
1308 1988 1347 2023 ad
1372 1987 1587 2034 peragendam
1613 1992 1690 2024 novi
1712 1990 1864 2034 Episcopi
1884 1993 2048 2025 consecra·

1209 2039 1336 2081 tionem
1357 2039 1553 2084 permittitur
1576 2039 1725 2078 ‚oblamm
1737 2039 1949 2082 honorarium
1963 2041 2046 2075 acci-

1211 2100 1302 2133 pere.
1330 2087 1409 2134 ibid.
1434 2089 1571 2124 Exaciio
1586 2089 1641 2125 illa
1653 2092 1753 2125 etiam
1766 2092 1870 2136 viguit
1884 2092 1916 2125 in
1938 2090 2046 2126 Eccle-

1210 2140 1253 2173 fia
1275 2138 1402 2176 latina:
1430 2137 1462 2173 A
1483 2140 1513 2174 S.
1527 2139 1690 2185 Gregorio
1714 2141 1915 2184 improbata.
1937 2151 1992 2190 75.
2018 2151 2046 2180 1.

1213 2187 1413 2223 AZacharia
1435 2188 1521 2233 Papa
1540 2189 1714 2233 damnata3
1738 2191 1912 2234 spontanea
1935 2202 2046 2225 tamen

1210 2239 1299 2273 xenii
1322 2238 1447 2274 oblatio
1470 2237 1621 2275 admiffa.
1649 2238 1710 2289 75.
1728 2252 1757 2277 2.
1782 2241 1836 2274 Ad
1858 2243 2047 2275 exactiones

1213 2300 1274 2332 prae
1293 2289 1405 2333 inopia
1423 2288 1518 2323 rediit
1542 2289 1693 2334 Romana
1724 2290 1865 2325 Ecclesia
1889 2315 1896 2322 .
1933 2292 1986 2337 76.
2015 2300 2043 2325 1.

1211 2339 1342 2379 Malum
1363 2350 1417 2383 per
1438 2338 1586 2374 Leonem
1617 2340 1672 2374 IX.
1697 2340 1829 2384 ejusque
1849 2341 2047 2375 Successores

1212 2388 1395 2425 sublatum.
1424 2389 1478 2437 76.
1501 2401 1530 2426 2.
1558 2391 1753 2424 Exaffiones
1774 2393 1924 2434 quamvis
1945 2391 2047 2433 priva-

1212 2439 1274 2475 tim
1295 2440 1404 2480 faece,
1425 2440 1465 2474 'in
1487 2438 1626 2483 publicis
1646 2449 1752 2483 tamen
1769 2441 1913 2475 Ecclesrae
1926 2440 2047 2474 Roma-

1213 2500 1262 2522 nae
1284 2488 1499 2528 tribunalibus
1520 2491 1626 2531 vetitae
1647 2502 1684 2525 ac
1697 2490 1835 2534 punirae.
1865 2490 1942 2524 ibid.
1968 2483 2053 2524 Exa-

1212 2539 1335 2573 stiones
1365 2552 1407 2573 ex
1439 2540 1563 2575 summa
1595 2540 1815 2583 quorumdam
1846 2539 2049 2573 Pontificum

1157 2618 1159 2620 ,
1214 2599 1401 2632 paupertate
1427 2600 1567 2623 exortae.
1608 2592 1612 2597 '
1945 2600 1999 2635 77.
2030 2597 2046 2628 ι

1164 2638 1300 2684 Exastio
1326 2640 1359 2672 in
1384 2637 1610 2682 benedidiione
1622 2639 1791 2679 Abbatum
1815 2640 1848 2678 ἀ
1866 2637 2050 2672 Abbatiffa·

1214 2699 1304 2728 rum,
1330 2688 1364 2721 δε
1388 2689 1423 2721 in
1435 2688 1678 2722 consecratione
1706 2688 1882 2732 Virginum
1896 2711 1907 2728 ,
1925 2684 1966 2729 ab
1989 2688 2051 2721 Ec·

1211 2738 1303 2772 clefia
1327 2737 1406 2771 reste
1436 2747 1576 2771 vetatur.
1604 2749 1660 2784 77.
1684 2750 1714 2774 2.
1737 2738 1818 2771 Item
1835 2738 1869 2776 in
1882 2736 2049 2773 consecra-

1213 2788 1304 2821 tione
1330 2786 1562 2830 Ecclefiarum.
1591 2787 1669 2820 ibid.
1694 2788 1736 2824 Et
1763 2787 1912 2822 altarium
1936 2785 1990 2835 78.
2018 2797 2048 2823 1.

1213 2836 1386 2872 Debentur
1408 2847 1518 2883 tamen
1541 2837 1806 2882 procurationes,
1827 2834 1936 2880 idest,
1961 2836 2049 2870 illius

1213 2887 1279 2922 diei
1306 2886 1478 2933 alimenta.
1504 2885 1582 2933 ibid.
1607 2887 1740 2928 Exnffio
1778 2887 1811 2932 in
1840 2886 2051 2922 ordinatione

1214 2936 1481 2983 Presbyterorum
1501 2948 1538 2972 ac
1574 2937 1775 2972 Clericorum
1812 2937 1897 2981 apud
1920 2936 2050 2971 Graecos

1212 2987 1396 3031 antiquitus
1409 2987 1521 3022 ufitata
1532 3011 1540 3020 .
1564 2986 1641 3021 ibid.
1654 2987 1754 3031 Hanc
1766 2986 1967 3031 Theodorus
1980 2986 2054 3028 Bal·

1213 3039 1325 3072 samon
1349 3037 1367 3082 a
1390 3037 1535 3071 Simonia
1559 3038 1711 3078 excusat,
1739 3035 1790 3083 sed
1811 3038 1841 3072 S.
1870 3037 2050 3081 Gregorius

1213 3081 1363 3122 damnat.
1384 3085 1437 3134 78.
1465 3098 1497 3122 2.
1518 3086 1679 3131 Variique
1700 3087 1855 3122 Canones
1877 3084 2048 3125 inhibent.

1213 3137 1290 3177 ibid.
1307 3147 1393 3185 79.r.
1409 3137 1523 3181 Hodie
1537 3138 1573 3180 in
1584 3136 1852 3184 ordinationibus
1872 3134 1955 3182 nibil
1970 3135 2063 3175 licet*

1210 3187 1341 3232 exigere
1364 3199 1424 3229 nec
1443 3188 1605 3231 accipere.
1935 3196 1996 3233 79·
2022 3194 2047 3220 2

1168 3237 1308 3277 Exastio
1316 3248 1375 3280 pro
1386 3234 1544 3281 baptisterio
1555 3237 1800 3283 Simoniaeaest
1813 3261 1824 3278 ,
1851 3247 1906 3280 per
1925 3234 2045 3269 multos

1213 3286 1391 3322 Pontifices
1401 3287 1565 3331 reprobata
1579 3313 1586 3320 .
1614 3288 1670 3325 66.
1689 3299 1716 3325 r.
1729 3286 1823 3331 Alibi
1831 3286 1974 3320 ernastum
1989 3282 2046 3315 ali·

1215 3337 1315 3384 quid,
1343 3337 1421 3372 alibi
1442 3335 1637 3373 verenihil.
1663 3337 1718 3384 65.
1750 3331 2046 3415 1⁴&squl’lfimss

1913 3391 1949 3416 cc
1964 3391 1994 3415 e-
