<?xml version="1.0" encoding="UTF-8"?>
<!DOCTYPE html PUBLIC "-//W3C//DTD XHTML 1.0 Transitional//EN"
    "http://www.w3.org/TR/xhtml1/DTD/xhtml1-transitional.dtd">
<html xmlns="http://www.w3.org/1999/xhtml" xml:lang="en" lang="en">
 <head>
  <title>
</title>
<meta http-equiv="Content-Type" content="text/html;charset=utf-8" />
  <meta name='ocr-system' content='tesseract 3.04.00' />
  <meta name='ocr-capabilities' content='ocr_page ocr_carea ocr_par ocr_line ocrx_word'/>
</head>
<body>
  <div class='ocr_page' id='page_1' title='image "./operaomniastudio04lupuuoft/operaomniastudio04lupuuoft_0221.png"; bbox 0 0 2352 3736; ppageno 0'>
   <div class='ocr_carea' id='block_1_1' title="bbox 67 2022 185 2061">
    <p class='ocr_par' dir='ltr' id='par_1_1' title="bbox 67 2022 185 2061">
     <span class='ocr_line' id='line_1_1' title="bbox 67 2022 185 2061; baseline 0.008 -8"><span class='ocrx_word' id='word_1_1' title='bbox 67 2022 141 2060; x_wconf 47' lang='lat' dir='ltr'>⁴Lib,s</span> <span class='ocrx_word' id='word_1_2' title='bbox 156 2035 185 2061; x_wconf 66' lang='lat'>4.</span> 
     </span>
    </p>
   </div>
   <div class='ocr_carea' id='block_1_2' title="bbox 533 206 626 238">
    <p class='ocr_par' dir='ltr' id='par_1_2' title="bbox 533 206 626 238">
     <span class='ocr_line' id='line_1_2' title="bbox 533 206 626 238; baseline 0 0"><span class='ocrx_word' id='word_1_3' title='bbox 533 206 626 238; x_wconf 68' lang='lat' dir='ltr'>DE</span> 
     </span>
    </p>
   </div>
   <div class='ocr_carea' id='block_1_3' title="bbox 247 272 1137 1266">
    <p class='ocr_par' dir='ltr' id='par_1_3' title="bbox 247 272 1137 1266">
     <span class='ocr_line' id='line_1_3' title="bbox 248 272 1137 334; baseline -0.007 -25"><span class='ocrx_word' id='word_1_4' title='bbox 248 279 306 312; x_wconf 76' lang='lat' dir='ltr'>dici·</span> <span class='ocrx_word' id='word_1_5' title='bbox 328 272 495 309; x_wconf 60' lang='lat' dir='ltr'>orbabat.</span> <span class='ocrx_word' id='word_1_6' title='bbox 523 272 673 319; x_wconf 86' lang='lat' dir='ltr'>Augusta</span> <span class='ocrx_word' id='word_1_7' title='bbox 694 273 763 306; x_wconf 90' lang='lat' dir='ltr'>auri</span> <span class='ocrx_word' id='word_1_8' title='bbox 787 273 821 306; x_wconf 70' lang='grc' dir='ltr'>ὃ(</span> <span class='ocrx_word' id='word_1_9' title='bbox 845 273 970 317; x_wconf 85' lang='lat' dir='ltr'>argenti</span> <span class='ocrx_word' id='word_1_10' title='bbox 991 275 1137 334; x_wconf 46' lang='lat' dir='ltr'>munera}</span> 
     </span>
     <span class='ocr_line' id='line_1_4' title="bbox 247 321 1123 368; baseline -0.008 -8"><span class='ocrx_word' id='word_1_11' title='bbox 247 325 383 360; x_wconf 85' lang='lat' dir='ltr'>Bafilius</span> <span class='ocrx_word' id='word_1_12' title='bbox 406 325 583 368; x_wconf 83' lang='lat' dir='ltr'>Imperator</span> <span class='ocrx_word' id='word_1_13' title='bbox 603 322 771 367; x_wconf 80' lang='lat' dir='ltr'>adjunxit.</span> <span class='ocrx_word' id='word_1_14' title='bbox 799 321 935 356; x_wconf 83' lang='lat' dir='ltr'>Plenam</span> <span class='ocrx_word' id='word_1_15' title='bbox 956 332 1034 365; x_wconf 88' lang='lat' dir='ltr'>ergo</span> <span class='ocrx_word' id='word_1_16' title='bbox 1044 330 1123 354; x_wconf 90' lang='lat' dir='ltr'>tunc</span> 
     </span>
     <span class='ocr_line' id='line_1_5' title="bbox 247 338 1137 428; baseline -0.009 -18"><span class='ocrx_word' id='word_1_17' title='bbox 247 369 323 410; x_wconf 80' lang='lat' dir='ltr'>cum</span> <span class='ocrx_word' id='word_1_18' title='bbox 337 375 489 409; x_wconf 84' lang='lat' dir='ltr'>Romana</span> <span class='ocrx_word' id='word_1_19' title='bbox 501 372 928 428; x_wconf 51' lang='lat' dir='ltr'>Ecclefia‘communignem</span> <span class='ocrx_word' id='word_1_20' title='bbox 940 368 1043 404; x_wconf 77' lang='lat' dir='ltr'>Grae&#39;ci</span> <span class='ocrx_word' id='word_1_21' title='bbox 1055 338 1137 417; x_wconf 69' lang='grc' dir='ltr'>θαι-Ι</span> 
     </span>
     <span class='ocr_line' id='line_1_6' title="bbox 248 419 1125 462; baseline -0.008 -3"><span class='ocrx_word' id='word_1_22' title='bbox 248 426 333 459; x_wconf 80' lang='lat' dir='ltr'>nino</span> <span class='ocrx_word' id='word_1_23' title='bbox 344 425 496 459; x_wconf 85' lang='lat' dir='ltr'>fovebant</span> <span class='ocrx_word' id='word_1_24' title='bbox 509 449 516 455; x_wconf 90' lang='lat'><strong>.</strong></span> <span class='ocrx_word' id='word_1_25' title='bbox 545 424 636 457; x_wconf 91' lang='lat' dir='ltr'>Hinc</span> <span class='ocrx_word' id='word_1_26' title='bbox 649 423 727 457; x_wconf 88' lang='lat' dir='ltr'>item</span> <span class='ocrx_word' id='word_1_27' title='bbox 741 432 807 455; x_wconf 91' lang='lat' dir='ltr'>non</span> <span class='ocrx_word' id='word_1_28' title='bbox 834 419 916 454; x_wconf 73' lang='lat' dir='ltr'>vane</span> <span class='ocrx_word' id='word_1_29' title='bbox 928 420 1125 462; x_wconf 71' lang='lat' dir='ltr'>conjestura-</span> 
     </span>
     <span class='ocr_line' id='line_1_7' title="bbox 248 469 1125 518; baseline -0.008 -9"><span class='ocrx_word' id='word_1_30' title='bbox 248 487 320 509; x_wconf 81' lang='lat' dir='ltr'>mus</span> <span class='ocrx_word' id='word_1_31' title='bbox 339 473 537 518; x_wconf 84' lang='lat' dir='ltr'>Stephanum</span> <span class='ocrx_word' id='word_1_32' title='bbox 551 469 770 508; x_wconf 79' lang='lat' dir='ltr'>patriarcham</span> <span class='ocrx_word' id='word_1_33' title='bbox 797 469 838 503; x_wconf 87' lang='lat' dir='ltr'>ad</span> <span class='ocrx_word' id='word_1_34' title='bbox 850 469 1039 505; x_wconf 88' lang='lat' dir='ltr'>universalis</span> <span class='ocrx_word' id='word_1_35' title='bbox 1049 470 1125 513; x_wconf 87' lang='lat' dir='ltr'>Epi·</span> 
     </span>
     <span class='ocr_line' id='line_1_8' title="bbox 247 518 1125 569; baseline -0.009 -10"><span class='ocrx_word' id='word_1_36' title='bbox 247 525 339 569; x_wconf 81' lang='lat' dir='ltr'>scopi</span> <span class='ocrx_word' id='word_1_37' title='bbox 381 525 513 559; x_wconf 90' lang='lat' dir='ltr'>titulum</span> <span class='ocrx_word' id='word_1_38' title='bbox 535 548 546 564; x_wconf 94' lang='lat'>,</span> <span class='ocrx_word' id='word_1_39' title='bbox 582 533 679 566; x_wconf 88' lang='lat' dir='ltr'>quem</span> <span class='ocrx_word' id='word_1_40' title='bbox 717 518 858 553; x_wconf 88' lang='lat' dir='ltr'>Photius</span> <span class='ocrx_word' id='word_1_41' title='bbox 890 520 1125 554; x_wconf 85' lang='lat' dir='ltr'>contumaciter</span> 
     </span>
     <span class='ocr_line' id='line_1_9' title="bbox 249 569 1123 619; baseline -0.007 -10"><span class='ocrx_word' id='word_1_42' title='bbox 249 576 458 619; x_wconf 77' lang='lat' dir='ltr'>resumpserat</span> <span class='ocrx_word' id='word_1_43' title='bbox 480 599 491 614; x_wconf 93' lang='lat'>‚</span> <span class='ocrx_word' id='word_1_44' title='bbox 515 569 747 615; x_wconf 86' lang='lat' dir='ltr'>deponendum</span> <span class='ocrx_word' id='word_1_45' title='bbox 774 569 868 603; x_wconf 81' lang='lat' dir='ltr'>fuisse</span> <span class='ocrx_word' id='word_1_46' title='bbox 888 570 905 603; x_wconf 74' lang='lat' dir='ltr'>a</span> <span class='ocrx_word' id='word_1_47' title='bbox 927 571 1023 604; x_wconf 90' lang='lat' dir='ltr'>fratre</span> <span class='ocrx_word' id='word_1_48' title='bbox 1064 569 1123 603; x_wconf 93' lang='lat' dir='ltr'>suo</span> 
     </span>
     <span class='ocr_line' id='line_1_10' title="bbox 249 619 1123 669; baseline -0.009 -10"><span class='ocrx_word' id='word_1_49' title='bbox 249 626 365 659; x_wconf 85' lang='lat' dir='ltr'>Leone</span> <span class='ocrx_word' id='word_1_50' title='bbox 378 623 527 669; x_wconf 85' lang='lat' dir='ltr'>Augusto</span> <span class='ocrx_word' id='word_1_51' title='bbox 537 620 740 664; x_wconf 89' lang='lat' dir='ltr'>compulsum</span> <span class='ocrx_word' id='word_1_52' title='bbox 751 645 761 660; x_wconf 93' lang='lat'>,</span> <span class='ocrx_word' id='word_1_53' title='bbox 778 620 906 664; x_wconf 82' lang='lat' dir='ltr'>ejusque</span> <span class='ocrx_word' id='word_1_54' title='bbox 931 619 1123 653; x_wconf 75' lang='lat' dir='ltr'>successore-s</span> 
     </span>
     <span class='ocr_line' id='line_1_11' title="bbox 249 668 1123 714; baseline -0.01 -5"><span class='ocrx_word' id='word_1_55' title='bbox 249 674 289 709; x_wconf 74' lang='lat' dir='ltr'>nd</span> <span class='ocrx_word' id='word_1_56' title='bbox 303 675 394 708; x_wconf 89' lang='lat' dir='ltr'>illum</span> <span class='ocrx_word' id='word_1_57' title='bbox 404 675 483 707; x_wconf 88' lang='lat' dir='ltr'>citra</span> <span class='ocrx_word' id='word_1_58' title='bbox 495 670 584 705; x_wconf 85' lang='lat' dir='ltr'>Sedis</span> <span class='ocrx_word' id='word_1_59' title='bbox 596 669 794 714; x_wconf 81' lang='lat' dir='ltr'>Apostolicae</span> <span class='ocrx_word' id='word_1_60' title='bbox 805 669 935 704; x_wconf 89' lang='lat' dir='ltr'>veniam</span> <span class='ocrx_word' id='word_1_61' title='bbox 948 669 1012 704; x_wconf 92' lang='lat' dir='ltr'>huc</span> <span class='ocrx_word' id='word_1_62' title='bbox 1024 668 1123 712; x_wconf 89' lang='lat' dir='ltr'>usque</span> 
     </span>
     <span class='ocr_line' id='line_1_12' title="bbox 249 717 1124 765; baseline -0.01 -6"><span class='ocrx_word' id='word_1_63' title='bbox 249 737 319 759; x_wconf 84' lang='lat' dir='ltr'>non</span> <span class='ocrx_word' id='word_1_64' title='bbox 337 722 520 765; x_wconf 82' lang='lat' dir='ltr'>adspiraffe.</span> <span class='ocrx_word' id='word_1_65' title='bbox 547 720 768 755; x_wconf 86' lang='lat' dir='ltr'>Guilielmum</span> <span class='ocrx_word' id='word_1_66' title='bbox 789 720 895 754; x_wconf 73' lang='lat' dir='ltr'>Sanffi</span> <span class='ocrx_word' id='word_1_67' title='bbox 910 718 1052 763; x_wconf 83' lang='lat' dir='ltr'>Benigni</span> <span class='ocrx_word' id='word_1_68' title='bbox 1066 717 1124 751; x_wconf 86' lang='lat' dir='ltr'>Di-</span> 
     </span>
     <span class='ocr_line' id='line_1_13' title="bbox 248 767 1124 815; baseline -0.009 -7"><span class='ocrx_word' id='word_1_69' title='bbox 248 772 409 808; x_wconf 81' lang='lat' dir='ltr'>vionenfis</span> <span class='ocrx_word' id='word_1_70' title='bbox 427 769 614 812; x_wconf 85' lang='lat' dir='ltr'>Abbatem‚</span> <span class='ocrx_word' id='word_1_71' title='bbox 641 770 730 815; x_wconf 90' lang='lat' dir='ltr'>quod</span> <span class='ocrx_word' id='word_1_72' title='bbox 742 770 862 814; x_wconf 87' lang='lat' dir='ltr'>Joanni</span> <span class='ocrx_word' id='word_1_73' title='bbox 875 769 1030 813; x_wconf 83' lang='lat' dir='ltr'>vigefimo</span> <span class='ocrx_word' id='word_1_74' title='bbox 1038 767 1124 801; x_wconf 88' lang='lat' dir='ltr'>Pon-</span> 
     </span>
     <span class='ocr_line' id='line_1_14' title="bbox 248 817 1124 866; baseline -0.01 -7"><span class='ocrx_word' id='word_1_75' title='bbox 248 823 347 862; x_wconf 81' lang='lat' dir='ltr'>tifici,</span> <span class='ocrx_word' id='word_1_76' title='bbox 376 819 533 866; x_wconf 84' lang='lat' dir='ltr'>Augustis</span> <span class='ocrx_word' id='word_1_77' title='bbox 560 817 749 859; x_wconf 83' lang='lat' dir='ltr'>Graecorum</span> <span class='ocrx_word' id='word_1_78' title='bbox 763 817 1124 854; x_wconf 82' lang='lat' dir='ltr'>muneribusattenden-</span> 
     </span>
     <span class='ocr_line' id='line_1_15' title="bbox 249 866 1123 914; baseline -0.006 -9"><span class='ocrx_word' id='word_1_79' title='bbox 249 874 296 911; x_wconf 78' lang='lat' dir='ltr'>ti,</span> <span class='ocrx_word' id='word_1_80' title='bbox 323 871 458 905; x_wconf 80' lang='lat' dir='ltr'>meliora</span> <span class='ocrx_word' id='word_1_81' title='bbox 487 872 615 914; x_wconf 83' lang='lat' dir='ltr'>sapere,</span> <span class='ocrx_word' id='word_1_82' title='bbox 639 871 672 905; x_wconf 91' lang='lat'>&amp;</span> <span class='ocrx_word' id='word_1_83' title='bbox 694 869 895 913; x_wconf 82' lang='lat' dir='ltr'>postulatum</span> <span class='ocrx_word' id='word_1_84' title='bbox 916 869 1051 902; x_wconf 90' lang='lat' dir='ltr'>titulum</span> <span class='ocrx_word' id='word_1_85' title='bbox 1073 866 1123 901; x_wconf 68' lang='lat' dir='ltr'>de÷</span> 
     </span>
     <span class='ocr_line' id='line_1_16' title="bbox 247 917 1124 966; baseline -0.007 -10"><span class='ocrx_word' id='word_1_86' title='bbox 247 932 368 966; x_wconf 81' lang='lat' dir='ltr'>negare</span> <span class='ocrx_word' id='word_1_87' title='bbox 393 921 575 964; x_wconf 83' lang='lat' dir='ltr'>persuaserit</span> <span class='ocrx_word' id='word_1_88' title='bbox 599 944 610 961; x_wconf 92' lang='lat'>,</span> <span class='ocrx_word' id='word_1_89' title='bbox 636 918 746 954; x_wconf 86' lang='lat' dir='ltr'>laudat</span> <span class='ocrx_word' id='word_1_90' title='bbox 775 929 971 957; x_wconf 87' lang='lat' dir='ltr'>memoratus</span> <span class='ocrx_word' id='word_1_91' title='bbox 1004 917 1124 952; x_wconf 85' lang='lat' dir='ltr'>Glaber</span> 
     </span>
     <span class='ocr_line' id='line_1_17' title="bbox 247 969 1125 1015; baseline -0.001 -9"><span class='ocrx_word' id='word_1_92' title='bbox 247 970 446 1015; x_wconf 80' lang='lat' dir='ltr'>Rudolphus</span> <span class='ocrx_word' id='word_1_93' title='bbox 461 996 468 1002; x_wconf 91' lang='lat'><strong>.</strong></span> <span class='ocrx_word' id='word_1_94' title='bbox 494 970 554 1006; x_wconf 84' lang='lat' dir='ltr'>Sed</span> <span class='ocrx_word' id='word_1_95' title='bbox 570 971 678 1005; x_wconf 88' lang='lat' dir='ltr'>nescio</span> <span class='ocrx_word' id='word_1_96' title='bbox 688 982 729 1005; x_wconf 86' lang='lat' dir='ltr'>an</span> <span class='ocrx_word' id='word_1_97' title='bbox 742 969 824 1004; x_wconf 65' lang='lat' dir='ltr'>reste</span> <span class='ocrx_word' id='word_1_98' title='bbox 835 997 842 1003; x_wconf 92' lang='lat'>.</span> <span class='ocrx_word' id='word_1_99' title='bbox 864 969 1022 1003; x_wconf 89' lang='lat' dir='ltr'>Titulum</span> <span class='ocrx_word' id='word_1_100' title='bbox 1036 979 1125 1005; x_wconf 82' lang='lat' dir='ltr'>nam-</span> 
     </span>
     <span class='ocr_line' id='line_1_18' title="bbox 248 1018 1124 1065; baseline -0.006 -10"><span class='ocrx_word' id='word_1_101' title='bbox 248 1033 314 1065; x_wconf 83' lang='lat' dir='ltr'>que</span> <span class='ocrx_word' id='word_1_102' title='bbox 326 1022 358 1055; x_wconf 92' lang='lat' dir='ltr'>in</span> <span class='ocrx_word' id='word_1_103' title='bbox 371 1020 534 1065; x_wconf 75' lang='lat' dir='ltr'>postulato</span> <span class='ocrx_word' id='word_1_104' title='bbox 547 1033 602 1065; x_wconf 89' lang='lat' dir='ltr'>per</span> <span class='ocrx_word' id='word_1_105' title='bbox 629 1019 814 1054; x_wconf 83' lang='lat' dir='ltr'>Eustatium</span> <span class='ocrx_word' id='word_1_106' title='bbox 826 1018 1047 1053; x_wconf 78' lang='lat' dir='ltr'>patriarcham</span> <span class='ocrx_word' id='word_1_107' title='bbox 1059 1019 1124 1058; x_wconf 86' lang='lat' dir='ltr'>sen-</span> 
     </span>
     <span class='ocr_line' id='line_1_19' title="bbox 249 1067 1128 1108; baseline -0.005 -2"><span class='ocrx_word' id='word_1_108' title='bbox 249 1073 285 1106; x_wconf 85' lang='lat' dir='ltr'>su</span> <span class='ocrx_word' id='word_1_109' title='bbox 298 1074 360 1106; x_wconf 80' lang='lat' dir='ltr'>effe</span> <span class='ocrx_word' id='word_1_110' title='bbox 382 1070 587 1108; x_wconf 84' lang='lat' dir='ltr'>tolerabilem</span> <span class='ocrx_word' id='word_1_111' title='bbox 609 1071 746 1104; x_wconf 82' lang='lat' dir='ltr'>affirmat</span> <span class='ocrx_word' id='word_1_112' title='bbox 769 1081 806 1104; x_wconf 88' lang='lat' dir='ltr'>ac</span> <span class='ocrx_word' id='word_1_113' title='bbox 825 1069 1048 1108; x_wconf 82' lang='lat' dir='ltr'>demonstrat,</span> <span class='ocrx_word' id='word_1_114' title='bbox 1074 1067 1128 1102; x_wconf 85' lang='lat' dir='ltr'>ad·</span> 
     </span>
     <span class='ocr_line' id='line_1_20' title="bbox 250 1118 1124 1166; baseline -0.005 -11"><span class='ocrx_word' id='word_1_115' title='bbox 250 1122 405 1166; x_wconf 84' lang='lat' dir='ltr'>mittique</span> <span class='ocrx_word' id='word_1_116' title='bbox 426 1122 585 1164; x_wconf 84' lang='lat' dir='ltr'>supplicat</span> <span class='ocrx_word' id='word_1_117' title='bbox 597 1119 783 1154; x_wconf 85' lang='lat' dir='ltr'>Anastasius</span> <span class='ocrx_word' id='word_1_118' title='bbox 797 1118 1071 1154; x_wconf 83' lang='lat' dir='ltr'>Bibliothecarius</span> <span class='ocrx_word' id='word_1_119' title='bbox 1091 1119 1124 1152; x_wconf 88' lang='lat' dir='ltr'>in</span> 
     </span>
     <span class='ocr_line' id='line_1_21' title="bbox 251 1169 1127 1214; baseline -0.002 -10"><span class='ocrx_word' id='word_1_120' title='bbox 251 1173 394 1214; x_wconf 81' lang='lat' dir='ltr'>septimae</span> <span class='ocrx_word' id='word_1_121' title='bbox 415 1170 543 1214; x_wconf 87' lang='lat' dir='ltr'>Synodi</span> <span class='ocrx_word' id='word_1_122' title='bbox 565 1171 604 1204; x_wconf 89' lang='lat' dir='ltr'>ad</span> <span class='ocrx_word' id='word_1_123' title='bbox 618 1171 777 1214; x_wconf 79' lang='lat' dir='ltr'>Joannem</span> <span class='ocrx_word' id='word_1_124' title='bbox 788 1171 950 1204; x_wconf 73' lang='lat' dir='ltr'>Ostavum</span> <span class='ocrx_word' id='word_1_125' title='bbox 972 1169 1127 1213; x_wconf 83' lang='lat' dir='ltr'>praefatio-</span> 
     </span>
     <span class='ocr_line' id='line_1_22' title="bbox 250 1219 1125 1266; baseline -0.005 -11"><span class='ocrx_word' id='word_1_126' title='bbox 250 1234 315 1261; x_wconf 84' lang='lat' dir='ltr'>ne,</span> <span class='ocrx_word' id='word_1_127' title='bbox 341 1232 438 1266; x_wconf 89' lang='lat' dir='ltr'>atque</span> <span class='ocrx_word' id='word_1_128' title='bbox 461 1221 502 1255; x_wconf 90' lang='lat' dir='ltr'>ad</span> <span class='ocrx_word' id='word_1_129' title='bbox 522 1220 781 1255; x_wconf 83' lang='lat' dir='ltr'>continuandam</span> <span class='ocrx_word' id='word_1_130' title='bbox 808 1219 1023 1253; x_wconf 84' lang='lat' dir='ltr'>Ecclefiarum</span> <span class='ocrx_word' id='word_1_131' title='bbox 1049 1230 1125 1251; x_wconf 81' lang='lat' dir='ltr'>con·</span> 
     </span>
    </p>
   </div>
   <div class='ocr_carea' id='block_1_4' title="bbox 249 1419 1137 3510">
    <p class='ocr_par' dir='ltr' id='par_1_4' title="bbox 249 1419 1137 3510">
     <span class='ocr_line' id='line_1_23' title="bbox 250 1419 1129 1464; baseline -0.005 -9"><span class='ocrx_word' id='word_1_132' title='bbox 250 1421 372 1464; x_wconf 87' lang='lat' dir='ltr'>sumpti</span> <span class='ocrx_word' id='word_1_133' title='bbox 397 1420 591 1454; x_wconf 86' lang='lat' dir='ltr'>schismatis.</span> <span class='ocrx_word' id='word_1_134' title='bbox 619 1420 693 1454; x_wconf 85' lang='lat' dir='ltr'>Neo</span> <span class='ocrx_word' id='word_1_135' title='bbox 713 1419 831 1454; x_wconf 85' lang='lat' dir='ltr'>desunt</span> <span class='ocrx_word' id='word_1_136' title='bbox 855 1420 910 1462; x_wconf 86' lang='lat' dir='ltr'>qui</span> <span class='ocrx_word' id='word_1_137' title='bbox 935 1420 1129 1460; x_wconf 84' lang='lat' dir='ltr'>resumptum</span> 
     </span>
     <span class='ocr_line' id='line_1_24' title="bbox 251 1467 1129 1514; baseline -0.002 -10"><span class='ocrx_word' id='word_1_138' title='bbox 251 1480 366 1514; x_wconf 82' lang='lat' dir='ltr'>putent</span> <span class='ocrx_word' id='word_1_139' title='bbox 389 1470 430 1504; x_wconf 93' lang='lat' dir='ltr'>ab</span> <span class='ocrx_word' id='word_1_140' title='bbox 453 1471 516 1504; x_wconf 87' lang='lat' dir='ltr'>isto</span> <span class='ocrx_word' id='word_1_141' title='bbox 541 1470 612 1512; x_wconf 91' lang='lat' dir='ltr'>ipso</span> <span class='ocrx_word' id='word_1_142' title='bbox 633 1467 819 1503; x_wconf 87' lang='lat' dir='ltr'>Patriarcha</span> <span class='ocrx_word' id='word_1_143' title='bbox 842 1468 1011 1502; x_wconf 81' lang='lat' dir='ltr'>Eustatio.</span> <span class='ocrx_word' id='word_1_144' title='bbox 1037 1467 1129 1502; x_wconf 83' lang='lat' dir='ltr'>Licet</span> 
     </span>
     <span class='ocr_line' id='line_1_25' title="bbox 251 1517 1126 1555; baseline -0.005 -1"><span class='ocrx_word' id='word_1_145' title='bbox 251 1520 343 1555; x_wconf 88' lang='lat' dir='ltr'>enim</span> <span class='ocrx_word' id='word_1_146' title='bbox 357 1519 541 1553; x_wconf 88' lang='lat' dir='ltr'>Cardinalis</span> <span class='ocrx_word' id='word_1_147' title='bbox 553 1519 713 1553; x_wconf 77' lang='lat' dir='ltr'>Batonius</span> <span class='ocrx_word' id='word_1_148' title='bbox 722 1530 798 1552; x_wconf 90' lang='lat' dir='ltr'>eum</span> <span class='ocrx_word' id='word_1_149' title='bbox 812 1517 853 1552; x_wconf 91' lang='lat' dir='ltr'>ad</span> <span class='ocrx_word' id='word_1_150' title='bbox 863 1529 987 1551; x_wconf 90' lang='lat' dir='ltr'>annum</span> <span class='ocrx_word' id='word_1_151' title='bbox 999 1517 1126 1551; x_wconf 87' lang='lat' dir='ltr'>dumta-</span> 
     </span>
     <span class='ocr_line' id='line_1_26' title="bbox 249 1565 1132 1612; baseline -0.005 -8"><span class='ocrx_word' id='word_1_152' title='bbox 249 1581 310 1604; x_wconf 74' lang='lat' dir='ltr'>xat</span> <span class='ocrx_word' id='word_1_153' title='bbox 320 1569 528 1603; x_wconf 77' lang='lat' dir='ltr'>millesimum</span> <span class='ocrx_word' id='word_1_154' title='bbox 540 1568 730 1612; x_wconf 72' lang='lat' dir='ltr'>vigesimum</span> <span class='ocrx_word' id='word_1_155' title='bbox 754 1568 908 1612; x_wconf 88' lang='lat' dir='ltr'>quintum</span> <span class='ocrx_word' id='word_1_156' title='bbox 923 1591 934 1607; x_wconf 89' lang='lat'>,</span> <span class='ocrx_word' id='word_1_157' title='bbox 957 1566 991 1599; x_wconf 89' lang='lat'>&amp;</span> <span class='ocrx_word' id='word_1_158' title='bbox 1002 1565 1042 1599; x_wconf 90' lang='lat' dir='ltr'>ad</span> <span class='ocrx_word' id='word_1_159' title='bbox 1054 1567 1132 1601; x_wconf 84' lang='lat' dir='ltr'>San-</span> 
     </span>
     <span class='ocr_line' id='line_1_27' title="bbox 250 1616 1131 1662; baseline -0.003 -9"><span class='ocrx_word' id='word_1_160' title='bbox 250 1620 291 1653; x_wconf 76' lang='grc' dir='ltr'><strong>ἂὶ</strong></span> <span class='ocrx_word' id='word_1_161' title='bbox 316 1616 500 1662; x_wconf 85' lang='lat' dir='ltr'>Nicephori</span> <span class='ocrx_word' id='word_1_162' title='bbox 544 1617 734 1652; x_wconf 83' lang='lat' dir='ltr'>Patriarchae</span> <span class='ocrx_word' id='word_1_163' title='bbox 767 1616 1131 1659; x_wconf 84' lang='lat' dir='ltr'>Constantinopolitani</span> 
     </span>
     <span class='ocr_line' id='line_1_28' title="bbox 250 1666 1129 1712; baseline -0.002 -9"><span class='ocrx_word' id='word_1_164' title='bbox 250 1667 447 1704; x_wconf 88' lang='lat' dir='ltr'>Chronicon</span> <span class='ocrx_word' id='word_1_165' title='bbox 461 1667 624 1712; x_wconf 80' lang='lat' dir='ltr'>appendix</span> <span class='ocrx_word' id='word_1_166' title='bbox 645 1668 686 1702; x_wconf 90' lang='lat' dir='ltr'>ad</span> <span class='ocrx_word' id='word_1_167' title='bbox 699 1679 824 1702; x_wconf 88' lang='lat' dir='ltr'>annum</span> <span class='ocrx_word' id='word_1_168' title='bbox 845 1666 1015 1701; x_wconf 86' lang='lat' dir='ltr'>dumtaxat</span> <span class='ocrx_word' id='word_1_169' title='bbox 1026 1667 1129 1701; x_wconf 89' lang='lat' dir='ltr'>mille-</span> 
     </span>
     <span class='ocr_line' id='line_1_29' title="bbox 249 1716 1133 1764; baseline -0.002 -12"><span class='ocrx_word' id='word_1_170' title='bbox 249 1719 366 1753; x_wconf 82' lang='lat' dir='ltr'>fimum</span> <span class='ocrx_word' id='word_1_171' title='bbox 377 1719 566 1764; x_wconf 78' lang='lat' dir='ltr'>vigesimum</span> <span class='ocrx_word' id='word_1_172' title='bbox 580 1718 755 1763; x_wconf 85' lang='lat' dir='ltr'>septimum</span> <span class='ocrx_word' id='word_1_173' title='bbox 769 1717 881 1752; x_wconf 84' lang='lat' dir='ltr'>dicant</span> <span class='ocrx_word' id='word_1_174' title='bbox 893 1716 1007 1750; x_wconf 79' lang='lat' dir='ltr'>vixiffe</span> <span class='ocrx_word' id='word_1_175' title='bbox 1017 1739 1028 1756; x_wconf 89' lang='lat'>‚</span> <span class='ocrx_word' id='word_1_176' title='bbox 1038 1719 1133 1751; x_wconf 90' lang='lat' dir='ltr'>Onu·</span> 
     </span>
     <span class='ocr_line' id='line_1_30' title="bbox 249 1765 1134 1815; baseline -0.002 -13"><span class='ocrx_word' id='word_1_177' title='bbox 249 1769 365 1815; x_wconf 77' lang='lat' dir='ltr'>phrius</span> <span class='ocrx_word' id='word_1_178' title='bbox 387 1780 495 1804; x_wconf 89' lang='lat' dir='ltr'>tamen</span> <span class='ocrx_word' id='word_1_179' title='bbox 519 1768 688 1802; x_wconf 81' lang='lat' dir='ltr'>Panuinus</span> <span class='ocrx_word' id='word_1_180' title='bbox 702 1768 804 1804; x_wconf 86' lang='lat' dir='ltr'>vitam</span> <span class='ocrx_word' id='word_1_181' title='bbox 815 1767 883 1810; x_wconf 81' lang='lat' dir='ltr'>ejus</span> <span class='ocrx_word' id='word_1_182' title='bbox 905 1765 1063 1800; x_wconf 86' lang='lat' dir='ltr'>&amp;Sedem</span> <span class='ocrx_word' id='word_1_183' title='bbox 1087 1767 1134 1800; x_wconf 92' lang='lat' dir='ltr'>us-</span> 
     </span>
     <span class='ocr_line' id='line_1_31' title="bbox 250 1816 1132 1862; baseline -0.005 -9"><span class='ocrx_word' id='word_1_184' title='bbox 250 1829 316 1860; x_wconf 88' lang='lat' dir='ltr'>que</span> <span class='ocrx_word' id='word_1_185' title='bbox 335 1817 376 1853; x_wconf 88' lang='lat' dir='ltr'>ad</span> <span class='ocrx_word' id='word_1_186' title='bbox 388 1829 514 1853; x_wconf 87' lang='lat' dir='ltr'>annum</span> <span class='ocrx_word' id='word_1_187' title='bbox 539 1817 629 1852; x_wconf 83' lang='lat' dir='ltr'>istius</span> <span class='ocrx_word' id='word_1_188' title='bbox 650 1816 756 1853; x_wconf 86' lang='lat' dir='ltr'>saeculi</span> <span class='ocrx_word' id='word_1_189' title='bbox 779 1817 979 1862; x_wconf 79' lang='lat' dir='ltr'>trigefimum</span> <span class='ocrx_word' id='word_1_190' title='bbox 1003 1818 1132 1850; x_wconf 85' lang='lat' dir='ltr'>tertium</span> 
     </span>
     <span class='ocr_line' id='line_1_32' title="bbox 249 1866 1131 1911; baseline -0.003 -8"><span class='ocrx_word' id='word_1_191' title='bbox 249 1868 416 1903; x_wconf 85' lang='lat' dir='ltr'>extendit.</span> <span class='ocrx_word' id='word_1_192' title='bbox 443 1869 487 1903; x_wconf 88' lang='lat' dir='ltr'>Et</span> <span class='ocrx_word' id='word_1_193' title='bbox 498 1869 543 1902; x_wconf 86' lang='lat' dir='ltr'>ita</span> <span class='ocrx_word' id='word_1_194' title='bbox 555 1867 703 1903; x_wconf 85' lang='lat' dir='ltr'>Siffridus</span> <span class='ocrx_word' id='word_1_195' title='bbox 717 1866 888 1911; x_wconf 82' lang='lat' dir='ltr'>Presbyter</span> <span class='ocrx_word' id='word_1_196' title='bbox 912 1867 947 1902; x_wconf 76' lang='grc' dir='ltr'>δε</span> <span class='ocrx_word' id='word_1_197' title='bbox 962 1866 1131 1901; x_wconf 84' lang='lat' dir='ltr'>Historica</span> 
     </span>
     <span class='ocr_line' id='line_1_33' title="bbox 250 1917 1134 1963; baseline -0.001 -12"><span class='ocrx_word' id='word_1_198' title='bbox 250 1918 414 1963; x_wconf 84' lang='lat' dir='ltr'>incogniti</span> <span class='ocrx_word' id='word_1_199' title='bbox 426 1918 565 1952; x_wconf 66' lang='lat' dir='ltr'>auctoris</span> <span class='ocrx_word' id='word_1_200' title='bbox 573 1917 766 1962; x_wconf 90' lang='lat' dir='ltr'>compilatio</span> <span class='ocrx_word' id='word_1_201' title='bbox 788 1917 871 1951; x_wconf 63' lang='lat' dir='ltr'>redte</span> <span class='ocrx_word' id='word_1_202' title='bbox 882 1917 993 1951; x_wconf 87' lang='lat' dir='ltr'>dicent</span> <span class='ocrx_word' id='word_1_203' title='bbox 1005 1917 1134 1950; x_wconf 78' lang='lat' dir='ltr'>Graecos</span> 
     </span>
     <span class='ocr_line' id='line_1_34' title="bbox 249 1966 1134 2014; baseline -0.005 -12"><span class='ocrx_word' id='word_1_204' title='bbox 249 1979 341 2002; x_wconf 84' lang='lat' dir='ltr'>anno</span> <span class='ocrx_word' id='word_1_205' title='bbox 365 1968 524 2014; x_wconf 73' lang='lat' dir='ltr'>vigesimo</span> <span class='ocrx_word' id='word_1_206' title='bbox 545 1969 661 2002; x_wconf 71' lang='lat' dir='ltr'>ostavo</span> <span class='ocrx_word' id='word_1_207' title='bbox 682 1967 715 2000; x_wconf 91' lang='lat' dir='ltr'>in</span> <span class='ocrx_word' id='word_1_208' title='bbox 737 1967 926 2001; x_wconf 87' lang='lat' dir='ltr'>Romanam</span> <span class='ocrx_word' id='word_1_209' title='bbox 945 1966 1055 2001; x_wconf 84' lang='lat' dir='ltr'>denuo</span> <span class='ocrx_word' id='word_1_210' title='bbox 1075 1968 1134 2000; x_wconf 88' lang='lat' dir='ltr'>Ec-.</span> 
     </span>
     <span class='ocr_line' id='line_1_35' title="bbox 249 2015 1133 2053; baseline -0.003 0"><span class='ocrx_word' id='word_1_211' title='bbox 249 2018 377 2053; x_wconf 87' lang='lat' dir='ltr'>clefiam</span> <span class='ocrx_word' id='word_1_212' title='bbox 397 2017 560 2053; x_wconf 77' lang='lat' dir='ltr'>rebellasse</span> <span class='ocrx_word' id='word_1_213' title='bbox 582 2043 590 2050; x_wconf 90' lang='lat'><strong>.</strong></span> <span class='ocrx_word' id='word_1_214' title='bbox 618 2018 662 2052; x_wconf 90' lang='lat' dir='ltr'>Et</span> <span class='ocrx_word' id='word_1_215' title='bbox 683 2015 764 2051; x_wconf 90' lang='lat' dir='ltr'>hinc</span> <span class='ocrx_word' id='word_1_216' title='bbox 789 2017 823 2050; x_wconf 91' lang='lat' dir='ltr'>in</span> <span class='ocrx_word' id='word_1_217' title='bbox 854 2015 944 2050; x_wconf 88' lang='lat' dir='ltr'>libris</span> <span class='ocrx_word' id='word_1_218' title='bbox 967 2017 1133 2051; x_wconf 88' lang='lat' dir='ltr'>adversum</span> 
     </span>
     <span class='ocr_line' id='line_1_36' title="bbox 249 2066 1134 2108; baseline -0.003 -6"><span class='ocrx_word' id='word_1_219' title='bbox 249 2069 381 2103; x_wconf 84' lang='lat' dir='ltr'>Graecos</span> <span class='ocrx_word' id='word_1_220' title='bbox 405 2068 601 2103; x_wconf 88' lang='lat' dir='ltr'>Emmanuel</span> <span class='ocrx_word' id='word_1_221' title='bbox 627 2067 791 2108; x_wconf 85' lang='lat' dir='ltr'>Calaecas,</span> <span class='ocrx_word' id='word_1_222' title='bbox 817 2066 858 2102; x_wconf 83' lang='lat' dir='ltr'>de</span> <span class='ocrx_word' id='word_1_223' title='bbox 882 2067 996 2103; x_wconf 87' lang='lat' dir='ltr'>veteris</span> <span class='ocrx_word' id='word_1_224' title='bbox 1017 2067 1134 2103; x_wconf 82' lang='lat' dir='ltr'>Romae</span> 
     </span>
     <span class='ocr_line' id='line_1_37' title="bbox 250 2117 1133 2163; baseline -0.003 -10"><span class='ocrx_word' id='word_1_225' title='bbox 250 2118 453 2163; x_wconf 79' lang='lat' dir='ltr'>separatione</span> <span class='ocrx_word' id='word_1_226' title='bbox 473 2118 514 2152; x_wconf 91' lang='lat' dir='ltr'>ab</span> <span class='ocrx_word' id='word_1_227' title='bbox 534 2117 676 2152; x_wconf 77' lang='lat' dir='ltr'>Ecclesia</span> <span class='ocrx_word' id='word_1_228' title='bbox 714 2117 826 2152; x_wconf 73' lang='lat' dir='ltr'>Graeca</span> <span class='ocrx_word' id='word_1_229' title='bbox 849 2118 961 2152; x_wconf 59' lang='lat' dir='ltr'>audior</span> <span class='ocrx_word' id='word_1_230' title='bbox 983 2117 1133 2162; x_wconf 82' lang='lat' dir='ltr'>incogni-</span> 
     </span>
     <span class='ocr_line' id='line_1_38' title="bbox 251 2167 1134 2211; baseline -0.002 -9"><span class='ocrx_word' id='word_1_231' title='bbox 251 2179 304 2203; x_wconf 83' lang='lat' dir='ltr'>tus</span> <span class='ocrx_word' id='word_1_232' title='bbox 320 2193 331 2209; x_wconf 89' lang='lat'>‚</span> <span class='ocrx_word' id='word_1_233' title='bbox 355 2170 387 2203; x_wconf 91' lang='lat'>&amp;</span> <span class='ocrx_word' id='word_1_234' title='bbox 402 2169 523 2203; x_wconf 87' lang='lat' dir='ltr'>Leonis</span> <span class='ocrx_word' id='word_1_235' title='bbox 546 2168 663 2202; x_wconf 85' lang='lat' dir='ltr'>Allatii</span> <span class='ocrx_word' id='word_1_236' title='bbox 680 2169 791 2202; x_wconf 58' lang='lat' dir='ltr'>audior</span> <span class='ocrx_word' id='word_1_237' title='bbox 812 2178 911 2202; x_wconf 89' lang='lat' dir='ltr'>manu</span> <span class='ocrx_word' id='word_1_238' title='bbox 939 2167 1073 2211; x_wconf 85' lang='lat' dir='ltr'>scriptus</span> <span class='ocrx_word' id='word_1_239' title='bbox 1094 2167 1134 2201; x_wconf 87' lang='lat' dir='ltr'>de</span> 
     </span>
     <span class='ocr_line' id='line_1_39' title="bbox 251 2216 1134 2262; baseline -0.003 -10"><span class='ocrx_word' id='word_1_240' title='bbox 251 2218 488 2262; x_wconf 86' lang='lat' dir='ltr'>Episcoporum</span> <span class='ocrx_word' id='word_1_241' title='bbox 510 2217 776 2252; x_wconf 85' lang='lat' dir='ltr'>translationibus</span> <span class='ocrx_word' id='word_1_242' title='bbox 799 2242 810 2257; x_wconf 92' lang='lat'>‚</span> <span class='ocrx_word' id='word_1_243' title='bbox 838 2217 1005 2251; x_wconf 74' lang='lat' dir='ltr'>afferentes</span> <span class='ocrx_word' id='word_1_244' title='bbox 1032 2216 1134 2251; x_wconf 89' lang='lat' dir='ltr'>rebel-</span> 
     </span>
     <span class='ocr_line' id='line_1_40' title="bbox 250 2266 1134 2310; baseline -0.002 -8"><span class='ocrx_word' id='word_1_245' title='bbox 250 2268 379 2302; x_wconf 80' lang='lat' dir='ltr'>lionem</span> <span class='ocrx_word' id='word_1_246' title='bbox 400 2268 491 2303; x_wconf 85' lang='lat' dir='ltr'>istam</span> <span class='ocrx_word' id='word_1_247' title='bbox 512 2267 708 2302; x_wconf 73' lang='lat' dir='ltr'>aMichaele</span> <span class='ocrx_word' id='word_1_248' title='bbox 733 2267 902 2303; x_wconf 83' lang='lat' dir='ltr'>Cerulario</span> <span class='ocrx_word' id='word_1_249' title='bbox 924 2266 1016 2300; x_wconf 79' lang='lat' dir='ltr'>fuisse</span> <span class='ocrx_word' id='word_1_250' title='bbox 1029 2266 1134 2310; x_wconf 86' lang='lat' dir='ltr'>primi-</span> 
     </span>
     <span class='ocr_line' id='line_1_41' title="bbox 252 2315 1135 2361; baseline -0.002 -9"><span class='ocrx_word' id='word_1_251' title='bbox 252 2317 305 2353; x_wconf 77' lang='grc' dir='ltr'>εὺς</span> <span class='ocrx_word' id='word_1_252' title='bbox 333 2319 551 2360; x_wconf 87' lang='lat' dir='ltr'>resumptam,</span> <span class='ocrx_word' id='word_1_253' title='bbox 577 2317 771 2361; x_wconf 90' lang='lat' dir='ltr'>quibusdam</span> <span class='ocrx_word' id='word_1_254' title='bbox 794 2316 948 2350; x_wconf 85' lang='lat' dir='ltr'>videntur</span> <span class='ocrx_word' id='word_1_255' title='bbox 965 2315 1052 2350; x_wconf 85' lang='lat' dir='ltr'>labi.</span> <span class='ocrx_word' id='word_1_256' title='bbox 1080 2316 1135 2350; x_wconf 88' lang='lat' dir='ltr'>Et-</span> 
     </span>
     <span class='ocr_line' id='line_1_42' title="bbox 252 2365 1134 2410; baseline -0.001 -8"><span class='ocrx_word' id='word_1_257' title='bbox 252 2368 344 2403; x_wconf 89' lang='lat' dir='ltr'>enim</span> <span class='ocrx_word' id='word_1_258' title='bbox 363 2365 563 2401; x_wconf 90' lang='lat' dir='ltr'>Michaelem</span> <span class='ocrx_word' id='word_1_259' title='bbox 577 2391 587 2407; x_wconf 93' lang='lat'>,</span> <span class='ocrx_word' id='word_1_260' title='bbox 615 2368 671 2410; x_wconf 92' lang='lat' dir='ltr'>qui</span> <span class='ocrx_word' id='word_1_261' title='bbox 696 2367 766 2410; x_wconf 89' lang='lat' dir='ltr'>post</span> <span class='ocrx_word' id='word_1_262' title='bbox 791 2366 950 2401; x_wconf 87' lang='lat' dir='ltr'>Alexium</span> <span class='ocrx_word' id='word_1_263' title='bbox 971 2366 1134 2401; x_wconf 83' lang='lat' dir='ltr'>studitam</span> 
     </span>
     <span class='ocr_line' id='line_1_43' title="bbox 253 2415 1134 2458; baseline -0.003 -6"><span class='ocrx_word' id='word_1_264' title='bbox 253 2416 398 2452; x_wconf 74' lang='lat' dir='ltr'>successit</span> <span class='ocrx_word' id='word_1_265' title='bbox 425 2416 599 2458; x_wconf 86' lang='lat' dir='ltr'>Eustatio,</span> <span class='ocrx_word' id='word_1_266' title='bbox 624 2415 785 2451; x_wconf 88' lang='lat' dir='ltr'>Onufrius</span> <span class='ocrx_word' id='word_1_267' title='bbox 807 2415 976 2450; x_wconf 83' lang='lat' dir='ltr'>Panuinus</span> <span class='ocrx_word' id='word_1_268' title='bbox 995 2415 1134 2452; x_wconf 72' lang='lat' dir='ltr'>distisae-</span> 
     </span>
     <span class='ocr_line' id='line_1_44' title="bbox 254 2466 1131 2511; baseline -0.001 -10"><span class='ocrx_word' id='word_1_269' title='bbox 254 2468 321 2502; x_wconf 89' lang='lat' dir='ltr'>culi</span> <span class='ocrx_word' id='word_1_270' title='bbox 351 2467 622 2511; x_wconf 87' lang='lat' dir='ltr'>quinquagefimo</span> <span class='ocrx_word' id='word_1_271' title='bbox 655 2467 762 2510; x_wconf 89' lang='lat' dir='ltr'>primo</span> <span class='ocrx_word' id='word_1_272' title='bbox 789 2490 799 2506; x_wconf 89' lang='lat'>‚</span> <span class='ocrx_word' id='word_1_273' title='bbox 826 2466 995 2500; x_wconf 86' lang='lat' dir='ltr'>Dominus</span> <span class='ocrx_word' id='word_1_274' title='bbox 1023 2475 1131 2502; x_wconf 88' lang='lat' dir='ltr'>autem</span> 
     </span>
     <span class='ocr_line' id='line_1_45' title="bbox 254 2515 1129 2561; baseline -0.002 -10"><span class='ocrx_word' id='word_1_275' title='bbox 254 2515 441 2552; x_wconf 86' lang='lat' dir='ltr'>Cardinalis</span> <span class='ocrx_word' id='word_1_276' title='bbox 463 2515 624 2550; x_wconf 85' lang='lat' dir='ltr'>Batonius</span> <span class='ocrx_word' id='word_1_277' title='bbox 640 2526 827 2560; x_wconf 90' lang='lat' dir='ltr'>promotum</span> <span class='ocrx_word' id='word_1_278' title='bbox 849 2516 921 2550; x_wconf 88' lang='lat' dir='ltr'>vult</span> <span class='ocrx_word' id='word_1_279' title='bbox 944 2527 1033 2551; x_wconf 89' lang='lat' dir='ltr'>anno</span> <span class='ocrx_word' id='word_1_280' title='bbox 1056 2526 1129 2561; x_wconf 89' lang='lat' dir='ltr'>qua·</span> 
     </span>
     <span class='ocr_line' id='line_1_46' title="bbox 254 2564 1131 2614; baseline 0 -13"><span class='ocrx_word' id='word_1_281' title='bbox 254 2567 431 2613; x_wconf 80' lang='lat' dir='ltr'>dragefimo</span> <span class='ocrx_word' id='word_1_282' title='bbox 443 2567 540 2601; x_wconf 89' lang='lat' dir='ltr'>tertio</span> <span class='ocrx_word' id='word_1_283' title='bbox 553 2592 561 2600; x_wconf 89' lang='lat'>.</span> <span class='ocrx_word' id='word_1_284' title='bbox 584 2564 756 2614; x_wconf 82' lang='lat' dir='ltr'>Qidquid</span> <span class='ocrx_word' id='word_1_285' title='bbox 777 2567 831 2605; x_wconf 80' lang='lat' dir='ltr'>fit,</span> <span class='ocrx_word' id='word_1_286' title='bbox 859 2576 927 2600; x_wconf 89' lang='lat' dir='ltr'>non</span> <span class='ocrx_word' id='word_1_287' title='bbox 951 2567 1053 2609; x_wconf 86' lang='lat' dir='ltr'>potest</span> <span class='ocrx_word' id='word_1_288' title='bbox 1065 2567 1131 2610; x_wconf 91' lang='lat' dir='ltr'>ipse</span> 
     </span>
     <span class='ocr_line' id='line_1_47' title="bbox 255 2615 1133 2662; baseline -0.001 -11"><span class='ocrx_word' id='word_1_289' title='bbox 255 2628 345 2651; x_wconf 82' lang='lat' dir='ltr'>anno</span> <span class='ocrx_word' id='word_1_290' title='bbox 367 2618 526 2662; x_wconf 80' lang='lat' dir='ltr'>vigesimo</span> <span class='ocrx_word' id='word_1_291' title='bbox 550 2618 667 2651; x_wconf 68' lang='lat' dir='ltr'>ostavo</span> <span class='ocrx_word' id='word_1_292' title='bbox 690 2617 725 2650; x_wconf 88' lang='lat' dir='ltr'>in</span> <span class='ocrx_word' id='word_1_293' title='bbox 747 2617 934 2651; x_wconf 87' lang='lat' dir='ltr'>Romanam</span> <span class='ocrx_word' id='word_1_294' title='bbox 957 2615 1133 2650; x_wconf 74' lang='lat' dir='ltr'>Ecclesiam</span> 
     </span>
     <span class='ocr_line' id='line_1_48' title="bbox 258 2666 1134 2710; baseline 0 -10"><span class='ocrx_word' id='word_1_295' title='bbox 258 2666 423 2700; x_wconf 67' lang='lat' dir='ltr'>rebellasse</span> <span class='ocrx_word' id='word_1_296' title='bbox 433 2692 440 2698; x_wconf 96' lang='lat'>.</span> <span class='ocrx_word' id='word_1_297' title='bbox 469 2667 513 2701; x_wconf 88' lang='lat' dir='ltr'>Et</span> <span class='ocrx_word' id='word_1_298' title='bbox 524 2666 694 2710; x_wconf 90' lang='lat' dir='ltr'>quomodo</span> <span class='ocrx_word' id='word_1_299' title='bbox 706 2666 745 2700; x_wconf 89' lang='lat' dir='ltr'>ad</span> <span class='ocrx_word' id='word_1_300' title='bbox 762 2667 864 2710; x_wconf 87' lang='lat' dir='ltr'>ipsum</span> <span class='ocrx_word' id='word_1_301' title='bbox 879 2676 975 2700; x_wconf 85' lang='lat' dir='ltr'>tantae</span> <span class='ocrx_word' id='word_1_302' title='bbox 986 2666 1134 2701; x_wconf 70' lang='lat' dir='ltr'>rebellio÷</span> 
     </span>
     <span class='ocr_line' id='line_1_49' title="bbox 258 2714 1134 2751; baseline 0.001 -1"><span class='ocrx_word' id='word_1_303' title='bbox 258 2717 313 2750; x_wconf 86' lang='lat' dir='ltr'>nis</span> <span class='ocrx_word' id='word_1_304' title='bbox 329 2717 491 2750; x_wconf 70' lang='lat' dir='ltr'>auctorem</span> <span class='ocrx_word' id='word_1_305' title='bbox 512 2715 661 2751; x_wconf 87' lang='lat' dir='ltr'>scriberet</span> <span class='ocrx_word' id='word_1_306' title='bbox 682 2716 795 2750; x_wconf 86' lang='lat' dir='ltr'>Petrus</span> <span class='ocrx_word' id='word_1_307' title='bbox 808 2714 995 2750; x_wconf 82' lang='lat' dir='ltr'>Patriarcha</span> <span class='ocrx_word' id='word_1_308' title='bbox 1014 2716 1134 2751; x_wconf 90' lang='lat' dir='ltr'>Antio-</span> 
     </span>
     <span class='ocr_line' id='line_1_50' title="bbox 259 2763 1135 2809; baseline -0.001 -9"><span class='ocrx_word' id='word_1_309' title='bbox 259 2763 383 2800; x_wconf 79' lang='lat' dir='ltr'>chenus</span> <span class='ocrx_word' id='word_1_310' title='bbox 405 2777 413 2797; x_wconf 73' lang='grc' dir='ltr'>ι</span> <span class='ocrx_word' id='word_1_311' title='bbox 449 2767 598 2807; x_wconf 69' lang='lat' dir='ltr'>,Quomodo</span> <span class='ocrx_word' id='word_1_312' title='bbox 626 2769 722 2809; x_wconf 81' lang='lat' dir='ltr'>Papae</span> <span class='ocrx_word' id='word_1_313' title='bbox 748 2772 979 2801; x_wconf 78' lang='lat' dir='ltr'>commemoratio</span> <span class='ocrx_word' id='word_1_314' title='bbox 1003 2768 1020 2800; x_wconf 77' lang='grc' dir='ltr'><strong><em>ἐ</em></strong></span> <span class='ocrx_word' id='word_1_315' title='bbox 1039 2768 1135 2800; x_wconf 72' lang='lat' dir='ltr'>medio</span> 
     </span>
     <span class='ocr_line' id='line_1_51' title="bbox 254 2812 1134 2863; baseline 0.005 -17"><span class='ocrx_word' id='word_1_316' title='bbox 254 2813 377 2858; x_wconf 75' lang='lat' dir='ltr'>sublata</span> <span class='ocrx_word' id='word_1_317' title='bbox 390 2812 430 2855; x_wconf 80' lang='lat' dir='ltr'>fit</span> <span class='ocrx_word' id='word_1_318' title='bbox 443 2837 453 2853; x_wconf 93' lang='lat'>‚</span> <span class='ocrx_word' id='word_1_319' title='bbox 479 2815 513 2847; x_wconf 69' lang='lat'>(5</span> <span class='ocrx_word' id='word_1_320' title='bbox 535 2826 665 2856; x_wconf 80' lang='lat' dir='ltr'>quanam</span> <span class='ocrx_word' id='word_1_321' title='bbox 686 2817 723 2851; x_wconf 86' lang='lat' dir='ltr'>de</span> <span class='ocrx_word' id='word_1_322' title='bbox 743 2815 854 2859; x_wconf 82' lang='lat' dir='ltr'>causa,</span> <span class='ocrx_word' id='word_1_323' title='bbox 880 2822 978 2860; x_wconf 72' lang='lat' dir='ltr'>{gnoro</span> <span class='ocrx_word' id='word_1_324' title='bbox 1001 2818 1014 2849; x_wconf 85' lang='lat'>?</span> <span class='ocrx_word' id='word_1_325' title='bbox 1040 2817 1134 2863; x_wconf 77' lang='lat' dir='ltr'>Quo·</span> 
     </span>
     <span class='ocr_line' id='line_1_52' title="bbox 260 2862 1130 2908; baseline 0.003 -10"><span class='ocrx_word' id='word_1_326' title='bbox 260 2863 366 2898; x_wconf 90' lang='lat' dir='ltr'>modo</span> <span class='ocrx_word' id='word_1_327' title='bbox 394 2862 584 2907; x_wconf 82' lang='lat' dir='ltr'>adjungeret</span> <span class='ocrx_word' id='word_1_328' title='bbox 613 2879 622 2898; x_wconf 84' lang='lat'>:-</span> <span class='ocrx_word' id='word_1_329' title='bbox 651 2869 695 2899; x_wconf 89' lang='lat' dir='ltr'>De</span> <span class='ocrx_word' id='word_1_330' title='bbox 723 2869 818 2908; x_wconf 80' lang='lat' dir='ltr'>Papae</span> <span class='ocrx_word' id='word_1_331' title='bbox 842 2872 1108 2900; x_wconf 79' lang='lat' dir='ltr'>commemoratione</span> <span class='ocrx_word' id='word_1_332' title='bbox 1121 2891 1130 2907; x_wconf 92' lang='lat'>,</span> 
     </span>
     <span class='ocr_line' id='line_1_53' title="bbox 261 2913 1132 2961; baseline 0.002 -14"><span class='ocrx_word' id='word_1_333' title='bbox 261 2914 383 2957; x_wconf 79' lang='lat' dir='ltr'>quando</span> <span class='ocrx_word' id='word_1_334' title='bbox 404 2913 538 2954; x_wconf 74' lang='lat' dir='ltr'>&amp;quare</span> <span class='ocrx_word' id='word_1_335' title='bbox 549 2913 682 2957; x_wconf 77' lang='lat' dir='ltr'>intercisa</span> <span class='ocrx_word' id='word_1_336' title='bbox 686 2914 803 2956; x_wconf 79' lang='lat' dir='ltr'>fuerit,</span> <span class='ocrx_word' id='word_1_337' title='bbox 827 2922 909 2958; x_wconf 77' lang='lat' dir='ltr'>cupio</span> <span class='ocrx_word' id='word_1_338' title='bbox 918 2923 947 2949; x_wconf 81' lang='lat' dir='ltr'>te</span> <span class='ocrx_word' id='word_1_339' title='bbox 960 2917 1132 2961; x_wconf 73' lang='lat' dir='ltr'>diligentius</span> 
     </span>
     <span class='ocr_line' id='line_1_54' title="bbox 262 2960 1131 3011; baseline 0.003 -14"><span class='ocrx_word' id='word_1_340' title='bbox 262 2965 425 3007; x_wconf 78' lang='lat' dir='ltr'>indagare.</span> <span class='ocrx_word' id='word_1_341' title='bbox 452 2960 634 3008; x_wconf 75' lang='lat' dir='ltr'>Qiomodo</span> <span class='ocrx_word' id='word_1_342' title='bbox 655 2964 795 3000; x_wconf 89' lang='lat' dir='ltr'>eundem</span> <span class='ocrx_word' id='word_1_343' title='bbox 805 2964 960 3005; x_wconf 86' lang='lat' dir='ltr'>Petrum,</span> <span class='ocrx_word' id='word_1_344' title='bbox 987 2966 1131 3011; x_wconf 86' lang='lat' dir='ltr'>itemque</span> 
     </span>
     <span class='ocr_line' id='line_1_55' title="bbox 266 3011 1135 3056; baseline 0.006 -10"><span class='ocrx_word' id='word_1_345' title='bbox 266 3011 475 3047; x_wconf 79' lang='lat' dir='ltr'>Alexandriae</span> <span class='ocrx_word' id='word_1_346' title='bbox 494 3013 526 3046; x_wconf 92' lang='lat'>&amp;</span> <span class='ocrx_word' id='word_1_347' title='bbox 546 3013 785 3056; x_wconf 65' lang='lat' dir='ltr'>Hierosolyma</span> <span class='ocrx_word' id='word_1_348' title='bbox 806 3014 1007 3050; x_wconf 84' lang='lat' dir='ltr'>Patriarchas</span> <span class='ocrx_word' id='word_1_349' title='bbox 1025 3015 1067 3050; x_wconf 84' lang='lat' dir='ltr'>de</span> <span class='ocrx_word' id='word_1_350' title='bbox 1088 3028 1135 3051; x_wconf 85' lang='lat' dir='ltr'>te-</span> 
     </span>
     <span class='ocr_line' id='line_1_56' title="bbox 265 3061 1133 3106; baseline 0.006 -11"><span class='ocrx_word' id='word_1_351' title='bbox 265 3064 392 3105; x_wconf 83' lang='lat' dir='ltr'>sumpta</span> <span class='ocrx_word' id='word_1_352' title='bbox 410 3061 506 3106; x_wconf 86' lang='lat' dir='ltr'>Papae</span> <span class='ocrx_word' id='word_1_353' title='bbox 525 3064 860 3103; x_wconf 88' lang='lat' dir='ltr'>commemoratione,</span> <span class='ocrx_word' id='word_1_354' title='bbox 885 3065 934 3099; x_wconf 91' lang='lat' dir='ltr'>uti</span> <span class='ocrx_word' id='word_1_355' title='bbox 955 3065 995 3099; x_wconf 90' lang='lat' dir='ltr'>de</span> <span class='ocrx_word' id='word_1_356' title='bbox 1012 3065 1133 3100; x_wconf 88' lang='lat' dir='ltr'>intrusa</span> 
     </span>
     <span class='ocr_line' id='line_1_57' title="bbox 266 3111 1133 3155; baseline 0.003 -10"><span class='ocrx_word' id='word_1_357' title='bbox 266 3112 302 3145; x_wconf 87' lang='lat' dir='ltr'>in</span> <span class='ocrx_word' id='word_1_358' title='bbox 317 3111 469 3147; x_wconf 81' lang='lat' dir='ltr'>Ecclefias</span> <span class='ocrx_word' id='word_1_359' title='bbox 479 3114 626 3146; x_wconf 89' lang='lat' dir='ltr'>novitate</span> <span class='ocrx_word' id='word_1_360' title='bbox 638 3135 649 3152; x_wconf 89' lang='lat'>‚</span> <span class='ocrx_word' id='word_1_361' title='bbox 676 3113 741 3155; x_wconf 89' lang='lat' dir='ltr'>ipse</span> <span class='ocrx_word' id='word_1_362' title='bbox 755 3113 908 3148; x_wconf 86' lang='lat' dir='ltr'>novitatis</span> <span class='ocrx_word' id='word_1_363' title='bbox 931 3115 1133 3150; x_wconf 66' lang='lat' dir='ltr'>introductor</span> 
     </span>
     <span class='ocr_line' id='line_1_58' title="bbox 263 3157 1135 3209; baseline 0.005 -15"><span class='ocrx_word' id='word_1_364' title='bbox 263 3157 413 3195; x_wconf 89' lang='lat' dir='ltr'>Michael</span> <span class='ocrx_word' id='word_1_365' title='bbox 433 3173 566 3206; x_wconf 84' lang='lat' dir='ltr'>arguere</span> <span class='ocrx_word' id='word_1_366' title='bbox 587 3163 738 3205; x_wconf 77' lang='lat' dir='ltr'>potuisset</span> <span class='ocrx_word' id='word_1_367' title='bbox 760 3163 777 3194; x_wconf 77' lang='lat'>.2</span> <span class='ocrx_word' id='word_1_368' title='bbox 810 3162 891 3209; x_wconf 83' lang='lat' dir='ltr'>Qo</span> <span class='ocrx_word' id='word_1_369' title='bbox 910 3164 995 3198; x_wconf 85' lang='lat' dir='ltr'>circa</span> <span class='ocrx_word' id='word_1_370' title='bbox 1036 3164 1135 3198; x_wconf 84' lang='lat' dir='ltr'>rebel·</span> 
     </span>
     <span class='ocr_line' id='line_1_59' title="bbox 263 3208 1135 3254; baseline 0.003 -9"><span class='ocrx_word' id='word_1_371' title='bbox 263 3210 391 3245; x_wconf 89' lang='lat' dir='ltr'>lionem</span> <span class='ocrx_word' id='word_1_372' title='bbox 411 3208 496 3244; x_wconf 85' lang='lat' dir='ltr'>hanc</span> <span class='ocrx_word' id='word_1_373' title='bbox 519 3222 575 3246; x_wconf 88' lang='lat' dir='ltr'>aut</span> <span class='ocrx_word' id='word_1_374' title='bbox 596 3211 761 3247; x_wconf 89' lang='lat' dir='ltr'>Eustatius</span> <span class='ocrx_word' id='word_1_375' title='bbox 781 3213 872 3254; x_wconf 84' lang='lat' dir='ltr'>caepit</span> <span class='ocrx_word' id='word_1_376' title='bbox 894 3235 904 3252; x_wconf 92' lang='lat'>,</span> <span class='ocrx_word' id='word_1_377' title='bbox 930 3223 985 3247; x_wconf 88' lang='lat' dir='ltr'>aut</span> <span class='ocrx_word' id='word_1_378' title='bbox 1003 3213 1135 3248; x_wconf 87' lang='lat' dir='ltr'>Patriar-</span> 
     </span>
     <span class='ocr_line' id='line_1_60' title="bbox 261 3259 1135 3302; baseline 0.003 -7"><span class='ocrx_word' id='word_1_379' title='bbox 261 3259 325 3296; x_wconf 86' lang='lat' dir='ltr'>cha</span> <span class='ocrx_word' id='word_1_380' title='bbox 353 3259 490 3294; x_wconf 87' lang='lat' dir='ltr'>Alexius</span> <span class='ocrx_word' id='word_1_381' title='bbox 517 3272 524 3292; x_wconf 93' lang='lat'><strong>:</strong></span> <span class='ocrx_word' id='word_1_382' title='bbox 551 3271 608 3296; x_wconf 88' lang='lat' dir='ltr'>aut</span> <span class='ocrx_word' id='word_1_383' title='bbox 633 3261 690 3296; x_wconf 91' lang='lat' dir='ltr'>hic</span> <span class='ocrx_word' id='word_1_384' title='bbox 711 3286 722 3302; x_wconf 85' lang='lat'>‚</span> <span class='ocrx_word' id='word_1_385' title='bbox 747 3272 801 3297; x_wconf 88' lang='lat' dir='ltr'>aut</span> <span class='ocrx_word' id='word_1_386' title='bbox 826 3261 885 3295; x_wconf 85' lang='lat' dir='ltr'>iste</span> <span class='ocrx_word' id='word_1_387' title='bbox 911 3285 922 3301; x_wconf 92' lang='lat'>,</span> <span class='ocrx_word' id='word_1_388' title='bbox 948 3273 1003 3296; x_wconf 89' lang='lat' dir='ltr'>aut</span> <span class='ocrx_word' id='word_1_389' title='bbox 1029 3264 1135 3298; x_wconf 87' lang='lat' dir='ltr'>forsan</span> 
     </span>
     <span class='ocr_line' id='line_1_61' title="bbox 262 3308 1135 3355; baseline 0.005 -11"><span class='ocrx_word' id='word_1_390' title='bbox 262 3318 398 3354; x_wconf 89' lang='lat' dir='ltr'>uterque</span> <span class='ocrx_word' id='word_1_391' title='bbox 422 3308 557 3344; x_wconf 89' lang='lat' dir='ltr'>scribere</span> <span class='ocrx_word' id='word_1_392' title='bbox 582 3311 613 3344; x_wconf 89' lang='lat' dir='ltr'>se</span> <span class='ocrx_word' id='word_1_393' title='bbox 636 3313 727 3355; x_wconf 83' lang='lat' dir='ltr'>caepit</span> <span class='ocrx_word' id='word_1_394' title='bbox 754 3310 966 3345; x_wconf 85' lang='lat' dir='ltr'>universalem</span> <span class='ocrx_word' id='word_1_395' title='bbox 992 3312 1135 3348; x_wconf 73' lang='lat' dir='ltr'>absolute</span> 
     </span>
     <span class='ocr_line' id='line_1_62' title="bbox 261 3359 1136 3405; baseline 0.002 -10"><span class='ocrx_word' id='word_1_396' title='bbox 261 3359 463 3405; x_wconf 78' lang='lat' dir='ltr'>Episcopum</span> <span class='ocrx_word' id='word_1_397' title='bbox 482 3384 493 3400; x_wconf 93' lang='lat'>,</span> <span class='ocrx_word' id='word_1_398' title='bbox 517 3360 632 3404; x_wconf 79' lang='lat' dir='ltr'>utique</span> <span class='ocrx_word' id='word_1_399' title='bbox 654 3359 698 3395; x_wconf 92' lang='lat' dir='ltr'>ob</span> <span class='ocrx_word' id='word_1_400' title='bbox 720 3361 816 3396; x_wconf 88' lang='lat' dir='ltr'>istum</span> <span class='ocrx_word' id='word_1_401' title='bbox 838 3373 913 3395; x_wconf 82' lang='lat' dir='ltr'>cum</span> <span class='ocrx_word' id='word_1_402' title='bbox 938 3362 1136 3398; x_wconf 89' lang='lat' dir='ltr'>limitatione</span> 
     </span>
     <span class='ocr_line' id='line_1_63' title="bbox 261 3409 1133 3457; baseline 0.001 -11"><span class='ocrx_word' id='word_1_403' title='bbox 261 3410 397 3446; x_wconf 76' lang='lat' dir='ltr'>titulum</span> <span class='ocrx_word' id='word_1_404' title='bbox 413 3409 431 3444; x_wconf 74' lang='lat' dir='ltr'>a</span> <span class='ocrx_word' id='word_1_405' title='bbox 459 3409 584 3453; x_wconf 79' lang='lat' dir='ltr'>Ioanne</span> <span class='ocrx_word' id='word_1_406' title='bbox 598 3409 753 3454; x_wconf 87' lang='lat' dir='ltr'>vigesimo</span> <span class='ocrx_word' id='word_1_407' title='bbox 774 3411 988 3457; x_wconf 87' lang='lat' dir='ltr'>denegatum.</span> <span class='ocrx_word' id='word_1_408' title='bbox 1015 3412 1058 3446; x_wconf 89' lang='lat' dir='ltr'>Et</span> <span class='ocrx_word' id='word_1_409' title='bbox 1081 3413 1133 3447; x_wconf 90' lang='lat' dir='ltr'>ad-</span> 
     </span>
     <span class='ocr_line' id='line_1_64' title="bbox 261 3458 1137 3510; baseline 0.002 -16"><span class='ocrx_word' id='word_1_410' title='bbox 261 3461 383 3494; x_wconf 84' lang='lat' dir='ltr'>versum</span> <span class='ocrx_word' id='word_1_411' title='bbox 411 3459 466 3493; x_wconf 85' lang='lat' dir='ltr'>ista</span> <span class='ocrx_word' id='word_1_412' title='bbox 491 3458 671 3497; x_wconf 85' lang='lat' dir='ltr'>schismatis</span> <span class='ocrx_word' id='word_1_413' title='bbox 692 3462 823 3497; x_wconf 83' lang='lat' dir='ltr'>exordia</span> <span class='ocrx_word' id='word_1_414' title='bbox 836 3486 846 3504; x_wconf 83' lang='lat'>,</span> <span class='ocrx_word' id='word_1_415' title='bbox 875 3461 985 3507; x_wconf 86' lang='lat' dir='ltr'>postea</span> <span class='ocrx_word' id='word_1_416' title='bbox 1004 3472 1058 3510; x_wconf 80' lang='lat' dir='ltr'>pet</span> <span class='ocrx_word' id='word_1_417' title='bbox 1072 3463 1137 3499; x_wconf 86' lang='lat' dir='ltr'>Mi-</span> 
     </span>
    </p>
   </div>
   <div class='ocr_carea' id='block_1_5' title="bbox 247 1268 1129 3553">
    <p class='ocr_par' dir='ltr' id='par_1_5' title="bbox 247 1268 1156 3553">
     <span class='ocr_line' id='line_1_65' title="bbox 249 1268 1129 1314; baseline -0.006 -9"><span class='ocrx_word' id='word_1_418' title='bbox 249 1271 396 1305; x_wconf 88' lang='lat' dir='ltr'>cordiam</span> <span class='ocrx_word' id='word_1_419' title='bbox 417 1269 558 1305; x_wconf 75' lang='lat' dir='ltr'>omnino</span> <span class='ocrx_word' id='word_1_420' title='bbox 570 1278 719 1314; x_wconf 88' lang='lat' dir='ltr'>potuerat</span> <span class='ocrx_word' id='word_1_421' title='bbox 729 1269 748 1302; x_wconf 78' lang='lat' dir='ltr'>a</span> <span class='ocrx_word' id='word_1_422' title='bbox 760 1271 885 1313; x_wconf 79' lang='lat' dir='ltr'>Ioanne</span> <span class='ocrx_word' id='word_1_423' title='bbox 903 1269 1056 1314; x_wconf 70' lang='lat' dir='ltr'>vigesimo</span> <span class='ocrx_word' id='word_1_424' title='bbox 1069 1268 1129 1302; x_wconf 89' lang='lat' dir='ltr'>dis·</span> 
     </span>
     <span class='ocr_line' id='line_1_66' title="bbox 249 1316 1127 1365; baseline -0.004 -10"><span class='ocrx_word' id='word_1_425' title='bbox 249 1320 432 1365; x_wconf 74' lang='lat' dir='ltr'>pensatorie</span> <span class='ocrx_word' id='word_1_426' title='bbox 456 1320 591 1355; x_wconf 90' lang='lat' dir='ltr'>concedi</span> <span class='ocrx_word' id='word_1_427' title='bbox 605 1346 612 1353; x_wconf 92' lang='lat'>.</span> <span class='ocrx_word' id='word_1_428' title='bbox 641 1319 741 1354; x_wconf 77' lang='lat' dir='ltr'>Plane</span> <span class='ocrx_word' id='word_1_429' title='bbox 752 1319 840 1354; x_wconf 88' lang='lat' dir='ltr'>enim</span> <span class='ocrx_word' id='word_1_430' title='bbox 850 1320 1003 1353; x_wconf 84' lang='lat' dir='ltr'>existimo</span> <span class='ocrx_word' id='word_1_431' title='bbox 1015 1316 1127 1352; x_wconf 88' lang='lat' dir='ltr'>harum</span> 
     </span>
     <span class='ocr_line' id='line_1_67' title="bbox 247 1369 1128 1414; baseline -0.005 -9"><span class='ocrx_word' id='word_1_432' title='bbox 247 1381 383 1414; x_wconf 75' lang='lat' dir='ltr'>precum</span> <span class='ocrx_word' id='word_1_433' title='bbox 413 1371 645 1405; x_wconf 83' lang='lat' dir='ltr'>refutationem</span> <span class='ocrx_word' id='word_1_434' title='bbox 668 1370 759 1404; x_wconf 72' lang='lat' dir='ltr'>fuisse</span> <span class='ocrx_word' id='word_1_435' title='bbox 781 1381 882 1403; x_wconf 88' lang='lat' dir='ltr'>unam</span> <span class='ocrx_word' id='word_1_436' title='bbox 905 1381 946 1404; x_wconf 89' lang='lat' dir='ltr'>ex</span> <span class='ocrx_word' id='word_1_437' title='bbox 967 1369 1064 1406; x_wconf 83' lang='lat' dir='ltr'>causis</span> <span class='ocrx_word' id='word_1_438' title='bbox 1083 1379 1128 1401; x_wconf 92' lang='lat' dir='ltr'>re-</span> 
     </span>
     <span class='ocr_line' id='line_1_68' title="bbox 361 3508 809 3553; baseline -0.001 -10"><span class='ocrx_word' id='word_1_439' title='bbox 361 3508 465 3553; x_wconf 76' lang='lat' dir='ltr'>Chrtst.</span> <span class='ocrx_word' id='word_1_440' title='bbox 480 3514 559 3553; x_wconf 71' lang='lat' dir='ltr'>Lupi</span> <span class='ocrx_word' id='word_1_441' title='bbox 571 3515 656 3553; x_wconf 83' lang='lat' dir='ltr'>Oper.</span> <span class='ocrx_word' id='word_1_442' title='bbox 668 3514 746 3545; x_wconf 84' lang='lat' dir='ltr'>Tom.</span> <span class='ocrx_word' id='word_1_443' title='bbox 759 3514 809 3547; x_wconf 71' lang='lat' dir='ltr'>[V.</span> 
     </span>
    </p>
   </div>
   <div class='ocr_carea' id='block_1_6' title="bbox 695 191 1324 239">
    <p class='ocr_par' dir='ltr' id='par_1_6' title="bbox 695 191 1324 239">
     <span class='ocr_line' id='line_1_69' title="bbox 695 191 1324 239; baseline 0.003 -2"><span class='ocrx_word' id='word_1_444' title='bbox 695 205 856 238; x_wconf 64' lang='lat' dir='ltr'>Hae</span> <span class='ocrx_word' id='word_1_445' title='bbox 924 191 1324 239; x_wconf 62' lang='lat' dir='ltr'>anssnsi</span> 
     </span>
    </p>
   </div>
   <div class='ocr_carea' id='block_1_7' title="bbox 1394 191 1990 239">
    <p class='ocr_par' dir='ltr' id='par_1_7' title="bbox 1394 191 1990 239">
     <span class='ocr_line' id='line_1_70' title="bbox 1394 191 1990 239; baseline 0 -1"><span class='ocrx_word' id='word_1_446' title='bbox 1394 191 1772 239; x_wconf 76' lang='lat' dir='ltr'>SYNono.</span> <span class='ocrx_word' id='word_1_447' title='bbox 1897 203 1990 239; x_wconf 82' lang='lat'>211</span> 
     </span>
    </p>
   </div>
   <div class='ocr_carea' id='block_1_8' title="bbox 1184 271 2068 965">
    <p class='ocr_par' dir='ltr' id='par_1_8' title="bbox 1184 271 2068 965">
     <span class='ocr_line' id='line_1_71' title="bbox 1184 271 2060 319; baseline 0.003 -14"><span class='ocrx_word' id='word_1_448' title='bbox 1184 271 1329 306; x_wconf 83' lang='lat' dir='ltr'>chaelem</span> <span class='ocrx_word' id='word_1_449' title='bbox 1349 272 1551 308; x_wconf 84' lang='lat' dir='ltr'>Cerularium</span> <span class='ocrx_word' id='word_1_450' title='bbox 1577 285 1700 319; x_wconf 87' lang='lat' dir='ltr'>magno</span> <span class='ocrx_word' id='word_1_451' title='bbox 1719 285 1794 308; x_wconf 87' lang='lat' dir='ltr'>cum</span> <span class='ocrx_word' id='word_1_452' title='bbox 1806 273 1922 309; x_wconf 67' lang='lat' dir='ltr'>faenore</span> <span class='ocrx_word' id='word_1_453' title='bbox 1945 276 2060 316; x_wconf 73' lang='lat' dir='ltr'>austa,</span> 
     </span>
     <span class='ocr_line' id='line_1_72' title="bbox 1187 322 2061 368; baseline 0.007 -15"><span class='ocrx_word' id='word_1_454' title='bbox 1187 322 1376 355; x_wconf 82' lang='lat' dir='ltr'>Gallicanos</span> <span class='ocrx_word' id='word_1_455' title='bbox 1400 323 1577 367; x_wconf 85' lang='lat' dir='ltr'>Episcopos</span> <span class='ocrx_word' id='word_1_456' title='bbox 1600 323 1654 358; x_wconf 90' lang='lat' dir='ltr'>hic</span> <span class='ocrx_word' id='word_1_457' title='bbox 1677 324 1840 363; x_wconf 86' lang='lat' dir='ltr'>consulit,</span> <span class='ocrx_word' id='word_1_458' title='bbox 1869 326 1902 358; x_wconf 89' lang='lat'>&amp;</span> <span class='ocrx_word' id='word_1_459' title='bbox 1920 325 1961 360; x_wconf 87' lang='lat' dir='ltr'>ad</span> <span class='ocrx_word' id='word_1_460' title='bbox 1989 337 2061 368; x_wconf 83' lang='lat' dir='ltr'>prae-</span> 
     </span>
     <span class='ocr_line' id='line_1_73' title="bbox 1187 371 2062 417; baseline 0.005 -13"><span class='ocrx_word' id='word_1_461' title='bbox 1187 371 1291 410; x_wconf 84' lang='lat' dir='ltr'>benda</span> <span class='ocrx_word' id='word_1_462' title='bbox 1312 372 1367 405; x_wconf 82' lang='lat' dir='ltr'>fibi</span> <span class='ocrx_word' id='word_1_463' title='bbox 1389 371 1546 415; x_wconf 87' lang='lat' dir='ltr'>adjutoria</span> <span class='ocrx_word' id='word_1_464' title='bbox 1566 375 1688 414; x_wconf 86' lang='lat' dir='ltr'>animat</span> <span class='ocrx_word' id='word_1_465' title='bbox 1709 374 1778 408; x_wconf 91' lang='lat' dir='ltr'>Leo</span> <span class='ocrx_word' id='word_1_466' title='bbox 1800 384 1930 417; x_wconf 86' lang='lat' dir='ltr'>nonus,</span> <span class='ocrx_word' id='word_1_467' title='bbox 1956 374 2062 409; x_wconf 56' lang='grc' dir='ltr'><strong>Νίσον</strong></span> 
     </span>
     <span class='ocr_line' id='line_1_74' title="bbox 1187 421 2062 465; baseline 0.008 -12"><span class='ocrx_word' id='word_1_468' title='bbox 1187 421 1274 455; x_wconf 89' lang='lat' dir='ltr'>laum</span> <span class='ocrx_word' id='word_1_469' title='bbox 1297 423 1439 465; x_wconf 88' lang='lat' dir='ltr'>primum</span> <span class='ocrx_word' id='word_1_470' title='bbox 1466 424 1500 458; x_wconf 70' lang='grc' dir='ltr'>ὃς</span> <span class='ocrx_word' id='word_1_471' title='bbox 1519 424 1713 458; x_wconf 69' lang='lat' dir='ltr'>Formosum</span> <span class='ocrx_word' id='word_1_472' title='bbox 1736 423 1931 458; x_wconf 84' lang='lat' dir='ltr'>Pontificem</span> <span class='ocrx_word' id='word_1_473' title='bbox 1954 426 2062 461; x_wconf 81' lang='lat' dir='ltr'>imita-</span> 
     </span>
     <span class='ocr_line' id='line_1_75' title="bbox 1188 470 2060 519; baseline 0.006 -15"><span class='ocrx_word' id='word_1_474' title='bbox 1188 482 1239 505; x_wconf 90' lang='lat' dir='ltr'>tus</span> <span class='ocrx_word' id='word_1_475' title='bbox 1260 496 1270 512; x_wconf 93' lang='lat'>,</span> <span class='ocrx_word' id='word_1_476' title='bbox 1298 470 1354 515; x_wconf 87' lang='lat' dir='ltr'>qui</span> <span class='ocrx_word' id='word_1_477' title='bbox 1381 472 1550 507; x_wconf 89' lang='lat' dir='ltr'>adversum</span> <span class='ocrx_word' id='word_1_478' title='bbox 1577 474 1692 508; x_wconf 91' lang='lat' dir='ltr'>Photii</span> <span class='ocrx_word' id='word_1_479' title='bbox 1722 484 1825 518; x_wconf 87' lang='lat' dir='ltr'>nugas</span> <span class='ocrx_word' id='word_1_480' title='bbox 1848 498 1858 514; x_wconf 93' lang='lat'>,</span> <span class='ocrx_word' id='word_1_481' title='bbox 1883 486 2060 519; x_wconf 85' lang='lat' dir='ltr'>earumque</span> 
     </span>
     <span class='ocr_line' id='line_1_76' title="bbox 1187 521 2062 567; baseline 0.006 -14"><span class='ocrx_word' id='word_1_482' title='bbox 1187 521 1336 565; x_wconf 87' lang='lat' dir='ltr'>reliquias</span> <span class='ocrx_word' id='word_1_483' title='bbox 1358 521 1376 554; x_wconf 74' lang='lat' dir='ltr'>a</span> <span class='ocrx_word' id='word_1_484' title='bbox 1399 522 1579 556; x_wconf 87' lang='lat' dir='ltr'>Gallicanis</span> <span class='ocrx_word' id='word_1_485' title='bbox 1596 525 1695 557; x_wconf 89' lang='lat' dir='ltr'>etiam</span> <span class='ocrx_word' id='word_1_486' title='bbox 1706 524 1874 567; x_wconf 89' lang='lat' dir='ltr'>Episcopis</span> <span class='ocrx_word' id='word_1_487' title='bbox 1895 524 2062 559; x_wconf 85' lang='lat' dir='ltr'>&amp;Mona-</span> 
     </span>
     <span class='ocr_line' id='line_1_77' title="bbox 1187 569 2062 618; baseline 0.005 -14"><span class='ocrx_word' id='word_1_488' title='bbox 1187 569 1255 604; x_wconf 89' lang='lat' dir='ltr'>chis</span> <span class='ocrx_word' id='word_1_489' title='bbox 1277 571 1361 604; x_wconf 85' lang='lat' dir='ltr'>istud</span> <span class='ocrx_word' id='word_1_490' title='bbox 1385 570 1488 613; x_wconf 88' lang='lat' dir='ltr'>ipsum</span> <span class='ocrx_word' id='word_1_491' title='bbox 1513 572 1673 606; x_wconf 87' lang='lat' dir='ltr'>auxilium</span> <span class='ocrx_word' id='word_1_492' title='bbox 1696 575 1853 616; x_wconf 87' lang='lat' dir='ltr'>petierunt</span> <span class='ocrx_word' id='word_1_493' title='bbox 1865 586 1902 608; x_wconf 92' lang='lat' dir='ltr'>ac</span> <span class='ocrx_word' id='word_1_494' title='bbox 1913 575 2062 618; x_wconf 88' lang='lat' dir='ltr'>impetra-</span> 
     </span>
     <span class='ocr_line' id='line_1_78' title="bbox 1188 620 2063 667; baseline 0.006 -13"><span class='ocrx_word' id='word_1_495' title='bbox 1188 632 1281 654; x_wconf 88' lang='lat' dir='ltr'>runt.</span> <span class='ocrx_word' id='word_1_496' title='bbox 1307 620 1478 662; x_wconf 85' lang='lat' dir='ltr'>Ratramni</span> <span class='ocrx_word' id='word_1_497' title='bbox 1499 623 1589 655; x_wconf 87' lang='lat' dir='ltr'>enim</span> <span class='ocrx_word' id='word_1_498' title='bbox 1614 622 1816 665; x_wconf 82' lang='lat' dir='ltr'>Corbejenfis</span> <span class='ocrx_word' id='word_1_499' title='bbox 1827 624 1912 667; x_wconf 88' lang='lat' dir='ltr'>apud</span> <span class='ocrx_word' id='word_1_500' title='bbox 1925 624 2063 659; x_wconf 83' lang='lat' dir='ltr'>Ambia-</span> 
     </span>
     <span class='ocr_line' id='line_1_79' title="bbox 1187 670 2065 718; baseline 0.008 -16"><span class='ocrx_word' id='word_1_501' title='bbox 1187 682 1247 703; x_wconf 87' lang='lat' dir='ltr'>nos</span> <span class='ocrx_word' id='word_1_502' title='bbox 1260 670 1420 703; x_wconf 79' lang='lat' dir='ltr'>Monachi</span> <span class='ocrx_word' id='word_1_503' title='bbox 1435 694 1444 710; x_wconf 91' lang='lat'>‚</span> <span class='ocrx_word' id='word_1_504' title='bbox 1455 681 1492 705; x_wconf 87' lang='lat' dir='ltr'>ac</span> <span class='ocrx_word' id='word_1_505' title='bbox 1506 671 1626 705; x_wconf 81' lang='lat' dir='ltr'>AEneae</span> <span class='ocrx_word' id='word_1_506' title='bbox 1638 672 1818 707; x_wconf 71' lang='lat' dir='ltr'>parisiensis</span> <span class='ocrx_word' id='word_1_507' title='bbox 1831 674 1984 718; x_wconf 88' lang='lat' dir='ltr'>Episcopi</span> <span class='ocrx_word' id='word_1_508' title='bbox 1996 685 2065 709; x_wconf 72' lang='lat' dir='ltr'>eru-</span> 
     </span>
     <span class='ocr_line' id='line_1_80' title="bbox 1187 719 2066 766; baseline 0.007 -13"><span class='ocrx_word' id='word_1_509' title='bbox 1187 721 1254 753; x_wconf 91' lang='lat' dir='ltr'>dita</span> <span class='ocrx_word' id='word_1_510' title='bbox 1274 719 1424 753; x_wconf 82' lang='lat' dir='ltr'>adversus</span> <span class='ocrx_word' id='word_1_511' title='bbox 1447 719 1607 755; x_wconf 90' lang='lat' dir='ltr'>Photium</span> <span class='ocrx_word' id='word_1_512' title='bbox 1627 721 1742 764; x_wconf 88' lang='lat' dir='ltr'>scripta</span> <span class='ocrx_word' id='word_1_513' title='bbox 1766 733 1867 765; x_wconf 90' lang='lat' dir='ltr'>nuper</span> <span class='ocrx_word' id='word_1_514' title='bbox 1889 724 2066 766; x_wconf 76' lang='lat' dir='ltr'>publicavit</span> 
     </span>
     <span class='ocr_line' id='line_1_81' title="bbox 1187 769 2068 817; baseline 0.008 -15"><span class='ocrx_word' id='word_1_515' title='bbox 1187 769 1292 802; x_wconf 90' lang='lat' dir='ltr'>Lucas</span> <span class='ocrx_word' id='word_1_516' title='bbox 1302 769 1503 804; x_wconf 88' lang='lat' dir='ltr'>Dacherius.</span> <span class='ocrx_word' id='word_1_517' title='bbox 1531 771 1640 807; x_wconf 89' lang='lat' dir='ltr'>Solam</span> <span class='ocrx_word' id='word_1_518' title='bbox 1662 771 1703 804; x_wconf 85' lang='lat' dir='ltr'>de</span> <span class='ocrx_word' id='word_1_519' title='bbox 1726 772 1914 806; x_wconf 86' lang='lat' dir='ltr'>universalis</span> <span class='ocrx_word' id='word_1_520' title='bbox 1935 774 2068 817; x_wconf 88' lang='lat' dir='ltr'>Episco-</span> 
     </span>
     <span class='ocr_line' id='line_1_82' title="bbox 1186 819 2066 862; baseline 0.005 -10"><span class='ocrx_word' id='word_1_521' title='bbox 1186 821 1217 862; x_wconf 90' lang='lat' dir='ltr'>pi</span> <span class='ocrx_word' id='word_1_522' title='bbox 1242 819 1340 853; x_wconf 91' lang='lat' dir='ltr'>titulo</span> <span class='ocrx_word' id='word_1_523' title='bbox 1364 819 1533 854; x_wconf 88' lang='lat' dir='ltr'>audaciam</span> <span class='ocrx_word' id='word_1_524' title='bbox 1555 820 1610 855; x_wconf 89' lang='lat' dir='ltr'>hic</span> <span class='ocrx_word' id='word_1_525' title='bbox 1629 819 1760 855; x_wconf 87' lang='lat' dir='ltr'>discutit</span> <span class='ocrx_word' id='word_1_526' title='bbox 1780 833 1817 855; x_wconf 90' lang='lat' dir='ltr'>ac</span> <span class='ocrx_word' id='word_1_527' title='bbox 1839 821 1972 856; x_wconf 86' lang='lat' dir='ltr'>damnat</span> <span class='ocrx_word' id='word_1_528' title='bbox 1995 824 2066 857; x_wconf 91' lang='lat' dir='ltr'>Leo</span> 
     </span>
     <span class='ocr_line' id='line_1_83' title="bbox 1189 869 2067 916; baseline 0.003 -13"><span class='ocrx_word' id='word_1_529' title='bbox 1189 869 1347 907; x_wconf 78' lang='lat' dir='ltr'>Pontifex</span> <span class='ocrx_word' id='word_1_530' title='bbox 1370 894 1381 910; x_wconf 85' lang='lat'>‚</span> <span class='ocrx_word' id='word_1_531' title='bbox 1407 869 1488 914; x_wconf 77' lang='lat' dir='ltr'>alias</span> <span class='ocrx_word' id='word_1_532' title='bbox 1511 870 1685 906; x_wconf 86' lang='lat' dir='ltr'>Michaelis</span> <span class='ocrx_word' id='word_1_533' title='bbox 1710 870 1902 906; x_wconf 82' lang='lat' dir='ltr'>Patriarchae</span> <span class='ocrx_word' id='word_1_534' title='bbox 1922 874 2067 916; x_wconf 83' lang='lat' dir='ltr'>praesum-</span> 
     </span>
     <span class='ocr_line' id='line_1_84' title="bbox 1188 920 1941 965; baseline 0.004 -12"><span class='ocrx_word' id='word_1_535' title='bbox 1188 920 1318 964; x_wconf 86' lang='lat' dir='ltr'>ptiones</span> <span class='ocrx_word' id='word_1_536' title='bbox 1329 920 1386 954; x_wconf 89' lang='lat' dir='ltr'>suo</span> <span class='ocrx_word' id='word_1_537' title='bbox 1409 930 1556 965; x_wconf 89' lang='lat' dir='ltr'>tempore</span> <span class='ocrx_word' id='word_1_538' title='bbox 1575 921 1610 962; x_wconf 75' lang='grc' dir='ltr'>ὅς</span> <span class='ocrx_word' id='word_1_539' title='bbox 1625 922 1700 964; x_wconf 84' lang='lat' dir='ltr'>loco</span> <span class='ocrx_word' id='word_1_540' title='bbox 1711 921 1921 964; x_wconf 86' lang='lat' dir='ltr'>discutiemus</span> <span class='ocrx_word' id='word_1_541' title='bbox 1933 947 1941 961; x_wconf 85' lang='lat'>·.</span> 
     </span>
    </p>
   </div>
   <div class='ocr_carea' id='block_1_9' title="bbox 1282 1129 1961 1184">
    <p class='ocr_par' dir='ltr' id='par_1_9' title="bbox 1282 1129 1961 1184">
     <span class='ocr_line' id='line_1_85' title="bbox 1282 1129 1961 1184; baseline 0.006 -10"><span class='ocrx_word' id='word_1_542' title='bbox 1282 1129 1530 1181; x_wconf 82' lang='lat' dir='ltr'>SESSIO</span> <span class='ocrx_word' id='word_1_543' title='bbox 1565 1130 1961 1184; x_wconf 86' lang='lat' dir='ltr'><strong>SECUNDA.</strong></span> 
     </span>
    </p>
   </div>
   <div class='ocr_carea' id='block_1_10' title="bbox 1193 1266 2085 3507">
    <p class='ocr_par' dir='ltr' id='par_1_10' title="bbox 1255 1266 2075 1315">
     <span class='ocr_line' id='line_1_86' title="bbox 1255 1266 2075 1315; baseline 0.005 -15"><span class='ocrx_word' id='word_1_544' title='bbox 1255 1266 1389 1301; x_wconf 85' lang='lat' dir='ltr'>Ecunda</span> <span class='ocrx_word' id='word_1_545' title='bbox 1413 1267 1511 1301; x_wconf 73' lang='lat' dir='ltr'>Sessio</span> <span class='ocrx_word' id='word_1_546' title='bbox 1533 1269 1612 1302; x_wconf 73' lang='lat' dir='ltr'>facta</span> <span class='ocrx_word' id='word_1_547' title='bbox 1625 1269 1669 1303; x_wconf 91' lang='lat' dir='ltr'>est</span> <span class='ocrx_word' id='word_1_548' title='bbox 1689 1271 1743 1304; x_wconf 88' lang='lat' dir='ltr'>die</span> <span class='ocrx_word' id='word_1_549' title='bbox 1764 1270 1933 1315; x_wconf 87' lang='lat' dir='ltr'>sequenti,</span> <span class='ocrx_word' id='word_1_550' title='bbox 1958 1269 2075 1305; x_wconf 66' lang='lat' dir='ltr'>discuss</span> 
     </span>
    </p>

    <p class='ocr_par' dir='ltr' id='par_1_11' title="bbox 1193 1316 2085 3099">
     <span class='ocr_line' id='line_1_87' title="bbox 1277 1316 2075 1364; baseline 0.005 -15"><span class='ocrx_word' id='word_1_551' title='bbox 1277 1316 1380 1360; x_wconf 69' lang='lat' dir='ltr'>fitque</span> <span class='ocrx_word' id='word_1_552' title='bbox 1401 1319 1530 1352; x_wconf 82' lang='lat' dir='ltr'>oausam</span> <span class='ocrx_word' id='word_1_553' title='bbox 1552 1318 1719 1354; x_wconf 85' lang='lat' dir='ltr'>Gnidonis</span> <span class='ocrx_word' id='word_1_554' title='bbox 1742 1318 1990 1364; x_wconf 86' lang='lat' dir='ltr'>Archiepiscopi</span> <span class='ocrx_word' id='word_1_555' title='bbox 2013 1320 2075 1354; x_wconf 72' lang='lat' dir='ltr'>Re‹</span> 
     </span>
     <span class='ocr_line' id='line_1_88' title="bbox 1195 1365 2077 1410; baseline 0.002 -10"><span class='ocrx_word' id='word_1_556' title='bbox 1195 1367 1329 1407; x_wconf 75' lang='lat' dir='ltr'>mensis,</span> <span class='ocrx_word' id='word_1_557' title='bbox 1356 1368 1413 1410; x_wconf 92' lang='lat' dir='ltr'>qui</span> <span class='ocrx_word' id='word_1_558' title='bbox 1445 1365 1485 1402; x_wconf 87' lang='lat' dir='ltr'>de</span> <span class='ocrx_word' id='word_1_559' title='bbox 1496 1368 1642 1403; x_wconf 88' lang='lat' dir='ltr'>Simonia</span> <span class='ocrx_word' id='word_1_560' title='bbox 1665 1370 1782 1405; x_wconf 84' lang='lat' dir='ltr'>&amp;aliis</span> <span class='ocrx_word' id='word_1_561' title='bbox 1803 1369 1994 1405; x_wconf 88' lang='lat' dir='ltr'>criminibus</span> <span class='ocrx_word' id='word_1_562' title='bbox 2007 1369 2077 1404; x_wconf 87' lang='lat' dir='ltr'>heri</span> 
     </span>
     <span class='ocr_line' id='line_1_89' title="bbox 1194 1417 2079 1462; baseline 0.009 -13"><span class='ocrx_word' id='word_1_563' title='bbox 1194 1418 1360 1451; x_wconf 81' lang='lat' dir='ltr'>accusatus</span> <span class='ocrx_word' id='word_1_564' title='bbox 1373 1417 1549 1459; x_wconf 86' lang='lat' dir='ltr'>postularat</span> <span class='ocrx_word' id='word_1_565' title='bbox 1561 1420 1778 1462; x_wconf 86' lang='lat' dir='ltr'>respondendi</span> <span class='ocrx_word' id='word_1_566' title='bbox 1794 1420 1943 1455; x_wconf 83' lang='lat' dir='ltr'>inducias</span> <span class='ocrx_word' id='word_1_567' title='bbox 1953 1445 1961 1455; x_wconf 72' lang='grc'><em>.</em></span> <span class='ocrx_word' id='word_1_568' title='bbox 1989 1420 2079 1457; x_wconf 83' lang='lat' dir='ltr'>Eum</span> 
     </span>
     <span class='ocr_line' id='line_1_90' title="bbox 1195 1465 2078 1509; baseline 0.003 -9"><span class='ocrx_word' id='word_1_569' title='bbox 1195 1466 1234 1500; x_wconf 88' lang='lat' dir='ltr'>ab</span> <span class='ocrx_word' id='word_1_570' title='bbox 1254 1467 1323 1508; x_wconf 90' lang='lat' dir='ltr'>ipso</span> <span class='ocrx_word' id='word_1_571' title='bbox 1348 1466 1436 1509; x_wconf 79' lang='lat' dir='ltr'>prius</span> <span class='ocrx_word' id='word_1_572' title='bbox 1446 1465 1610 1501; x_wconf 87' lang='lat' dir='ltr'>Pontifice</span> <span class='ocrx_word' id='word_1_573' title='bbox 1630 1468 1663 1500; x_wconf 89' lang='lat' dir='ltr'>in</span> <span class='ocrx_word' id='word_1_574' title='bbox 1677 1470 1797 1503; x_wconf 86' lang='lat' dir='ltr'>secreto</span> <span class='ocrx_word' id='word_1_575' title='bbox 1809 1469 2022 1504; x_wconf 84' lang='lat' dir='ltr'>confeffionis</span> <span class='ocrx_word' id='word_1_576' title='bbox 2044 1470 2078 1503; x_wconf 76' lang='grc' dir='ltr'>δε</span> 
     </span>
     <span class='ocr_line' id='line_1_91' title="bbox 1194 1515 2079 1558; baseline 0.001 -8"><span class='ocrx_word' id='word_1_577' title='bbox 1194 1515 1401 1550; x_wconf 66' lang='lat' dir='ltr'>conscientiae</span> <span class='ocrx_word' id='word_1_578' title='bbox 1423 1517 1497 1551; x_wconf 91' lang='lat' dir='ltr'>foro</span> <span class='ocrx_word' id='word_1_579' title='bbox 1523 1516 1696 1551; x_wconf 76' lang='lat' dir='ltr'>discussum</span> <span class='ocrx_word' id='word_1_580' title='bbox 1724 1541 1735 1558; x_wconf 92' lang='lat'>,</span> <span class='ocrx_word' id='word_1_581' title='bbox 1756 1518 1870 1553; x_wconf 88' lang='lat' dir='ltr'>Petrus</span> <span class='ocrx_word' id='word_1_582' title='bbox 1896 1518 2079 1554; x_wconf 87' lang='lat' dir='ltr'>Cardinalis</span> 
     </span>
     <span class='ocr_line' id='line_1_92' title="bbox 1197 1566 2083 1608; baseline 0.007 -11"><span class='ocrx_word' id='word_1_583' title='bbox 1197 1566 1370 1598; x_wconf 87' lang='lat' dir='ltr'>Diaconus</span> <span class='ocrx_word' id='word_1_584' title='bbox 1381 1566 1592 1608; x_wconf 84' lang='lat' dir='ltr'>Synodaliter</span> <span class='ocrx_word' id='word_1_585' title='bbox 1619 1568 1694 1601; x_wconf 77' lang='lat' dir='ltr'>ursit</span> <span class='ocrx_word' id='word_1_586' title='bbox 1705 1567 1745 1601; x_wconf 88' lang='lat' dir='ltr'>ad</span> <span class='ocrx_word' id='word_1_587' title='bbox 1757 1568 2019 1603; x_wconf 87' lang='lat' dir='ltr'>satisfaciendum</span> <span class='ocrx_word' id='word_1_588' title='bbox 2031 1580 2083 1602; x_wconf 86' lang='lat' dir='ltr'>ac·</span> 
     </span>
     <span class='ocr_line' id='line_1_93' title="bbox 1193 1615 2082 1664; baseline 0.003 -16"><span class='ocrx_word' id='word_1_589' title='bbox 1193 1615 1360 1649; x_wconf 84' lang='lat' dir='ltr'>cusatoriis</span> <span class='ocrx_word' id='word_1_590' title='bbox 1375 1615 1493 1650; x_wconf 89' lang='lat' dir='ltr'>libellis</span> <span class='ocrx_word' id='word_1_591' title='bbox 1507 1640 1517 1656; x_wconf 95' lang='lat'>,</span> <span class='ocrx_word' id='word_1_592' title='bbox 1544 1626 1640 1660; x_wconf 86' lang='lat' dir='ltr'>atque</span> <span class='ocrx_word' id='word_1_593' title='bbox 1661 1618 1705 1651; x_wconf 88' lang='lat' dir='ltr'>ita</span> <span class='ocrx_word' id='word_1_594' title='bbox 1719 1617 1774 1652; x_wconf 88' lang='lat' dir='ltr'>ille</span> <span class='ocrx_word' id='word_1_595' title='bbox 1794 1619 1949 1664; x_wconf 87' lang='lat' dir='ltr'>surgens,</span> <span class='ocrx_word' id='word_1_596' title='bbox 1975 1628 2011 1652; x_wconf 87' lang='lat' dir='ltr'>ut</span> <span class='ocrx_word' id='word_1_597' title='bbox 2022 1617 2082 1652; x_wconf 87' lang='lat' dir='ltr'>fibi</span> 
     </span>
     <span class='ocr_line' id='line_1_94' title="bbox 1195 1665 2082 1715; baseline 0.003 -16"><span class='ocrx_word' id='word_1_598' title='bbox 1195 1665 1389 1700; x_wconf 71' lang='lat' dir='ltr'>consiliandi</span> <span class='ocrx_word' id='word_1_599' title='bbox 1399 1665 1535 1699; x_wconf 86' lang='lat' dir='ltr'>facultas</span> <span class='ocrx_word' id='word_1_600' title='bbox 1546 1666 1782 1703; x_wconf 88' lang='lat' dir='ltr'>concederetur</span> <span class='ocrx_word' id='word_1_601' title='bbox 1791 1694 1802 1710; x_wconf 93' lang='lat'>‚</span> <span class='ocrx_word' id='word_1_602' title='bbox 1813 1670 1952 1713; x_wconf 82' lang='lat' dir='ltr'>expetiit</span> <span class='ocrx_word' id='word_1_603' title='bbox 1967 1694 1973 1700; x_wconf 95' lang='lat'>.</span> <span class='ocrx_word' id='word_1_604' title='bbox 2001 1669 2082 1715; x_wconf 85' lang='lat' dir='ltr'>Qa</span> 
     </span>
     <span class='ocr_line' id='line_1_95' title="bbox 1198 1715 2082 1759; baseline 0.003 -11"><span class='ocrx_word' id='word_1_605' title='bbox 1198 1716 1367 1758; x_wconf 82' lang='lat' dir='ltr'>impetrata</span> <span class='ocrx_word' id='word_1_606' title='bbox 1393 1740 1404 1756; x_wconf 89' lang='lat'>,</span> <span class='ocrx_word' id='word_1_607' title='bbox 1431 1715 1735 1752; x_wconf 81' lang='lat' dir='ltr'>vesontionensem</span> <span class='ocrx_word' id='word_1_608' title='bbox 1762 1742 1773 1758; x_wconf 89' lang='lat'>‚</span> <span class='ocrx_word' id='word_1_609' title='bbox 1799 1720 2082 1759; x_wconf 85' lang='lat' dir='ltr'>Sueffionensem‚</span> 
     </span>
     <span class='ocr_line' id='line_1_96' title="bbox 1197 1764 2084 1810; baseline 0.007 -13"><span class='ocrx_word' id='word_1_610' title='bbox 1197 1764 1467 1809; x_wconf 84' lang='lat' dir='ltr'>Andegavensem</span> <span class='ocrx_word' id='word_1_611' title='bbox 1479 1790 1489 1806; x_wconf 86' lang='lat'>‚</span> <span class='ocrx_word' id='word_1_612' title='bbox 1516 1766 1800 1809; x_wconf 73' lang='lat' dir='ltr'>Sylvanestensem</span> <span class='ocrx_word' id='word_1_613' title='bbox 1815 1794 1826 1810; x_wconf 95' lang='lat'>‚</span> <span class='ocrx_word' id='word_1_614' title='bbox 1852 1780 1890 1803; x_wconf 88' lang='lat' dir='ltr'>ac</span> <span class='ocrx_word' id='word_1_615' title='bbox 1908 1769 2084 1803; x_wconf 91' lang='lat' dir='ltr'>Morinen-</span> 
     </span>
     <span class='ocr_line' id='line_1_97' title="bbox 1198 1816 2083 1863; baseline 0.005 -15"><span class='ocrx_word' id='word_1_616' title='bbox 1198 1816 1261 1849; x_wconf 87' lang='lat' dir='ltr'>sem</span> <span class='ocrx_word' id='word_1_617' title='bbox 1272 1816 1451 1859; x_wconf 83' lang='lat' dir='ltr'>Episcopos</span> <span class='ocrx_word' id='word_1_618' title='bbox 1470 1828 1658 1851; x_wconf 86' lang='lat' dir='ltr'>convocans</span> <span class='ocrx_word' id='word_1_619' title='bbox 1669 1842 1680 1858; x_wconf 91' lang='lat'>‚</span> <span class='ocrx_word' id='word_1_620' title='bbox 1705 1830 1782 1853; x_wconf 88' lang='lat' dir='ltr'>cum</span> <span class='ocrx_word' id='word_1_621' title='bbox 1796 1819 1870 1863; x_wconf 79' lang='lat' dir='ltr'>ipsis</span> <span class='ocrx_word' id='word_1_622' title='bbox 1884 1818 1999 1853; x_wconf 88' lang='lat' dir='ltr'>habuit</span> <span class='ocrx_word' id='word_1_623' title='bbox 2010 1830 2083 1862; x_wconf 55' lang='lat' dir='ltr'>my*</span> 
     </span>
     <span class='ocr_line' id='line_1_98' title="bbox 1195 1865 2085 1912; baseline 0.002 -13"><span class='ocrx_word' id='word_1_624' title='bbox 1195 1865 1327 1900; x_wconf 86' lang='lat' dir='ltr'>sterium</span> <span class='ocrx_word' id='word_1_625' title='bbox 1340 1865 1468 1900; x_wconf 78' lang='lat' dir='ltr'>consilii</span> <span class='ocrx_word' id='word_1_626' title='bbox 1485 1867 1554 1907; x_wconf 87' lang='lat' dir='ltr'>sui,</span> <span class='ocrx_word' id='word_1_627' title='bbox 1580 1868 1724 1911; x_wconf 88' lang='lat' dir='ltr'>indeque</span> <span class='ocrx_word' id='word_1_628' title='bbox 1742 1870 1885 1903; x_wconf 87' lang='lat' dir='ltr'>reversus</span> <span class='ocrx_word' id='word_1_629' title='bbox 1897 1893 1907 1908; x_wconf 92' lang='lat'>,</span> <span class='ocrx_word' id='word_1_630' title='bbox 1935 1879 2085 1912; x_wconf 80' lang='lat' dir='ltr'>peroran-</span> 
     </span>
     <span class='ocr_line' id='line_1_99' title="bbox 1195 1915 2083 1963; baseline 0.003 -14"><span class='ocrx_word' id='word_1_631' title='bbox 1195 1915 1242 1950; x_wconf 80' lang='lat' dir='ltr'>dae</span> <span class='ocrx_word' id='word_1_632' title='bbox 1266 1917 1327 1950; x_wconf 87' lang='lat' dir='ltr'>suae</span> <span class='ocrx_word' id='word_1_633' title='bbox 1346 1917 1446 1948; x_wconf 78' lang='lat' dir='ltr'>causae</span> <span class='ocrx_word' id='word_1_634' title='bbox 1466 1918 1655 1951; x_wconf 86' lang='lat' dir='ltr'>facultatem</span> <span class='ocrx_word' id='word_1_635' title='bbox 1676 1918 1694 1950; x_wconf 75' lang='lat' dir='ltr'>a</span> <span class='ocrx_word' id='word_1_636' title='bbox 1721 1918 1873 1952; x_wconf 80' lang='lat' dir='ltr'>Domino</span> <span class='ocrx_word' id='word_1_637' title='bbox 1895 1918 1984 1963; x_wconf 88' lang='lat' dir='ltr'>Papa</span> <span class='ocrx_word' id='word_1_638' title='bbox 1995 1918 2083 1953; x_wconf 92' lang='lat' dir='ltr'>obti-</span> 
     </span>
     <span class='ocr_line' id='line_1_100' title="bbox 1197 1966 2082 2012; baseline 0.002 -12"><span class='ocrx_word' id='word_1_639' title='bbox 1197 1967 1268 2000; x_wconf 90' lang='lat' dir='ltr'>nuit</span> <span class='ocrx_word' id='word_1_640' title='bbox 1296 1991 1303 1999; x_wconf 89' lang='lat'><strong>.</strong></span> <span class='ocrx_word' id='word_1_641' title='bbox 1331 1966 1470 2011; x_wconf 86' lang='lat' dir='ltr'>Surgens</span> <span class='ocrx_word' id='word_1_642' title='bbox 1495 1975 1603 2000; x_wconf 88' lang='lat' dir='ltr'>autem</span> <span class='ocrx_word' id='word_1_643' title='bbox 1627 1967 1884 2009; x_wconf 70' lang='lat' dir='ltr'>Sylvanerstenfis</span> <span class='ocrx_word' id='word_1_644' title='bbox 1903 1968 2082 2012; x_wconf 84' lang='lat' dir='ltr'>Episcopus</span> 
     </span>
     <span class='ocr_line' id='line_1_101' title="bbox 1197 2015 2082 2060; baseline 0.002 -11"><span class='ocrx_word' id='word_1_645' title='bbox 1197 2016 1359 2059; x_wconf 87' lang='lat' dir='ltr'>respondit</span> <span class='ocrx_word' id='word_1_646' title='bbox 1387 2015 1634 2059; x_wconf 68' lang='lat' dir='ltr'>archiepiscopum</span> <span class='ocrx_word' id='word_1_647' title='bbox 1655 2028 1713 2050; x_wconf 82' lang='lat' dir='ltr'>non</span> <span class='ocrx_word' id='word_1_648' title='bbox 1739 2018 1791 2060; x_wconf 59' lang='lat' dir='ltr'>effia-</span> <span class='ocrx_word' id='word_1_649' title='bbox 1805 2029 1886 2051; x_wconf 86' lang='lat' dir='ltr'>reum</span> <span class='ocrx_word' id='word_1_650' title='bbox 1908 2020 2082 2051; x_wconf 75' lang='lat' dir='ltr'>Simoniacae</span> 
     </span>
     <span class='ocr_line' id='line_1_102' title="bbox 1195 2064 2083 2113; baseline 0.003 -15"><span class='ocrx_word' id='word_1_651' title='bbox 1195 2064 1316 2110; x_wconf 78' lang='lat' dir='ltr'>Haerefis</span> <span class='ocrx_word' id='word_1_652' title='bbox 1344 2092 1351 2099; x_wconf 91' lang='lat'>.</span> <span class='ocrx_word' id='word_1_653' title='bbox 1379 2066 1507 2101; x_wconf 76' lang='lat' dir='ltr'>Verum</span> <span class='ocrx_word' id='word_1_654' title='bbox 1529 2066 1590 2101; x_wconf 87' lang='lat' dir='ltr'>hac</span> <span class='ocrx_word' id='word_1_655' title='bbox 1614 2065 1786 2113; x_wconf 86' lang='lat' dir='ltr'>Apologia</span> <span class='ocrx_word' id='word_1_656' title='bbox 1809 2079 1879 2102; x_wconf 90' lang='lat' dir='ltr'>non</span> <span class='ocrx_word' id='word_1_657' title='bbox 1904 2077 2083 2103; x_wconf 86' lang='lat' dir='ltr'>contentus</span> 
     </span>
     <span class='ocr_line' id='line_1_103' title="bbox 1199 2116 2085 2160; baseline 0.005 -10"><span class='ocrx_word' id='word_1_658' title='bbox 1199 2116 1352 2151; x_wconf 86' lang='lat' dir='ltr'>Pontifex</span> <span class='ocrx_word' id='word_1_659' title='bbox 1365 2127 1419 2160; x_wconf 90' lang='lat' dir='ltr'>per</span> <span class='ocrx_word' id='word_1_660' title='bbox 1432 2117 1535 2160; x_wconf 88' lang='lat' dir='ltr'>ipsum</span> <span class='ocrx_word' id='word_1_661' title='bbox 1547 2117 1739 2151; x_wconf 87' lang='lat' dir='ltr'>Guidonem</span> <span class='ocrx_word' id='word_1_662' title='bbox 1753 2117 1828 2152; x_wconf 86' lang='lat' dir='ltr'>addi</span> <span class='ocrx_word' id='word_1_663' title='bbox 1854 2117 1958 2153; x_wconf 89' lang='lat' dir='ltr'>voluit</span> <span class='ocrx_word' id='word_1_664' title='bbox 1969 2119 2085 2154; x_wconf 86' lang='lat' dir='ltr'>solem-</span> 
     </span>
     <span class='ocr_line' id='line_1_104' title="bbox 1197 2166 2082 2212; baseline 0.005 -12"><span class='ocrx_word' id='word_1_665' title='bbox 1197 2166 1249 2200; x_wconf 85' lang='lat' dir='ltr'>nia</span> <span class='ocrx_word' id='word_1_666' title='bbox 1273 2167 1305 2200; x_wconf 90' lang='lat'>&amp;</span> <span class='ocrx_word' id='word_1_667' title='bbox 1329 2166 1514 2210; x_wconf 85' lang='lat' dir='ltr'>corporalia</span> <span class='ocrx_word' id='word_1_668' title='bbox 1534 2168 1742 2201; x_wconf 85' lang='lat' dir='ltr'>Sacramenta</span> <span class='ocrx_word' id='word_1_669' title='bbox 1767 2191 1778 2207; x_wconf 92' lang='lat'>,</span> <span class='ocrx_word' id='word_1_670' title='bbox 1805 2166 1923 2212; x_wconf 89' lang='lat' dir='ltr'>quibus</span> <span class='ocrx_word' id='word_1_671' title='bbox 1941 2168 2025 2204; x_wconf 88' lang='lat' dir='ltr'>olim</span> <span class='ocrx_word' id='word_1_672' title='bbox 2045 2169 2082 2204; x_wconf 85' lang='lat' dir='ltr'>in</span> 
     </span>
     <span class='ocr_line' id='line_1_105' title="bbox 1195 2216 2082 2253; baseline 0.005 -4"><span class='ocrx_word' id='word_1_673' title='bbox 1195 2216 1287 2249; x_wconf 73' lang='lat' dir='ltr'>simili</span> <span class='ocrx_word' id='word_1_674' title='bbox 1314 2218 1408 2250; x_wconf 85' lang='lat' dir='ltr'>causa</span> <span class='ocrx_word' id='word_1_675' title='bbox 1430 2216 1599 2252; x_wconf 84' lang='lat' dir='ltr'>Maximus</span> <span class='ocrx_word' id='word_1_676' title='bbox 1621 2217 1832 2252; x_wconf 85' lang='lat' dir='ltr'>Salonitanus</span> <span class='ocrx_word' id='word_1_677' title='bbox 1855 2218 1890 2251; x_wconf 91' lang='lat' dir='ltr'>in</span> <span class='ocrx_word' id='word_1_678' title='bbox 1913 2217 2082 2253; x_wconf 86' lang='lat' dir='ltr'>Dalmatia</span> 
     </span>
     <span class='ocr_line' id='line_1_106' title="bbox 1197 2264 2084 2310; baseline 0.003 -10"><span class='ocrx_word' id='word_1_679' title='bbox 1197 2264 1476 2310; x_wconf 84' lang='lat' dir='ltr'>Archiepiscopus</span> <span class='ocrx_word' id='word_1_680' title='bbox 1497 2267 1740 2302; x_wconf 76' lang='lat' dir='ltr'>seseRavennae</span> <span class='ocrx_word' id='word_1_681' title='bbox 1759 2279 1870 2302; x_wconf 89' lang='lat' dir='ltr'>coram</span> <span class='ocrx_word' id='word_1_682' title='bbox 1882 2268 1990 2302; x_wconf 67' lang='lat' dir='ltr'>Sansti</span> <span class='ocrx_word' id='word_1_683' title='bbox 2002 2268 2084 2304; x_wconf 87' lang='lat' dir='ltr'>Gre-</span> 
     </span>
     <span class='ocr_line' id='line_1_107' title="bbox 1195 2316 2084 2363; baseline 0.003 -13"><span class='ocrx_word' id='word_1_684' title='bbox 1195 2317 1281 2361; x_wconf 90' lang='lat' dir='ltr'>gorii</span> <span class='ocrx_word' id='word_1_685' title='bbox 1292 2316 1413 2361; x_wconf 86' lang='lat' dir='ltr'>Magni</span> <span class='ocrx_word' id='word_1_686' title='bbox 1438 2316 1570 2360; x_wconf 89' lang='lat' dir='ltr'>Legatis</span> <span class='ocrx_word' id='word_1_687' title='bbox 1595 2328 1805 2363; x_wconf 87' lang='lat' dir='ltr'>expurgarat.</span> <span class='ocrx_word' id='word_1_688' title='bbox 1834 2318 1882 2352; x_wconf 88' lang='lat' dir='ltr'>Ea</span> <span class='ocrx_word' id='word_1_689' title='bbox 1894 2318 2009 2353; x_wconf 89' lang='lat' dir='ltr'>Guido</span> <span class='ocrx_word' id='word_1_690' title='bbox 2030 2319 2084 2353; x_wconf 87' lang='lat' dir='ltr'>ad-</span> 
     </span>
     <span class='ocr_line' id='line_1_108' title="bbox 1197 2366 2083 2413; baseline 0.003 -13"><span class='ocrx_word' id='word_1_691' title='bbox 1197 2366 1281 2400; x_wconf 86' lang='lat' dir='ltr'>dixit</span> <span class='ocrx_word' id='word_1_692' title='bbox 1297 2391 1308 2407; x_wconf 90' lang='lat'>,</span> <span class='ocrx_word' id='word_1_693' title='bbox 1334 2367 1386 2400; x_wconf 91' lang='lat' dir='ltr'>sed</span> <span class='ocrx_word' id='word_1_694' title='bbox 1417 2366 1528 2400; x_wconf 87' lang='lat' dir='ltr'>denuo</span> <span class='ocrx_word' id='word_1_695' title='bbox 1549 2366 1697 2401; x_wconf 81' lang='lat' dir='ltr'>inducias</span> <span class='ocrx_word' id='word_1_696' title='bbox 1719 2368 1834 2412; x_wconf 86' lang='lat' dir='ltr'>petiit,</span> <span class='ocrx_word' id='word_1_697' title='bbox 1860 2368 1877 2400; x_wconf 76' lang='lat' dir='ltr'>a</span> <span class='ocrx_word' id='word_1_698' title='bbox 1902 2380 1952 2402; x_wconf 88' lang='lat' dir='ltr'>rea</span> <span class='ocrx_word' id='word_1_699' title='bbox 1975 2369 2083 2413; x_wconf 89' lang='lat' dir='ltr'>palam</span> 
     </span>
     <span class='ocr_line' id='line_1_109' title="bbox 1198 2416 2083 2453; baseline 0.003 -3"><span class='ocrx_word' id='word_1_700' title='bbox 1198 2417 1399 2451; x_wconf 87' lang='lat' dir='ltr'>conscientia</span> <span class='ocrx_word' id='word_1_701' title='bbox 1414 2416 1664 2451; x_wconf 64' lang='lat' dir='ltr'>circumcinetus</span> <span class='ocrx_word' id='word_1_702' title='bbox 1678 2443 1683 2449; x_wconf 95' lang='lat'>.</span> <span class='ocrx_word' id='word_1_703' title='bbox 1699 2418 1762 2451; x_wconf 86' lang='lat' dir='ltr'>Eas</span> <span class='ocrx_word' id='word_1_704' title='bbox 1778 2418 1909 2452; x_wconf 86' lang='lat' dir='ltr'>interim</span> <span class='ocrx_word' id='word_1_705' title='bbox 1924 2418 2083 2453; x_wconf 88' lang='lat' dir='ltr'>Pontifex</span> 
     </span>
     <span class='ocr_line' id='line_1_110' title="bbox 1203 2465 2084 2513; baseline 0.005 -14"><span class='ocrx_word' id='word_1_706' title='bbox 1203 2466 1357 2508; x_wconf 85' lang='lat' dir='ltr'>indulfit,</span> <span class='ocrx_word' id='word_1_707' title='bbox 1383 2465 1661 2502; x_wconf 87' lang='lat' dir='ltr'>mandansutsuae</span> <span class='ocrx_word' id='word_1_708' title='bbox 1682 2468 1861 2509; x_wconf 74' lang='lat' dir='ltr'>Romanae,</span> <span class='ocrx_word' id='word_1_709' title='bbox 1888 2469 1929 2503; x_wconf 79' lang='lat' dir='ltr'>ad</span> <span class='ocrx_word' id='word_1_710' title='bbox 1940 2469 2084 2513; x_wconf 85' lang='lat' dir='ltr'>proximi</span> 
     </span>
     <span class='ocr_line' id='line_1_111' title="bbox 1203 2516 2081 2560; baseline 0.003 -10"><span class='ocrx_word' id='word_1_711' title='bbox 1203 2516 1327 2560; x_wconf 85' lang='lat' dir='ltr'>Aprilis</span> <span class='ocrx_word' id='word_1_712' title='bbox 1344 2516 1491 2551; x_wconf 89' lang='lat' dir='ltr'>medium</span> <span class='ocrx_word' id='word_1_713' title='bbox 1523 2516 1720 2551; x_wconf 80' lang='lat' dir='ltr'>celebrandae</span> <span class='ocrx_word' id='word_1_714' title='bbox 1744 2542 1756 2558; x_wconf 94' lang='lat'>‚</span> <span class='ocrx_word' id='word_1_715' title='bbox 1782 2516 1919 2560; x_wconf 87' lang='lat' dir='ltr'>synodo</span> <span class='ocrx_word' id='word_1_716' title='bbox 1940 2517 2081 2559; x_wconf 87' lang='lat' dir='ltr'>adesset,</span> 
     </span>
     <span class='ocr_line' id='line_1_112' title="bbox 1201 2565 2083 2610; baseline 0.005 -11"><span class='ocrx_word' id='word_1_717' title='bbox 1201 2577 1298 2610; x_wconf 87' lang='lat' dir='ltr'>atque</span> <span class='ocrx_word' id='word_1_718' title='bbox 1318 2566 1390 2601; x_wconf 89' lang='lat' dir='ltr'>istic</span> <span class='ocrx_word' id='word_1_719' title='bbox 1415 2567 1446 2599; x_wconf 87' lang='lat' dir='ltr'>se</span> <span class='ocrx_word' id='word_1_720' title='bbox 1472 2565 1566 2610; x_wconf 74' lang='lat' dir='ltr'>plene</span> <span class='ocrx_word' id='word_1_721' title='bbox 1587 2567 1795 2602; x_wconf 86' lang='lat' dir='ltr'>emundaret.</span> <span class='ocrx_word' id='word_1_722' title='bbox 1822 2567 1866 2601; x_wconf 89' lang='lat' dir='ltr'>Et</span> <span class='ocrx_word' id='word_1_723' title='bbox 1887 2566 1972 2602; x_wconf 88' lang='lat' dir='ltr'>haud</span> <span class='ocrx_word' id='word_1_724' title='bbox 1983 2567 2083 2603; x_wconf 68' lang='lat' dir='ltr'>dubie</span> 
     </span>
     <span class='ocr_line' id='line_1_113' title="bbox 1201 2616 2081 2666; baseline 0.003 -17"><span class='ocrx_word' id='word_1_725' title='bbox 1201 2617 1315 2651; x_wconf 88' lang='lat' dir='ltr'>Guido</span> <span class='ocrx_word' id='word_1_726' title='bbox 1338 2616 1456 2651; x_wconf 82' lang='lat' dir='ltr'>Romae</span> <span class='ocrx_word' id='word_1_727' title='bbox 1473 2618 1676 2660; x_wconf 87' lang='lat' dir='ltr'>comparuit.</span> <span class='ocrx_word' id='word_1_728' title='bbox 1703 2618 1797 2666; x_wconf 85' lang='lat' dir='ltr'>Qid</span> <span class='ocrx_word' id='word_1_729' title='bbox 1823 2628 1930 2652; x_wconf 90' lang='lat' dir='ltr'>autem</span> <span class='ocrx_word' id='word_1_730' title='bbox 1951 2619 2020 2652; x_wconf 86' lang='lat' dir='ltr'>illic</span> <span class='ocrx_word' id='word_1_731' title='bbox 2040 2619 2081 2652; x_wconf 87' lang='lat' dir='ltr'>ab</span> 
     </span>
     <span class='ocr_line' id='line_1_114' title="bbox 1199 2666 2081 2712; baseline 0.001 -12"><span class='ocrx_word' id='word_1_732' title='bbox 1199 2667 1271 2711; x_wconf 87' lang='lat' dir='ltr'>ipso</span> <span class='ocrx_word' id='word_1_733' title='bbox 1296 2666 1346 2701; x_wconf 91' lang='lat' dir='ltr'>vel</span> <span class='ocrx_word' id='word_1_734' title='bbox 1368 2666 1410 2701; x_wconf 89' lang='lat' dir='ltr'>de</span> <span class='ocrx_word' id='word_1_735' title='bbox 1423 2667 1494 2710; x_wconf 90' lang='lat' dir='ltr'>ipso</span> <span class='ocrx_word' id='word_1_736' title='bbox 1515 2669 1621 2701; x_wconf 72' lang='lat' dir='ltr'>astum</span> <span class='ocrx_word' id='word_1_737' title='bbox 1643 2668 1702 2708; x_wconf 85' lang='lat' dir='ltr'>fit,</span> <span class='ocrx_word' id='word_1_738' title='bbox 1730 2670 1938 2712; x_wconf 76' lang='lat' dir='ltr'>ignoramus.</span> <span class='ocrx_word' id='word_1_739' title='bbox 1966 2668 2081 2701; x_wconf 89' lang='lat' dir='ltr'>Rediit</span> 
     </span>
     <span class='ocr_line' id='line_1_115' title="bbox 1202 2717 2081 2761; baseline 0.001 -11"><span class='ocrx_word' id='word_1_740' title='bbox 1202 2717 1369 2750; x_wconf 82' lang='lat' dir='ltr'>restitutus</span> <span class='ocrx_word' id='word_1_741' title='bbox 1397 2717 1432 2750; x_wconf 89' lang='lat' dir='ltr'>in</span> <span class='ocrx_word' id='word_1_742' title='bbox 1459 2717 1621 2761; x_wconf 84' lang='lat' dir='ltr'>integrum</span> <span class='ocrx_word' id='word_1_743' title='bbox 1650 2741 1660 2757; x_wconf 93' lang='lat'>,</span> <span class='ocrx_word' id='word_1_744' title='bbox 1688 2718 1722 2752; x_wconf 74' lang='grc' dir='ltr'>δε</span> <span class='ocrx_word' id='word_1_745' title='bbox 1748 2718 1942 2751; x_wconf 88' lang='lat' dir='ltr'>Remensem</span> <span class='ocrx_word' id='word_1_746' title='bbox 1967 2717 2081 2751; x_wconf 87' lang='lat' dir='ltr'>Eccle-</span> 
     </span>
     <span class='ocr_line' id='line_1_116' title="bbox 1199 2766 2080 2809; baseline 0.002 -10"><span class='ocrx_word' id='word_1_747' title='bbox 1199 2767 1274 2800; x_wconf 81' lang='lat' dir='ltr'>siam</span> <span class='ocrx_word' id='word_1_748' title='bbox 1313 2767 1413 2809; x_wconf 87' lang='lat' dir='ltr'>usque</span> <span class='ocrx_word' id='word_1_749' title='bbox 1449 2766 1489 2799; x_wconf 89' lang='lat' dir='ltr'>ad</span> <span class='ocrx_word' id='word_1_750' title='bbox 1522 2766 1681 2801; x_wconf 87' lang='lat' dir='ltr'>currentis</span> <span class='ocrx_word' id='word_1_751' title='bbox 1711 2777 1790 2801; x_wconf 88' lang='lat' dir='ltr'>tunc</span> <span class='ocrx_word' id='word_1_752' title='bbox 1822 2766 1926 2800; x_wconf 80' lang='lat' dir='ltr'>saeculi</span> <span class='ocrx_word' id='word_1_753' title='bbox 1955 2777 2080 2801; x_wconf 83' lang='lat' dir='ltr'>annum</span> 
     </span>
     <span class='ocr_line' id='line_1_117' title="bbox 1199 2816 2080 2862; baseline 0.001 -13"><span class='ocrx_word' id='word_1_754' title='bbox 1199 2816 1503 2862; x_wconf 83' lang='lat' dir='ltr'>quinquagesimum</span> <span class='ocrx_word' id='word_1_755' title='bbox 1551 2817 1706 2859; x_wconf 89' lang='lat' dir='ltr'>quintum</span> <span class='ocrx_word' id='word_1_756' title='bbox 1739 2841 1749 2857; x_wconf 87' lang='lat'>,</span> <span class='ocrx_word' id='word_1_757' title='bbox 1785 2827 1933 2851; x_wconf 88' lang='lat' dir='ltr'>mortuus</span> <span class='ocrx_word' id='word_1_758' title='bbox 1970 2817 2080 2851; x_wconf 87' lang='lat' dir='ltr'>mense</span> 
     </span>
     <span class='ocr_line' id='line_1_118' title="bbox 1198 2865 2079 2906; baseline 0.001 -6"><span class='ocrx_word' id='word_1_759' title='bbox 1198 2866 1346 2906; x_wconf 90' lang='lat' dir='ltr'>Martio,</span> <span class='ocrx_word' id='word_1_760' title='bbox 1372 2865 1632 2900; x_wconf 86' lang='lat' dir='ltr'>administravit.</span> <span class='ocrx_word' id='word_1_761' title='bbox 1662 2867 1739 2900; x_wconf 88' lang='lat' dir='ltr'>Erat</span> <span class='ocrx_word' id='word_1_762' title='bbox 1763 2866 1906 2901; x_wconf 85' lang='lat' dir='ltr'>Gervafii</span> <span class='ocrx_word' id='word_1_763' title='bbox 1938 2865 2079 2901; x_wconf 61' lang='lat' dir='ltr'>Remenv</span> 
     </span>
     <span class='ocr_line' id='line_1_119' title="bbox 1198 2915 2080 2956; baseline 0.001 -6"><span class='ocrx_word' id='word_1_764' title='bbox 1198 2917 1237 2950; x_wconf 87' lang='lat' dir='ltr'>fis</span> <span class='ocrx_word' id='word_1_765' title='bbox 1250 2915 1476 2951; x_wconf 84' lang='lat' dir='ltr'>vice—domini</span> <span class='ocrx_word' id='word_1_766' title='bbox 1488 2940 1502 2956; x_wconf 84' lang='lat'>.‚</span> <span class='ocrx_word' id='word_1_767' title='bbox 1524 2916 1557 2950; x_wconf 77' lang='grc' dir='ltr'>δ(</span> <span class='ocrx_word' id='word_1_768' title='bbox 1569 2916 1710 2950; x_wconf 87' lang='lat' dir='ltr'>Milonis</span> <span class='ocrx_word' id='word_1_769' title='bbox 1733 2916 1996 2952; x_wconf 77' lang='lat' dir='ltr'>Castellionenlis</span> <span class='ocrx_word' id='word_1_770' title='bbox 2008 2917 2080 2951; x_wconf 83' lang='lat' dir='ltr'>Do·</span> 
     </span>
     <span class='ocr_line' id='line_1_120' title="bbox 1198 2965 2079 3011; baseline 0.001 -11"><span class='ocrx_word' id='word_1_771' title='bbox 1198 2968 1279 3000; x_wconf 89' lang='lat' dir='ltr'>mini</span> <span class='ocrx_word' id='word_1_772' title='bbox 1304 2977 1477 3011; x_wconf 90' lang='lat' dir='ltr'>germanus</span> <span class='ocrx_word' id='word_1_773' title='bbox 1487 2966 1605 3008; x_wconf 88' lang='lat' dir='ltr'>frater,</span> <span class='ocrx_word' id='word_1_774' title='bbox 1633 2966 1773 3008; x_wconf 89' lang='lat' dir='ltr'>ideoque</span> <span class='ocrx_word' id='word_1_775' title='bbox 1794 2965 1984 3004; x_wconf 84' lang='lat' dir='ltr'>crediderim</span> <span class='ocrx_word' id='word_1_776' title='bbox 1997 2966 2079 3001; x_wconf 86' lang='lat' dir='ltr'>Leo·</span> 
     </span>
     <span class='ocr_line' id='line_1_121' title="bbox 1200 3015 2077 3061; baseline 0.002 -12"><span class='ocrx_word' id='word_1_777' title='bbox 1200 3027 1275 3050; x_wconf 88' lang='lat' dir='ltr'>nem</span> <span class='ocrx_word' id='word_1_778' title='bbox 1302 3017 1503 3051; x_wconf 84' lang='lat' dir='ltr'>Pontificem</span> <span class='ocrx_word' id='word_1_779' title='bbox 1530 3017 1760 3060; x_wconf 80' lang='lat' dir='ltr'>dispensatoria</span> <span class='ocrx_word' id='word_1_780' title='bbox 1785 3016 1820 3048; x_wconf 92' lang='lat' dir='ltr'>in</span> <span class='ocrx_word' id='word_1_781' title='bbox 1842 3015 1948 3058; x_wconf 88' lang='lat' dir='ltr'>ipsum</span> <span class='ocrx_word' id='word_1_782' title='bbox 1974 3015 2077 3061; x_wconf 81' lang='lat' dir='ltr'>gratia</span> 
     </span>
     <span class='ocr_line' id='line_1_122' title="bbox 1198 3064 1428 3099; baseline -0.004 0"><span class='ocrx_word' id='word_1_783' title='bbox 1198 3064 1291 3099; x_wconf 71' lang='lat' dir='ltr'>fuisse</span> <span class='ocrx_word' id='word_1_784' title='bbox 1315 3066 1428 3098; x_wconf 88' lang='lat' dir='ltr'>usum.</span> 
     </span>
    </p>

    <p class='ocr_par' dir='ltr' id='par_1_12' title="bbox 1193 3111 2079 3507">
     <span class='ocr_line' id='line_1_123' title="bbox 1250 3111 2076 3158; baseline 0.001 -10"><span class='ocrx_word' id='word_1_785' title='bbox 1250 3114 1382 3148; x_wconf 83' lang='lat' dir='ltr'>Exinde</span> <span class='ocrx_word' id='word_1_786' title='bbox 1401 3111 1493 3156; x_wconf 81' lang='lat' dir='ltr'>super</span> <span class='ocrx_word' id='word_1_787' title='bbox 1511 3113 1643 3146; x_wconf 73' lang='lat' dir='ltr'>AbbatIa</span> <span class='ocrx_word' id='word_1_788' title='bbox 1663 3114 1806 3156; x_wconf 77' lang='lat' dir='ltr'>Deruenfi</span> <span class='ocrx_word' id='word_1_789' title='bbox 1823 3117 1963 3149; x_wconf 82' lang='lat' dir='ltr'>Dominus</span> <span class='ocrx_word' id='word_1_790' title='bbox 1987 3119 2076 3158; x_wconf 74' lang='lat' dir='ltr'>Papa</span> 
     </span>
     <span class='ocr_line' id='line_1_124' title="bbox 1198 3162 2079 3208; baseline 0.001 -10"><span class='ocrx_word' id='word_1_791' title='bbox 1198 3163 1364 3206; x_wconf 80' lang='lat' dir='ltr'>conquestus</span> <span class='ocrx_word' id='word_1_792' title='bbox 1377 3162 1414 3202; x_wconf 74' lang='lat' dir='ltr'>est</span> <span class='ocrx_word' id='word_1_793' title='bbox 1424 3188 1435 3203; x_wconf 89' lang='lat'>,</span> <span class='ocrx_word' id='word_1_794' title='bbox 1460 3175 1527 3205; x_wconf 82' lang='lat' dir='ltr'>quae</span> <span class='ocrx_word' id='word_1_795' title='bbox 1546 3163 1818 3206; x_wconf 66' lang='lat' dir='ltr'>dTullenfifuerat</span> <span class='ocrx_word' id='word_1_796' title='bbox 1833 3163 1990 3208; x_wconf 74' lang='lat' dir='ltr'>subtrac‘la</span> <span class='ocrx_word' id='word_1_797' title='bbox 1999 3170 2079 3208; x_wconf 80' lang='lat' dir='ltr'>Epi·</span> 
     </span>
     <span class='ocr_line' id='line_1_125' title="bbox 1193 3212 2078 3258; baseline 0.002 -11"><span class='ocrx_word' id='word_1_798' title='bbox 1193 3213 1277 3258; x_wconf 77' lang='lat' dir='ltr'>scopo</span> <span class='ocrx_word' id='word_1_799' title='bbox 1288 3238 1297 3253; x_wconf 93' lang='lat'>,</span> <span class='ocrx_word' id='word_1_800' title='bbox 1324 3214 1357 3247; x_wconf 73' lang='lat'>&amp;¹</span> <span class='ocrx_word' id='word_1_801' title='bbox 1369 3212 1446 3246; x_wconf 78' lang='lat' dir='ltr'>banc</span> <span class='ocrx_word' id='word_1_802' title='bbox 1465 3215 1509 3246; x_wconf 82' lang='lat' dir='ltr'>ad</span> <span class='ocrx_word' id='word_1_803' title='bbox 1525 3213 1610 3255; x_wconf 76' lang='lat' dir='ltr'>ipfius</span> <span class='ocrx_word' id='word_1_804' title='bbox 1618 3219 1767 3255; x_wconf 75' lang='lat' dir='ltr'>pertinere</span> <span class='ocrx_word' id='word_1_805' title='bbox 1794 3214 1927 3257; x_wconf 78' lang='lat' dir='ltr'>Ecclessae</span> <span class='ocrx_word' id='word_1_806' title='bbox 1950 3216 2021 3258; x_wconf 67' lang='lat' dir='ltr'>poffie</span> <span class='ocrx_word' id='word_1_807' title='bbox 2040 3229 2078 3249; x_wconf 83' lang='lat' dir='ltr'>m-</span> 
     </span>
     <span class='ocr_line' id='line_1_126' title="bbox 1199 3263 2077 3307; baseline 0.003 -11"><span class='ocrx_word' id='word_1_808' title='bbox 1199 3276 1275 3302; x_wconf 90' lang='lat' dir='ltr'>nem,</span> <span class='ocrx_word' id='word_1_809' title='bbox 1283 3272 1337 3304; x_wconf 85' lang='lat' dir='ltr'>per</span> <span class='ocrx_word' id='word_1_810' title='bbox 1345 3263 1581 3306; x_wconf 68' lang='lat' dir='ltr'>privilegiorum,</span> <span class='ocrx_word' id='word_1_811' title='bbox 1594 3275 1660 3306; x_wconf 82' lang='lat' dir='ltr'>quae</span> <span class='ocrx_word' id='word_1_812' title='bbox 1672 3266 1742 3297; x_wconf 80' lang='lat' dir='ltr'>inde</span> <span class='ocrx_word' id='word_1_813' title='bbox 1751 3264 1891 3307; x_wconf 78' lang='lat' dir='ltr'>babebat,</span> <span class='ocrx_word' id='word_1_814' title='bbox 1902 3266 2077 3305; x_wconf 80' lang='lat' dir='ltr'>demonstra-</span> 
     </span>
     <span class='ocr_line' id='line_1_127' title="bbox 1199 3314 2078 3357; baseline 0.003 -12"><span class='ocrx_word' id='word_1_815' title='bbox 1199 3320 1247 3348; x_wconf 74' lang='lat' dir='ltr'>vit</span> <span class='ocrx_word' id='word_1_816' title='bbox 1272 3318 1470 3346; x_wconf 76' lang='lat' dir='ltr'>recitationem</span> <span class='ocrx_word' id='word_1_817' title='bbox 1482 3338 1489 3347; x_wconf 84' lang='lat'>.</span> <span class='ocrx_word' id='word_1_818' title='bbox 1519 3317 1561 3346; x_wconf 62' lang='lat' dir='ltr'>E‘</span> <span class='ocrx_word' id='word_1_819' title='bbox 1576 3323 1679 3347; x_wconf 81' lang='lat' dir='ltr'>contra</span> <span class='ocrx_word' id='word_1_820' title='bbox 1689 3314 1829 3356; x_wconf 81' lang='lat' dir='ltr'>Remenfis</span> <span class='ocrx_word' id='word_1_821' title='bbox 1842 3315 2078 3357; x_wconf 63' lang='lat' dir='ltr'>Archiepfscopus</span> 
     </span>
     <span class='ocr_line' id='line_1_128' title="bbox 1201 3363 2078 3407; baseline 0.003 -11"><span class='ocrx_word' id='word_1_822' title='bbox 1201 3363 1361 3396; x_wconf 75' lang='lat' dir='ltr'>Abbatiam</span> <span class='ocrx_word' id='word_1_823' title='bbox 1384 3364 1535 3405; x_wconf 74' lang='lat' dir='ltr'>refpondit</span> <span class='ocrx_word' id='word_1_824' title='bbox 1550 3363 1601 3406; x_wconf 85' lang='lat' dir='ltr'>sui</span> <span class='ocrx_word' id='word_1_825' title='bbox 1606 3370 1706 3406; x_wconf 80' lang='lat' dir='ltr'>potius</span> <span class='ocrx_word' id='word_1_826' title='bbox 1722 3366 1804 3405; x_wconf 77' lang='lat' dir='ltr'>juris</span> <span class='ocrx_word' id='word_1_827' title='bbox 1817 3366 1867 3407; x_wconf 76' lang='lat' dir='ltr'>effe</span> <span class='ocrx_word' id='word_1_828' title='bbox 1881 3391 1889 3404; x_wconf 90' lang='lat'>‚</span> <span class='ocrx_word' id='word_1_829' title='bbox 1918 3366 2010 3398; x_wconf 68' lang='lat' dir='ltr'>&amp;hoc</span> <span class='ocrx_word' id='word_1_830' title='bbox 2023 3376 2078 3396; x_wconf 73' lang='lat' dir='ltr'>an-</span> 
     </span>
     <span class='ocr_line' id='line_1_129' title="bbox 1200 3411 2079 3458; baseline 0.005 -12"><span class='ocrx_word' id='word_1_831' title='bbox 1200 3411 1377 3456; x_wconf 78' lang='lat' dir='ltr'>tiquioribus</span> <span class='ocrx_word' id='word_1_832' title='bbox 1387 3414 1556 3456; x_wconf 74' lang='lat' dir='ltr'>privilegiis</span> <span class='ocrx_word' id='word_1_833' title='bbox 1570 3417 1600 3446; x_wconf 89' lang='lat' dir='ltr'>E</span> <span class='ocrx_word' id='word_1_834' title='bbox 1602 3413 1704 3454; x_wconf 78' lang='lat' dir='ltr'>cclelt‘ae</span> <span class='ocrx_word' id='word_1_835' title='bbox 1723 3413 1788 3457; x_wconf 85' lang='lat' dir='ltr'>suae</span> <span class='ocrx_word' id='word_1_836' title='bbox 1800 3415 1833 3458; x_wconf 80' lang='lat' dir='ltr'>se</span> <span class='ocrx_word' id='word_1_837' title='bbox 1846 3415 1987 3454; x_wconf 51' lang='lat' dir='ltr'>testim-‘rt‘</span> <span class='ocrx_word' id='word_1_838' title='bbox 1998 3415 2079 3446; x_wconf 53' lang='lat' dir='ltr'>vala-</span> 
     </span>
     <span class='ocr_line' id='line_1_130' title="bbox 1199 3463 2078 3507; baseline -0.002 -10"><span class='ocrx_word' id='word_1_839' title='bbox 1199 3475 1247 3500; x_wconf 84' lang='lat' dir='ltr'>re.</span> <span class='ocrx_word' id='word_1_840' title='bbox 1282 3465 1368 3506; x_wconf 81' lang='lat' dir='ltr'>Papa</span> <span class='ocrx_word' id='word_1_841' title='bbox 1391 3466 1484 3505; x_wconf 74' lang='lat' dir='ltr'>veni,</span> <span class='ocrx_word' id='word_1_842' title='bbox 1507 3468 1575 3506; x_wconf 75' lang='lat' dir='ltr'>quia</span> <span class='ocrx_word' id='word_1_843' title='bbox 1597 3470 1628 3496; x_wconf 82' lang='lat' dir='ltr'>in</span> <span class='ocrx_word' id='word_1_844' title='bbox 1635 3463 1780 3507; x_wconf 79' lang='lat' dir='ltr'>praesenti</span> <span class='ocrx_word' id='word_1_845' title='bbox 1803 3476 1860 3498; x_wconf 86' lang='lat' dir='ltr'>non</span> <span class='ocrx_word' id='word_1_846' title='bbox 1872 3474 1958 3497; x_wconf 62' lang='lat' dir='ltr'>cram</span> <span class='ocrx_word' id='word_1_847' title='bbox 1976 3465 2078 3496; x_wconf 58' lang='lat' dir='ltr'>inflent</span> 
     </span>
    </p>
   </div>
   <div class='ocr_carea' id='block_1_11' title="bbox 1548 3510 2028 3560">
    <p class='ocr_par' dir='ltr' id='par_1_13' title="bbox 1548 3510 2028 3560">
     <span class='ocr_line' id='line_1_131' title="bbox 1548 3510 2028 3560; baseline -0.013 -10"><span class='ocrx_word' id='word_1_848' title='bbox 1548 3515 1582 3549; x_wconf 87' lang='lat' dir='ltr'><strong>D</strong></span> <span class='ocrx_word' id='word_1_849' title='bbox 1610 3514 1631 3550; x_wconf 91' lang='lat' dir='ltr'>d</span> <span class='ocrx_word' id='word_1_850' title='bbox 1680 3525 1703 3554; x_wconf 88' lang='lat'><em>2</em></span> <span class='ocrx_word' id='word_1_851' title='bbox 1896 3510 2008 3560; x_wconf 72' lang='lat' dir='ltr'>scripta</span> <span class='ocrx_word' id='word_1_852' title='bbox 2018 3536 2028 3553; x_wconf 84' lang='grc'>,</span> 
     </span>
    </p>
   </div>
  </div>
 </body>
</html>
