2352 3736
347 150 402 181 DE
437 134 704 178 LArmoRuM
739 132 1045 176 EPISCOPORUM
1077 145 1126 173 ET
1163 130 1455 175 Ctzmcorwm
1491 145 1813 177 εοΝτιΝεΝτῙΑ.

206 219 309 256 solum
319 220 505 265 Presbyteri
524 229 622 263 atque
633 217 776 252 Diaconi
794 241 805 256 ,
829 215 883 251 sed
906 217 941 250 δε
954 214 1084 257 Episco-

205 271 238 313 pi
248 269 469 316 deposuerunt
480 270 646 304 Castitatis
661 266 888 312 professionem
898 289 909 305 ,
935 264 968 298 ἀ
980 263 1085 307 publi-

38 337 128 369 ΗΜ,
138 339 190 376 Ep,
205 330 243 354 επ
256 322 466 357 matrimonia
478 328 677 355 attentarunt
691 342 699 349 .
726 316 858 350 Etenim
870 314 992 348 multos
1004 314 1085 348 Ger-

37 388 83 413 77.
206 373 323 406 mania:
334 373 514 416 Episcopos
524 369 642 404 carnali
655 365 782 411 flagitio
793 363 950 398 laboraffe
961 387 972 403 ,
991 363 1086 398 testa-

206 431 259 457 tur
274 422 309 456 in
335 421 452 456 litteris
472 421 512 455 ad
525 418 701 453 Beatricem
713 414 882 448 Ducissam
899 424 936 447 ac
959 413 1027 456 ejus
1049 415 1085 447 fi-

204 471 285 506 liam
296 471 498 507 Mathildem
521 466 699 511 Gregorius
721 464 875 507 septimus
886 489 893 496 .
922 463 975 497 De
997 462 1081 506 Pop-

204 533 294 566 pone
314 521 464 556 Tullenfi
496 518 661 561 Episcopo
681 537 692 553 ,
719 512 809 557 quod
838 525 915 548 cum
942 513 1079 547 muliere

204 571 344 616 quadam
366 572 481 615 jaceret
503 569 537 601 in
551 564 680 610 publica
689 563 931 604 fornicatione,
957 563 1084 608 genuis-

205 624 252 657 set
272 634 312 656 ex
336 622 400 665 ipsa
417 618 543 657 filium,
570 616 640 649 imo
656 614 690 648 &
716 614 900 648 solemniter
924 613 1084 647 laicorum

205 667 521 712 moredesponsaffet
534 691 543 707 ,
570 664 714 709 queritur
734 665 768 698 in
781 664 898 698 litteris
923 663 964 697 ad
987 662 1086 697 Udm

34 723 190 764 Lib.z·13p.
206 733 281 757 nem
305 717 531 752 Trevirensem
553 715 752 759 Episcopum
765 739 775 754 ,
802 714 869 757 ejus
892 713 1084 757 Metropoli·

37 775 83 795 ¹0·
205 782 270 807 tam
283 793 291 801 .
317 767 445 802 Eadem
466 764 708 810 lepra-laborare
730 765 837 807 plures
847 763 1030 807 Episcopos
1043 763 1086 797 la-

204 828 366 856 mentatur
389 814 475 862 apud
494 816 667 851 Albertum
691 814 859 850 Comitem
882 814 1084 848 Namurcew

202 870 282 904 sem.

255 918 438 952 Audiamus
458 916 537 961 quid
551 916 590 950 de
601 915 664 950 hac
687 914 812 949 Latinae
824 913 973 949 Ecclefiae
993 913 1086 948 mise-

201 968 249 1004 ria
273 968 390 1003 scribat
410 966 451 1003 ad
462 967 643 1001 Nicolaum
664 965 861 1000 Pontificem
880 966 1014 999 sandius
1027 964 1085 998 Pe-

201 1029 271 1053 trus
283 1019 454 1053 Damiani:
479 1021 589 1059 Nuper
605 1016 719 1049 babens
731 1027 796 1049 cum
807 1015 954 1048 nonnullis
966 1013 1086 1057 Episco-

197 1074 250 1112 pis
261 1080 299 1102 ex
309 1069 415 1108 vestm
427 1066 596 1110 Maiestatis
609 1065 792 1100 authoritate
801 1067 969 1108 colloquium
982 1089 993 1105 ,
1014 1063 1072 1108 san

202 1119 260 1152 His
282 1129 377 1152 eorum
391 1118 557 1160 femoribus
579 1118 659 1151 volui
663 1115 748 1159 seras
761 1125 927 1158 apponere,
944 1115 1085 1159 genitali-

202 1169 257 1202 bus
268 1170 458 1203 sacerdotum
468 1173 589 1202 tentavi
599 1171 786 1200 continentiae
795 1166 908 1208 fibulas
920 1164 1061 1198 adbibere
1076 1189 1082 1195 .

203 1220 224 1251 5
224 1220 264 1252 ed
272 1225 410 1261 quoniam
424 1217 487 1252 haec
498 1217 535 1257 est
547 1217 631 1250 secra
641 1241 652 1256 ‚
679 1221 724 1249 cui
734 1216 840 1257 ubique
849 1216 1061 1248 contradicitur
1072 1236 1083 1252 ,

208 1270 296 1301 aliud
303 1270 423 1311 quidem
442 1269 640 1310 quodcumque
662 1265 767 1305 vestrae
778 1265 980 1306 constitutionis
991 1268 1084 1306 Impe-

207 1324 284 1351 rium
300 1317 356 1361 sub
374 1316 429 1362 spe
446 1317 617 1360 perficiendi
636 1316 766 1358 fidenter
791 1316 969 1353 indicimus,
993 1313 1084 1355 hujus

35 1374 186 1413 1.1.Ep.6,
204 1377 304 1402 autem
325 1368 450 1411 capituli
469 1368 583 1400 nudam
602 1363 710 1408 saltem
727 1366 935 1406 promifflonem
946 1365 1079 1399 tremulis

200 1419 354 1462 prolatam
378 1416 467 1450 labiis
501 1416 647 1456 difficilius
677 1422 880 1455 extorquemus
905 1439 911 1445 .
953 1415 1055 1445 Primo
1073 1438 1082 1454 ‚

205 1465 437 1510 quiafassigium
448 1464 606 1504 castitatis
621 1468 770 1506 attingere
776 1461 808 1505 se
817 1462 891 1506 posse
903 1461 1063 1505 desperant
1076 1488 1082 1495 .

206 1516 325 1550 Deinde
346 1538 357 1554 ,
381 1519 454 1556 quia
478 1513 612 1552 synodali
631 1510 665 1555 se
681 1512 850 1554 pledendos
869 1513 919 1555 ff?
933 1511 1082 1555 fintentia

200 1572 325 1609 propter
334 1565 462 1597 luxuria
477 1568 586 1596 vitium
599 1574 656 1595 non
672 1561 845 1603 formidant
859 1587 866 1594 .
894 1563 1081 1597 Romanam

205 1614 385 1649 Ecclesiam
398 1612 458 1647 hac
467 1612 502 1646 in
515 1624 548 1647 re
557 1612 753 1647 diffimulare
777 1613 811 1646 &
823 1623 926 1655 tepere
937 1613 1083 1655 queritur

205 1663 412 1709 gravissime,
436 1662 559 1697 addens
579 1673 713 1697 omnem
736 1661 958 1697 Christianum
982 1674 1083 1707 popu·

205 1714 277 1748 lum
300 1713 378 1748 inde
399 1713 523 1748 offendi
545 1712 723 1746 admodum
746 1713 780 1747 ἀ
794 1713 1020 1749 scandalizari.
1046 1718 1084 1746 In

203 1763 387 1802 minoribus,
413 1763 523 1807 inquit
541 1788 553 1804 ‚
576 1762 782 1796 Sacerdotibus
806 1765 933 1797 luxuriae
949 1768 1083 1804 inquina-

205 1824 307 1849 menta
324 1812 526 1857 persequimur
540 1837 550 1853 ‚
572 1819 604 1846 in
626 1811 802 1856 Episcopis,
828 1815 908 1856 quod
927 1819 1016 1847 nimis
1032 1814 1083 1847 ab·

33 1870 92 1905 1..4.
109 1870 190 1908 Ep.3;
202 1861 377 1907 surdumest
382 1871 439 1905 per
445 1862 553 1905 filentii
572 1863 759 1897 tolerantiam
777 1875 954 1898 veneramur
966 1889 974 1896 .
1002 1864 1085 1899 Scri-

206 1912 256 1948 bit
277 1913 358 1947 item
378 1911 419 1945 ad
441 1912 660 1948 Kunibertum
685 1914 883 1958 Episcopum
897 1914 1085 1948 Taurinen-

204 1963 295 1997 sem.-
327 1965 483 1999 Permittis
508 1973 541 1998 ut
552 1963 684 2006 Ecclefiae
708 1972 770 1998 tuae
780 1966 906 2004 Clerici,
930 1963 1086 2007 cujtafium-

205 2024 263 2056 que
281 2011 338 2056 fint
363 2014 499 2054 ordinis,
523 2015 604 2047 velut
619 2016 693 2054 jure
703 2020 884 2048 matrimonii
893 2013 1087 2055 confoederen-

205 2070 256 2096 tur
277 2063 417 2096 uxoribus
430 2088 437 2095 .
464 2063 509 2096 Et
530 2064 687 2105 quoniam
711 2064 776 2107 ipse
795 2063 998 2098 Kunibertus
1017 2074 1085 2098 erat

205 2111 334 2153 castus,
362 2114 489 2158 pergit.-
515 2117 551 2145 In
574 2112 716 2156 Episcopo
738 2115 853 2147 inutilis
877 2112 914 2155 est
930 2113 1084 2155 eastitas,

208 2173 277 2205 quae
283 2161 317 2206 se
323 2161 360 2204 fic
381 2162 628 2203 exbibetsterilem
643 2186 654 2203 ,
681 2173 714 2196 ut
724 2165 815 2197 aliam
840 2175 897 2197 non
907 2170 1012 2206 pariat
1025 2170 1085 2198 Ca-

204 2211 350 2251 stitatem.
383 2212 519 2247 Interim
540 2213 688 2247 adversus
707 2223 860 2249 uxoratos
880 2214 1027 2248 Clericos
1037 2225 1086 2247 ze-

212 2261 340 2295 lumilli
353 2262 535 2307 imprimere
547 2275 614 2298 non
628 2264 735 2307 potuit
750 2289 761 2304 ,
787 2265 928 2307 ideoque
952 2262 1084 2298 tandem

211 2309 401 2352 imploravit
418 2313 537 2347 laicum
554 2312 722 2348 brachium
736 2312 906 2348 Adelaidis
920 2313 1081 2348 Marchio·

35 2360 125 2395 Libq.
139 2362 191 2399 Ep.
209 2359 298 2391 nissae
321 2359 460 2402 Alpium
472 2362 658 2395 Cottiarum
670 2387 678 2394 .
698 2363 730 2396 A
742 2363 918 2398 Laudenfis
936 2362 1084 2398 Ecclefiae

37 2410 85 2435 17·
209 2406 348 2441 Clericis
362 2432 374 2449 ,
397 2410 476 2444 uria
495 2412 682 2455 cornupetis
702 2414 821 2453 tauris,
847 2414 878 2447 se
888 2413 1083 2449 fuiffeinva-

209 2458 282 2491 sum
292 2458 435 2500 queritur
458 2460 545 2502 apud
568 2461 709 2494 eundem
719 2461 935 2497 Kunibertum
948 2487 959 2504 ,
985 2464 1019 2497 &
1031 2462 1082 2497 ad-

208 2507 260 2542 dit
279 2505 321 2540 de
334 2506 470 2542 clericis
483 2508 661 2543 Gallicanis
675 2523 682 2542 :
709 2515 746 2543 In
763 2513 929 2546 Galliarum
945 2513 1081 2555 partibus

203 2564 296 2599 prope
308 2557 591 2598 administrationem
602 2572 637 2593 ac
648 2561 787 2594 ditionem
798 2561 948 2605 cujusdem
961 2565 1081 2607 Religio-

204 2605 234 2648 fi
248 2606 374 2640 Abbatis
385 2608 544 2642 habitabat
564 2610 718 2649 Presbyter
728 2635 739 2651 ,
767 2617 819 2654 qui
827 2621 936 2654 quanto
946 2619 1027 2655 copia
1031 2613 1082 2655 fa·

209 2657 326 2690 cultatis
346 2656 459 2691 uberius
472 2658 638 2701 affluebat,
664 2670 750 2694 tanto
761 2668 857 2706 magis
876 2663 1025 2706 religionis
1047 2665 1081 2697 (5

213 2703 363 2744 honestatis
380 2709 567 2750 premebatur
580 2716 696 2752 inopia.
725 2711 854 2745 obeunte
874 2718 965 2756 igitur
977 2713 1082 2747 Pellice

213 2754 356 2788 viduatus
365 2760 476 2798 adJ’ecit
500 2765 608 2793 iterare
617 2763 780 2804 conjugium
793 2788 800 2795 .
829 2762 1022 2803 Conso-derat
1029 2761 1081 2803 fibi

212 2800 299 2843 9¹⁴⁶st
317 2803 479 2841 tabularum
502 2809 561 2853 lege
579 2810 790 2852 prostibulum,
819 2819 975 2845 amicorum
993 2822 1082 2855 atque

212 2849 366 2891 wnfimum
375 2864 522 2900 cvngregat
533 2862 660 2901 nuptiali
672 2873 749 2894 more
763 2871 939 2895 conventum
949 2885 959 2900 ‚
982 2865 1083 2904 epula-

211 2905 292 2932 turis
312 2907 401 2957 etiam
421 2911 508 2938 totius
532 2909 698 2950 affluentia
718 2913 860 2953 providet
885 2920 1080 2954 apparatum.

211 2948 415 3004 Abbatrper
434 2954 542 2990 miffos
560 2959 748 2995 Monachos
771 2962 924 2996 monenti
946 2962 980 2996 δε
1002 2961 1082 2997 dura

211 3000 356 3034 minanti
365 2999 585 3045 obtemperare
595 3009 701 3045 noluit
711 3035 722 3050 ,
740 3012 800 3044 Sed
809 3013 960 3054 quidquid
967 3018 1084 3054 nuptia-

211 3050 252 3082 lis
274 3051 343 3083 ordo
366 3050 502 3084 distabat
521 3056 654 3095 implevit
665 3083 672 3090 ,
699 3059 742 3094 Et
754 3059 832 3095 hinc
843 3062 968 3096 Divina
979 3062 1083 3096 vindi-

213 3100 265 3134 &a
285 3111 355 3134 non
377 3100 513 3135 dormiit
535 3126 542 3134 ·
579 3104 711 3142 Etenim
730 3110 919 3155 sacrilegum
941 3112 1083 3155 stuprum

214 3149 439 3185 consummare
457 3159 587 3186 tentans
604 3154 716 3189 infelix
724 3156 895 3202 Presbyter
907 3186 918 3201 ,
943 3166 1005 3196 Uno
1042 3172 1084 3194 eo-

214 3199 337 3240 &qu
347 3211 490 3235 mm‘nn
510 3200 649 3245 &s‘mm
660 3203 746 3244 fudit
767 3209 800 3240 Θ
810 3215 942 3244 anirnam
961 3210 1084 3244 exhala-

215 3252 265 3280 vit
275 3273 283 3280 .
311 3246 413 3282 Pestis
423 3250 480 3284 illa
490 3250 624 3287 foedavit
634 3262 765 3287 omnem
777 3255 903 3293 Italiam
915 3273 926 3293 .-
952 3260 1083 3297 Etenim

216 3296 378 3339 ejusmodi
395 3298 607 3336 miserabilem
622 3302 768 3337 Romani
778 3305 876 3339 etiam
888 3329 899 3345 ,
924 3307 963 3342 ad
976 3311 1085 3347 saanae

216 3345 358 3381 Caeciliae
378 3347 548 3384 Basilicam
568 3349 748 3388 habitantis
767 3375 778 3392 ‚
803 3354 983 3397 Presbyteri
1003 3370 1085 3393 mor-

217 3404 287 3434 tem
308 3397 403 3432 refert
425 3398 460 3436 in
477 3399 589 3434 iisdem
608 3402 725 3437 litteris
746 3403 832 3440 idem
847 3404 976 3441 Petrus.
1006 3409 1084 3446 Om-

319 3445 428 3489 Gbrt'st.
442 3451 521 3494 lapi
532 3454 621 3494 oper.
634 3453 766 3488 Toni-IV.

1895 149 1956 187 19

1147 226 1222 249 nem
1247 214 1456 249 Provinciam
1478 214 1781 257 Mediolanensem,
1808 216 1913 250 Sansti
1939 214 2022 250 Am·

1147 263 1240 298 brosii
1253 265 1448 304 Ecclesiam,
1473 264 1514 299 ad
1525 276 1626 308 nuper
1654 266 1883 301 solemniffime
1903 266 2021 309 ejerata

1147 314 1350 348 Clericorum
1372 314 1524 359 conjugia
1546 314 1716 349 foediffime
1740 316 1867 351 rediiffe
1887 340 1897 355 ‚
1924 325 2022 357 atque

1148 364 1193 396 ita
1203 364 1339 397 luxuriae
1352 364 1507 398 addidisse
1518 365 1692 408 perjurium
1704 389 1716 405 ,
1737 364 1846 399 scribit
1857 365 1898 399 ad
1910 365 2022 400 Adam

1148 413 1375 454 Monachum,
1401 414 1442 447 ad
1468 415 1691 458 Maynardum
1713 414 1898 454 Abbatem,
1925 417 1958 450 ὅτ.
1979 415 2023 449 ad

1149 462 1313 497 Abbatem
1328 463 1436 498 Sancti
1450 462 1649 506 Apollinaris
1659 465 1845 499 Classenfis.
1873 465 1965 511 Qin
1988 465 2023 498 &

1147 513 1213 556 ipse
1238 537 1249 553 ,
1276 526 1354 556 puer
1376 513 1565 547 miserabilis
1588 540 1599 555 ,
1625 514 1643 547 ὲ
1662 516 1812 558 quapiam
1833 514 2022 556 Presbyteri

1147 563 1267 597 focaria
1280 563 1342 597 fuit
1354 563 1508 596 collet’tus
1519 587 1530 603 ‚
1556 564 1589 596 ὃς
1606 566 1721 607 grandi
1739 564 1898 608 charitate
1908 565 2024 598 educa-

1147 624 1199 647 tus
1213 638 1223 654 ,
1244 623 1340 655 atque
1350 611 1429 646 hinc
1443 612 1461 645 ὲ
1477 612 1668 656 quibusdam
1680 639 1690 653 ‚
1717 626 1748 647 at
1756 616 1821 649 sine
1833 615 2024 648 fundamen·

1146 674 1181 697 to
1194 688 1204 704 ,
1230 661 1349 696 dicitur
1366 662 1457 697 fuisse
1478 663 1618 696 nimium
1632 674 1756 696 memor
1779 665 1952 703 beneficii,
1978 663 2026 697 ni-

1147 713 1313 756 miumque
1323 713 1466 750 clemens
1477 714 1508 746 in
1524 712 1734 755 Presbyteros
1746 713 1940 757 conjugatos
1953 741 1960 749 .

1196 762 1375 797 Gallicanae
1398 763 1537 797 foeditati
1572 762 1739 796 attestatur
1765 763 1864 795 etiam
1895 765 2026 799 sanetus

1149 812 1343 854 Anselmus‚
1370 813 1540 854 Beccenfis
1563 811 1670 846 adhue
1683 811 1876 846 Monasterii
1890 812 2001 847 Abbas
2013 839 2026 854 ,

1145 861 1185 897 de
1197 863 1343 897 Fulcone
1357 863 1559 897 Belluacenfi
1573 863 1738 907 Episcopo
1749 862 1891 896 scribens
1904 862 1943 896 ad
1957 864 2028 897 Ur-

1147 913 1268 947 banum
1289 912 1467 947 secundum
1480 913 1679 947 Pontificem
1691 927 1702 946 .·
1725 917 1868 946 Canonici
1890 914 1924 945 (θ’
1935 914 2025 945 Pres-

1146 963 1234 1002 byteri
1243 964 1287 996 illi
1298 962 1498 1006 adversantur
1510 988 1521 1004 ,
1548 970 1617 1006 quia
1627 975 1673 997 eos
1687 965 1708 996 a
1711 969 1826 1005 pravis
1847 961 2028 1005 consuetudi-

1150 1014 1238 1046 nibus
1251 1038 1262 1055 ,
1289 1016 1323 1048 o·
1335 1017 1466 1048 maxime
1478 1016 1498 1046 ἃ
1511 1016 1663 1048 mulierum
1673 1013 1796 1056 reproba
1807 1010 2027 1055 conversatione

1147 1065 1212 1097 vult
1227 1063 1402 1106 probibere,
1428 1067 1567 1099 &eorum
1581 1066 1660 1108 filios
1683 1067 1704 1097 ἃ
1717 1064 1951 1098 Praebendarum
1965 1061 2028 1095 bae«

1147 1115 1293 1147 reditarta
1304 1113 1466 1158 succeffione
1476 1140 1488 1156 ,
1514 1125 1605 1158 atque
1615 1118 1635 1147 ἃ
1642 1113 1792 1158 sacrorum
1803 1115 1950 1147 ordinum
1958 1119 2028 1154 pro-

1147 1170 1269 1199 motione
1291 1176 1406 1199 arcere.
1435 1169 1583 1202 Omnem
1604 1166 1670 1199 fere
1691 1165 1781 1199 istius
1793 1163 1939 1198 Ecclefiae
1951 1162 2026 1197 Cle·

1146 1226 1217 1248 rum
1229 1215 1365 1251 affirmat
1376 1215 1499 1259 duplici
1511 1215 1571 1250 hac
1587 1214 1695 1249 scabie
1705 1216 1861 1249 inferitum
1872 1238 1879 1245 .
1909 1212 2026 1247 Exstat

1147 1264 1293 1307 Epistola
1313 1267 1399 1310 apud
1419 1266 1627 1301 Franciscum
1653 1265 1799 1308 Juretum
1812 1266 1846 1298 in
1858 1264 1963 1299 Notis
1980 1261 2025 1296 ad

1146 1315 1340 1358 trigesimam
1370 1317 1552 1360 Epistulam
1582 1317 1690 1351 Sancti
1727 1316 1837 1350 lvonis
1864 1312 2024 1358 Episcopi

1146 1363 1370 1399 Carnutenfis.
1399 1366 1443 1400 Et
1464 1366 1550 1409 apud
1573 1365 1803 1399 Daimbertum
1821 1389 1832 1405 ‚
1858 1367 2025 1399 Senonen-
2085 1394 2092 1402 ,
2153 1395 2156 1397 .

1146 1416 1210 1447 sem
1224 1415 1422 1458 Episcopum
1433 1438 1444 1452 ‚
1469 1417 1561 1448 suum
1572 1415 1822 1457 Metropolitam
1838 1438 1848 1453 ,
1876 1411 2025 1448 laudatus
2039 1393 2206 1434 Ep¹st'²⁰⁰³

1145 1465 1203 1498 Ivo
1214 1465 1355 1508 graviter
1365 1463 1549 1505 expostulat
1562 1461 1603 1494 de
1613 1463 1758 1505 quodam
1772 1462 1863 1495 istius
1876 1463 2027 1496 Ecclesiae

1146 1514 1302 1553 Praelato,
1329 1514 1393 1555 ,Qui
1413 1513 1531 1554 publice
1544 1510 1600 1553 fibi
1611 1513 1668 1544 duo
1686 1511 1785 1555 scorta
1795 1514 1964 1553 copularat,
1991 1514 2026 1547 &
2044 1512 2215 1552 Epist.218,

1146 1568 1269 1596 tertiam
1275 1562 1410 1605 pellicem
1422 1587 1433 1603 ,
1460 1567 1506 1595 cui
1516 1562 1638 1595 tabulas
1647 1563 1877 1595 matrimoniales
1884 1562 2003 1604 faceret
2014 1587 2027 1603 ‚

1138 1615 1209 1655 jam
1215 1612 1271 1655 fibi
1288 1612 1508 1655 praeparabat.
1537 1612 1656 1646 Scribit
1679 1613 1758 1646 item
1782 1611 1823 1646 ad
1836 1612 2028 1647 Gualonem

1147 1662 1344 1706 Episcopum
1375 1663 1583 1696 Parifiensem
1607 1676 1617 1697 :
1644 1666 1691 1696 De
1718 1667 1864 1696 Canonico
1889 1662 2026 1704 Ecclefiae

1146 1712 1272 1753 vestra,
1299 1718 1349 1756 qui
1371 1722 1474 1747 contra
1492 1712 1719 1754 prohibitionem
1730 1714 1859 1754 vestram
1880 1720 2030 1747 matrimo—

1147 1763 1240 1796 niales
1252 1764 1372 1797 tabulas
1386 1763 1442 1805 fibi
1453 1761 1608 1806 composuit
1622 1788 1631 1803 ,
1658 1765 1772 1797 nullam
1792 1762 1973 1807 sententiam
1986 1764 2032 1796 ad

1146 1825 1269 1847 manum
1298 1813 1410 1853 babeo,
1437 1825 1528 1856 quam
1549 1814 1671 1846 Dilecqio
1696 1815 1795 1855 vestra
1817 1822 1954 1857 ignorat.
1984 1814 2030 1847 Et

1149 1863 1344 1898 Hildeberto
1361 1862 1506 1898 Ecclefiae
1517 1864 1771 1898 Cenomanensis
1784 1865 1898 1899 Elesto
1915 1863 2032 1899 diffua-

1147 1914 1202 1947 det
1226 1913 1458 1956 Episcopatum
1475 1940 1485 1955 ,
1513 1926 1553 1948 eo
1569 1914 1659 1957 quod
1683 1913 1934 1948 Archi-Diaconus
1948 1939 1960 1955 ,
1985 1925 2034 1947 ac·
2051 1933 2209 1974 Epist·=77‚

1147 1963 1270 1996 cubante
1278 1962 1424 1997 lateribus
1434 1967 1500 2006 ejus
1510 1965 1596 2006 plebe
1618 1966 1877 2005 muliercularum,
1903 1967 2032 1999 multam

1142 2014 1282 2057 genuisset
1301 2013 1418 2056 plebem
1436 2023 1596 2056 puerorum
1620 2017 1654 2049 Θ
1675 2016 1864 2057 puellarum.
1894 2015 1938 2049 Et
1962 2014 2031 2051 haec

1148 2064 1282 2107 quidem
1305 2065 1420 2098 omnia
1444 2064 1513 2108 post
1525 2073 1575 2099 tot
1587 2065 1745 2099 Romanae
1760 2065 1908 2099 Ecclesia:
1922 2064 2032 2100 adver-

1148 2115 1216 2148 sum
1240 2113 1313 2148 istas
1324 2115 1527 2159 impiissimas
1550 2115 1679 2159 nuptias
1691 2115 1849 2150 Decreta.
1880 2114 1972 2161 Qiid
1984 2127 2031 2149 er«

1146 2175 1191 2209 go
1202 2175 1278 2199 ante
1288 2165 1344 2200 illa
1361 2167 1373 2200 ?

1197 2214 1320 2250 Eadem
1331 2216 1418 2259 lepra
1437 2217 1572 2251 foedavit
1586 2219 1665 2251 item
1677 2215 1838 2261 Angliam
1858 2225 1955 2259 atque
1966 2216 2030 2250 Hi-

1146 2263 1291 2298 herniam
1304 2290 1311 2297 .
1334 2265 1414 2307 Ejus
1426 2268 1554 2300 causam
1567 2267 1601 2299 in
1617 2267 1774 2301 Barbaros
1787 2267 2029 2307 Nortmannos‚

1146 2315 1201 2358 qui
1214 2314 1390 2348 Ecclesiam
1409 2315 1708 2350 Lindisfarnensem
1732 2316 1955 2357 devastarant,
1982 2327 2029 2350 at-

1145 2375 1209 2407 que
1221 2364 1267 2398 ita
1290 2364 1430 2407 expulsis
1446 2363 1698 2400 Cathedralibus
1709 2366 1889 2401 Monachis
1909 2377 2027 2411 vagan-

1144 2414 1198 2454 di,
1225 2414 1411 2454 scortandi,
1438 2425 1475 2448 ac
1497 2415 1631 2449 tandem
1653 2417 1922 2451 attentandorum
1946 2427 2025 2450 con-

1142 2464 1310 2508 jugiorum
1333 2466 1444 2498 ansam
1467 2463 1642 2505 dederant,
1673 2468 1769 2500 refert
1792 2466 1926 2500 Simeon
1948 2468 2025 2500 Mo·

1143 2511 1267 2548 nachus
1279 2514 1505 2549 Dunelmensis
1515 2539 1527 2555 ,
1554 2515 1598 2549 ita
1613 2515 1700 2557 ajens
1722 2518 1821 2558 usque
1843 2516 1884 2550 ad
1898 2516 2024 2560 Grego-
2040 2508 2070 2535 [¹¹
2087 2504 2205 2537 l'saefssffl

1143 2564 1183 2597 rii
1207 2564 1334 2608 septimi
1349 2564 1509 2607 Papatum
1529 2564 1725 2608 perdurafl'e.
1754 2566 1940 2610 Eadgarum
1960 2567 2022 2600 Re-

1142 2625 1240 2659 gem,
1268 2615 1357 2657 quod
1382 2615 1490 2657 spinas
1510 2614 1646 2649 evellere
1670 2626 1808 2650 conatus
1826 2617 1885 2657 fit,
1912 2616 2023 2654 laudat

1144 2663 1256 2699 Abbas
1270 2663 1411 2699 Alredus
1422 2687 1432 2703 ‚
1457 2674 1490 2698 at
1503 2676 1624 2701 certum
1635 2666 1681 2700 est
1693 2678 1762 2700 non
1786 2666 1881 2710 plene
1896 2667 2023 2700 evulsis-

1144 2715 1175 2748 se
1186 2739 1193 2746 .
1221 2715 1355 2748 Etenim
1366 2714 1407 2748 de
1421 2714 1603 2749 Guilielmo
1619 2716 1726 2759 primo
1738 2716 1831 2761 Rege
1853 2716 1894 2750 ad
1907 2718 2024 2760 Hug0⁴

1145 2775 1221 2798 nem
1242 2764 1400 2799 Diensem
1414 2765 1611 2808 Episcopum
1634 2768 1724 2800 suurn
1746 2767 1781 2800 in
1801 2765 1910 2800 Gallia
1922 2766 2026 2809 Lega-

1144 2824 1216 2849 tum
1236 2814 1345 2848 scribit
1368 2815 1519 2849 laudatus
1542 2816 1722 2860 Gregorius
1742 2828 1749 2848 :
1779 2818 1935 2860 anglorum
1956 2819 2025 2849 Rex

1145 2864 1329 2903 Presbyteros
1345 2875 1452 2898 uxores
1464 2867 1733 2906 etiamJuramento
1743 2868 1894 2901 dimittere
1911 2872 2024 2906 compu-

1143 2916 1180 2947 lit
1194 2939 1201 2946 .
1229 2914 1321 2948 Hinc
1333 2914 1415 2948 dicit
1426 2921 1542 2950 caeteris
1555 2916 1670 2958 regibus
1678 2916 1905 2958 probabiliorem
1916 2916 1950 2950 (5·
1961 2926 2023 2947 ma-

1140 2969 1190 3007 gis
1215 2963 1417 2999 honorandum
1437 2990 1445 2997 .
1471 2965 1620 2999 Eandem
1643 2966 1774 3003 laudem
1794 2965 1842 3007 illi
1870 2963 2025 2999 adscribit

1146 3014 1301 3058 Gregorii
1322 3015 1503 3049 antecessor
1525 3015 1714 3050 Alexander
1751 3010 1908 3049 secundus
1927 3038 1933 3044 .
1958 3012 2023 3048 Sed

1145 3065 1233 3106 quod
1245 3075 1306 3098 nec
1318 3064 1382 3108 ipse
1394 3065 1517 3098 malum
1529 3063 1738 3098 eradicaverit
1753 3087 1764 3102 ,
1790 3063 1875 3097 lucet
1887 3074 1928 3097 ex
1940 3062 2024 3097 mul·-

1146 3114 1188 3147 tis
1212 3114 1367 3157 &longis
1378 3113 1615 3148 adversusillud
1632 3135 1643 3152 ,
1670 3112 1816 3149 suoloco
1840 3113 2022 3156 producen-

1147 3163 1197 3196 dis
1211 3186 1223 3202 ‚
1249 3162 1413 3196 laboribus
1426 3163 1639 3205 posteriorum
1654 3162 1888 3205 Episcoporum
1901 3188 1909 3195 .

1225 3212 1332 3247 Etiam
1356 3212 1534 3253 Hispania,
1563 3211 1639 3246 licet
1661 3222 1796 3255 gemens
1816 3211 1874 3246 sub
1895 3213 2023 3247 Sarace-

1148 3261 1221 3302 nis,
1249 3273 1318 3295 non
1329 3261 1478 3302 deposuit
1488 3261 1629 3303 pestem,
1655 3262 1773 3299 fastam
1797 3273 1839 3297 ex
1854 3261 1940 3303 illis,
1967 3262 2023 3296 ad-

1149 3312 1270 3345 versum
1291 3321 1374 3352 quos
1395 3310 1431 3343 in
1450 3310 1540 3347 libris
1564 3309 1605 3344 de
1618 3310 1763 3347 Civitate
1773 3311 1840 3346 Dei
1862 3310 2021 3347 declamat

1149 3361 1279 3395 sanetus
1291 3358 1510 3404 Augustinus:
1542 3360 1700 3401 Perdidisti
1719 3363 1880 3396 utilitatem
1902 3363 2021 3400 calami-

2044 2848 2103 2883 s..9.
2117 2850 2201 2885 Ep.5.

2042 3038 2179 3076 Epist-10¹,

1149 3415 1221 3446 tatis
1233 3433 1241 3446 ,
1272 3407 1428 3454 Miserrimi
1433 3408 1512 3453 falli
1523 3409 1588 3451 estis
1599 3434 1610 3450 ,
1635 3412 1784 3454 &peffimi
1804 3409 2021 3458 pererranfisti-‘ov

1564 3460 1595 3495 C
1645 3472 1666 3500 2
1915 3459 1973 3499 Flet-¹¹
