2352 3736
106 2407 202 2440 Lai-C.
216 2414 251 2434 20

112 2720 146 2754 131
156 2714 246 2754 ἰᾶσι)-

346 142 448 193 446

283 213 404 257 Insuper
413 214 685 249 anathematizavit
695 210 811 244 cuncios
826 234 837 251 ,
847 215 897 253 qui
908 208 1006 253 ipsam
1019 210 1159 245 sanilam

284 269 449 299 Romanam
462 261 617 303 Ecclesiam
627 270 770 306 negarent
778 267 910 303 primam
921 266 1048 294 omnium
1062 264 1160 296 Eccle.

278 314 389 358 fiarum
396 313 458 356 esse
467 335 477 351 ,
499 315 532 346 (9⁸
555 318 607 355 qui
626 313 707 346 illius
726 311 818 353 fidem
832 309 947 353 semper
970 310 1160 345 orthodoxam

277 364 492 408 praesumerent
503 367 535 395 in
546 363 644 406 aliquo
655 361 863 404 reprehendere
875 388 882 394 .
909 360 975 402 Post
988 360 1051 395 haec
1057 362 1162 403 statim

282 420 313 448 in
324 410 471 454 conspellu
481 418 609 446 omnium
621 415 664 446 ad
669 411 875 456 suggestionem
886 414 1050 446 eorumdem
1070 416 1105 445 N
1107 424 1159 446 un—

283 469 388 496 tiorum
399 465 682 504 Romanorumjuffit
693 463 771 496 idem
783 461 972 496 Ortbodoxus
998 467 1163 505 Imperator

279 512 446 554 praefatum
456 516 572 547 incendi
585 513 710 546 librum:
725 515 840 555 ‚sicque
852 511 1009 556 dijitessum
1019 513 1058 553 est
1071 539 1077 545 .
1105 514 1164 546 Fa-

282 565 331 596 &a
355 562 422 597 haec
443 565 517 597 sunt
540 563 628 598 istius
650 563 754 597 saeculi
777 575 866 597 anno
893 564 1163 607 quinquagesimo

281 623 419 655 quarto,
458 615 492 648 in
514 614 594 648 festo
617 615 647 648 S.
667 613 803 657 Jo'annis
832 613 1000 656 Baptistae:
1028 615 1165 655 Sequenti

281 673 381 697 autem
395 665 447 698 die
458 664 613 706 praefatus
631 669 759 697 Nicetas
771 663 841 696 urbe
851 661 983 707 egressus
995 664 1074 696 ultro
1085 665 1165 697 adiit

282 712 360 757 ipsos
374 718 504 759 Legatos
515 721 598 748 intra
625 716 776 748 Palatium
798 717 871 756 Pegi
885 738 896 754 ,
921 715 941 745 ᾶ
967 714 1071 756 quibus
1097 720 1164 747 acci—

278 770 365 806 piens
373 765 541 807 perfedlam
546 764 669 808 suarum
677 763 897 806 propositionum
903 763 1075 807 sitlutionem
1089 789 1099 804 ,
1112 770 1166 798 ite-,

281 827 348 847 rum
357 813 466 857 sponte·
473 815 752 849 anathematizavit
765 819 862 846 omnia
875 814 955 847 dic‘la
970 838 980 853 ,
1002 814 1132 856 &falla
1154 839 1164 855 ‚

282 865 335 898 vel
342 872 459 899 tentata
481 865 629 899 advertiis
636 870 770 906 primam
785 865 818 897 (π
832 863 1018 905 apostolicam
1040 866 1142 898 Sedem
1156 890 1163 896 .

282 917 327 948 Sic
337 914 375 947 ab
389 921 430 948 eis
442 921 473 948 in
486 921 710 949 communionem
721 921 851 956 receptus
863 939 874 954 ‚
886 913 1005 954 effictus
1017 912 1054 953 est
1067 926 1165 948 eorum

273 964 446 1006 familiaris
459 971 571 999 amicus
587 991 593 997 .
607 966 659 999 Ex
672 964 789 1008 quibus
803 964 901 1004 lucet,
916 962 1005 1007 quod
1017 964 1163 999 Michael

281 1026 351 1050 non
364 1016 532 1050 dumtaxat
545 1015 806 1049 Alexandrinam
830 1014 864 1048 δε
884 1014 1132 1048 Antiochenam
1154 1040 1164 1055 ,

280 1065 334 1099 sed
346 1066 449 1110 ipsam
459 1078 587 1110 quoque
603 1066 788 1099 Romanam
805 1064 1108 1109 Ecclefiam‚utique
1120 1064 1165 1099 ob

280 1118 434 1152 translata
448 1117 580 1161 Papalia
603 1115 770 1160 privilegia
781 1138 790 1153 ,
817 1115 952 1149 tentarit
980 1115 1164 1159 subjugare.

329 1167 444 1212 Pergit
457 1166 730 1202 commemoratio
745 1178 751 1197 :
774 1167 908 1199 Tandem
920 1164 1060 1199 Michaele
1071 1169 1166 1208 Lega-

280 1226 375 1250 torum
395 1218 589 1262 praesentiam
613 1221 646 1253 Θ
670 1216 836 1258 colloquium
859 1217 1017 1248 devitante
1027 1240 1037 1256 ,
1074 1224 1164 1258 atque

275 1267 487 1311 perseverante
498 1275 530 1302 in
537 1267 595 1311 sua
601 1267 733 1308 stultitia
747 1291 757 1306 ‚
780 1266 908 1308 praefati
929 1270 1042 1298 Nuncii
1055 1267 1165 1300 decimo

275 1319 400 1363 ‚septimo
414 1320 575 1352 Kalendas
591 1317 706 1361 Augusti
719 1317 859 1349 adierunt
880 1315 1036 1357 Ecclefiam
1047 1316 1164 1349 Sanc‘i‘ae

277 1369 396 1412 Sophia.-
408 1396 418 1411 ‚
444 1371 477 1402 (5·
487 1368 576 1412 super
587 1370 665 1401 illius
683 1366 870 1408 obstinatione
878 1366 1017 1408 conquesti
1030 1390 1040 1406 ,
1081 1367 1165 1398 Clero

279 1432 318 1453 ex
332 1432 407 1453 more
420 1422 462 1452 ad
472 1418 579 1462 Missas
590 1425 767 1461 praeparato
780 1441 790 1458 ,
810 1419 880 1458 jam
890 1415 963 1450 hora
974 1421 1068 1450 tertia
1079 1441 1088 1456 ‚
1116 1417 1164 1449 dic

279 1470 424 1503 sabbathi
435 1469 572 1505 chartam
583 1472 891 1502 excommunicationis
910 1465 997 1510 super
1014 1472 1164 1509 principa-

279 1522 306 1554 le
320 1523 420 1555 Altare
425 1519 585 1564 posuerunt
598 1518 624 1563 s
619 1519 654 1552 ub
665 1520 751 1552 oculis
763 1516 922 1560 praesentis
934 1519 1014 1550 Cleri
1029 1519 1063 1550 (η’
1070 1524 1164 1558 popu-

278 1573 321 1604 li.
351 1573 426 1604 Inde
439 1583 506 1603 mox
517 1571 610 1614 egreffi
625 1594 634 1608 ‚
655 1569 910 1610 etiam'pulverem
917 1569 1028 1607 pedum
1046 1565 1165 1607 suorum

277 1620 468 1665 excusserunt
478 1626 510 1653 in
521 1616 712 1660 testimonium
724 1619 782 1650 illis
788 1619 886 1657 juxta
900 1615 1012 1647 dietum
1025 1618 1053 1646 E
1057 1625 1163 1656 vattge-

279 1673 314 1704 lii
325 1696 335 1711 ,
357 1673 576 1712 proclamantes
590 1681 604 1700 .·>
627 1669 738 1699 Videat
754 1669 834 1696 Deus
846 1664 1003 1702 &judicet
1014 1685 1021 1691 .
1050 1662 1164 1694 Exstat

279 1720 403 1755 ibidem
414 1713 770 1754 excommunicationis
793 1711 953 1755 Diploma
970 1735 977 1743 .
1016 1710 1163 1752 Exponit

277 1762 395 1806 omnes
404 1770 422 1805 ὲ
435 1768 531 1804 nobis
545 1769 635 1811 supra
645 1763 839 1808 explanatos
850 1759 1028 1795 Michaelis
1041 1771 1163 1795 errores

277 1823 313 1856 ὰ.
332 1821 495 1860 excessus,
526 1817 617 1852 addit
631 1817 725 1850 illum
737 1815 807 1848 solo
833 1812 982 1846 humano
1007 1821 1095 1845 metu
1119 1811 1165 1844 fa·

277 1874 366 1905 &um
379 1868 587 1904 Monachum
602 1890 612 1906 ,
637 1865 806 1900 abusivum
817 1874 853 1897 ac
865 1860 1081 1905 Neophytum
1107 1859 1164 1894 Pa-

275 1918 451 1957 triarcham
461 1945 471 1959 ,
499 1917 704 1950 diffamatum
730 1914 771 1948 de
791 1912 930 1956 peffimis
953 1910 1164 1952 criminibus,

276 1969 492 2007 &concludit
507 1981 517 2001 .·
545 1970 638 2008 Atque
661 1976 726 1998 cum
738 1968 795 1997 Leo
816 1963 979 1995 Acriaanus
1001 1959 1165 2004 Episcopus

278 2022 377 2056 elifius
393 2046 403 2062 ,
429 2017 647 2053 &sacellarius
675 2013 734 2058 ipse
760 2012 911 2047 Michaelis
933 2012 1142 2052 Constantinus
1155 2035 1166 2053 ,

278 2079 330 2116 qui
346 2075 492 2105 Latinum
504 2067 679 2110 Sacrificium
688 2063 827 2108 profanis
839 2065 1014 2098 conculcavit
1022 2063 1164 2104 pedibus,

279 2125 314 2158 ὠ·
325 2134 423 2155 omnes
432 2119 569 2164 sequaces
582 2129 680 2152 eorum
692 2122 724 2149 in
732 2115 880 2158 praefatis
891 2114 1033 2148 erroribus
1045 2114 1167 2155 &prat-

273 2171 491 2217 sumptionibus
507 2196 516 2212 ‚
542 2178 630 2204 erunt
650 2166 815 2201 anathema
830 2163 1015 2198 Maranatha
1024 2173 1088 2196 cum
1109 2176 1165 2196 om-

279 2224 365 2256 nibus
379 2222 526 2256 haereticis
542 2246 553 2262 ‚
578 2221 665 2253 immo
673 2229 739 2252 cum
757 2215 924 2250 diabolis&
937 2215 1055 2258 Angelis
1078 2215 1143 2255 ejus
1155 2236 1166 2253 ,

279 2267 420 2316 rtifi‘firte
434 2270 622 2314 resipuerint.
650 2274 760 2302 Amen.
791 2271 906 2300 Amen.
936 2269 1030 2298 Amen
1044 2289 1051 2296 .

329 2325 384 2358 De
404 2324 539 2371 antiqua
563 2318 777 2354 Ecclefiastici
802 2316 920 2360 Judicii
944 2317 1049 2350 forma
1082 2312 1165 2349 reste

279 2375 389 2410 scribit
402 2375 436 2408 in
448 2383 546 2417 opere
557 2371 596 2404 de
616 2368 796 2405 Sacerdotii
819 2379 857 2402 ac
875 2366 1007 2410 Imperii
1029 2375 1164 2400 concor-

278 2426 332 2460 dia
343 2424 512 2458 Dominus
529 2421 645 2456 Petrus
657 2420 699 2454 de
723 2419 854 2453 Marca:
886 2420 932 2450 De
955 2416 1057 2449 ordine
1072 2415 1167 2460 Judi-

280 2483 387 2509 ciorum
401 2472 551 2516 nihilfere
563 2471 764 2525 constitutum‘
761 2471 865 2513 legitur
875 2468 915 2500 ab
936 2471 1069 2508 antiquis
1091 2470 1166 2498 Con-

280 2527 356 2560 ciliis
370 2550 380 2565 ,
407 2531 477 2567 quia
490 2526 652 2567 legitimum
662 2511 794 2554 minem
805 2525 836 2551 in
845 2517 1008 2560 judicando
1028 2514 1167 2558 Episcopi

279 2574 476 2620 sequebantur
487 2598 494 2605 .
526 2572 570 2605 Et
582 2574 661 2606 hinc
685 2570 726 2604 ad
747 2569 933 2603 Eustatium
957 2565 1165 2601 Sebaste-num

281 2627 396 2670 ptimae
407 2621 569 2657 Armeniae
581 2618 1036 2662 Metropolitanffipiscopum
1051 2615 1166 2657 scripsit

284 2685 425 2720 magnus
436 2671 570 2705 Basilius
581 2685 592 2703 .·
619 2673 649 2703 Si
660 2675 709 2712 qui
719 2679 815 2702 rerum
827 2673 858 2700 in
873 2665 923 2698 hoc
935 2666 1167 2706 mundopotiun-

285 2737 336 2761 tur
350 2749 359 2765 ‚
384 2724 502 2768 quando
506 2718 704 2763 facinorosum
717 2719 843 2761 aliquem
857 2720 944 2749 morti
953 2713 1027 2758 sunt
1051 2715 1168 2755 adjudi-

285 2782 379 2811 caturi
390 2801 400 2817 ,
426 2775 596 2807 velamenta
607 2770 750 2803 obducunt
762 2794 771 2809 ,
785 2770 819 2802 Ca·
832 2766 1036 2809 expertiffimos
1048 2763 1170 2807 quosque

286 2829 329 2860 ad
339 2825 434 2870 causa:
447 2823 653 2858 tracflationem
666 2821 829 2858 advocant,
841 2819 1019 2858 multumque
1030 2819 1169 2856 temporis

287 2876 436 2920 insumunt
450 2899 461 2915 ‚
487 2883 563 2907 nunc
574 2876 661 2914 Legis
673 2875 791 2913 rigorem
801 2875 970 2901 contuentes
984 2890 994 2905 ,
1020 2875 1100 2897 nunc
1117 2876 1169 2896 na-

288 2938 361 2961 turae
373 2929 600 2960 communionem
612 2925 758 2960 reveriti,
785 2919 964 2958 multamque
987 2913 1170 2958 ingemiscen-

290 2987 332 3011 tes
346 3002 356 3017 ,
381 2988 416 3009 ac
429 2973 590 3017 judicandi
612 2972 798 3011 neceffitatem
819 2968 1002 3009 deplorantes
1015 2988 1025 3004 ‚
1063 2969 1171 2997 nemini

291 3039 347 3061 non
358 3024 542 3067 manifestum
548 3023 672 3065 faciunt
684 3045 694 3061 ‚
705 3020 784 3063 quod
792 3030 848 3051 non
859 3029 895 3050 ex
903 3020 1027 3058 propria
1037 3015 1172 3054 libidine,

289 3074 389 3118 sedete
401 3075 552 3118 necessario
563 3075 634 3116 legis
663 3069 817 3111 ministerio
844 3067 977 3110 inferant
999 3066 1172 3098 condemna-

293 3131 381 3158 tionis
401 3124 578 3167 sententiam
591 3136 600 3165 3
627 3123 739 3164 quantb
760 3118 907 3161 oportebat
926 3118 1030 3156 majori
1053 3116 1171 3157 diligen-

295 3180 340 3208 tia
352 3199 362 3213 ‚
387 3184 455 3206 cura
465 3197 474 3211 ‚
481 3176 666 3215 pluriumque
680 3168 887 3214 consultatione
898 3168 1019 3210 dignum
1025 3167 1171 3206 judicari,

290 3224 321 3267 fi
327 3227 374 3267 qui
381 3220 412 3265 se
428 3225 447 3252 ἃ
451 3224 586 3262 fratrum
597 3227 729 3255 amicitia
742 3219 870 3253 avellere
883 3225 997 3250 conetur
1011 3218 1022 3248 ?
1052 3215 1172 3257 Roma-

297 3284 374 3307 nam
397 3272 541 3313 capitalis
568 3272 685 3314 Iudicii
721 3271 858 3304 formam
899 3266 1008 3300 laudat
1033 3289 1043 3304 ,
1081 3264 1170 3298 adfir-

297 3332 430 3364 matque
450 3319 548 3363 ipsam
571 3322 668 3353 etiam
692 3319 733 3354 ab
754 3316 979 3352 Ecclefiasticis
1003 3314 1171 3358 judicibus

298 3374 332 3408 in
370 3368 588 3405 damnationis
624 3370 676 3399 seu
711 3365 1068 3403 excommunicationis
1102 3375 1169 3407 pro·

297 3423 386 3458 cessu
425 3416 628 3454 servandam·
656 3416 758 3462 Qod
797 3418 899 3460 ipsum
938 3415 1047 3451 scribit
1086 3413 1170 3458 apud

1170 209 1183 926 l

877 127 1514 176 DISSERTATIO

1225 214 1417 250 Romanum
1438 215 1646 252 Clementem
1680 217 1805 254 Auster
1832 220 2097 264 Apostolicarum

1226 264 1512 300 Constitutionum
1536 280 1543 300 z
1578 268 1731 309 Maleficus
1742 295 1752 310 ,
1797 274 1896 305 etiam
1918 275 2077 311 confessus

1224 327 1281 348 non
1300 316 1402 356 statim
1424 322 1554 351 mittitur
1577 320 1622 351 ad
1634 317 1811 362 supplicium
1822 345 1833 361 ‚
1859 323 1946 354 immo
1964 324 2098 365 pluribus

1224 365 1324 399 diebus
1336 378 1402 399 cum
1412 366 1508 400 multa
1528 366 1754 411 deliberatione,
1782 372 1817 404 (τ
1827 370 2034 414 consultatione
2044 397 2054 412 ,
2066 376 2100 407 Θ

1225 416 1378 457 interjec‘lo
1389 419 1454 450 velo
1469 440 1479 456 ,
1504 423 1668 460 inquirit-ur
1680 426 1712 452 in
1720 431 1800 453 eum.
1830 421 1974 462 Postremi
1981 422 2102 466 quisuf-

1218 465 1356 510 fragium
1368 468 1405 501 de
1415 473 1510 509 capite
1519 478 1620 502 contra
1628 480 1694 503 eum
1703 471 1817 504 laturus
1829 470 1867 512 est
1877 496 1888 513 ,
1898 470 2029 514 sublatis
2040 484 2102 506 ma·

1225 517 1310 549 nibus
1318 516 1407 560 solem
1421 517 1543 557 testatur
1551 541 1562 558 ‚
1585 524 1767 556 innocentem
1773 519 1808 564 se
1816 522 1869 563 effe
1881 545 1893 562 ‚
1912 533 1946 554 ac
1958 525 2102 556 mundum

1226 569 1245 599 a
1255 566 1401 611 sanguine
1410 567 1538 601 bominis
1549 571 1626 603 illius
1636 595 1643 602 .
1673 570 1766 605 Hinc
1779 571 1812 605 δε
1824 571 1964 606 Pontius
1974 572 2100 606 Pilatus

1226 618 1310 652 intra
1321 618 1391 651 vela
1402 641 1413 657 ,
1427 619 1459 653 δε
1474 629 1549 653 cum
1559 619 1654 654 simili
1668 621 1900 664 protestatione
1909 644 1919 661 ‚
1931 621 2099 656 Christum

1227 668 1411 702 Dominum
1424 668 1590 704 damnavit
1601 671 1641 704 ad
1655 682 1810 714 mortem.
1832 671 1964 716 Utique
1976 684 2018 707 ex
2033 672 2100 707 Ro-

1227 727 1325 751 mano
1339 730 1441 760 more,
1453 731 1551 761 quem
1562 719 1693 754 istarum
1705 722 1978 757 constitutionum
1989 725 2100 757 audior

1227 767 1359 802 mandat
1373 770 1471 803 etiam
1484 769 1526 804 ab
1544 770 1908 806 excommunicantibus
1930 772 2099 817 Episcopis

1228 818 1360 852 servari.
1373 818 1630 855 pronuncianda:
1641 823 1806 856 sententiaa
1816 823 1953 857 modum
1962 823 2100 866 exponit:

1227 869 1261 901 in
1274 869 1336 902 suis
1346 869 1387 903 ad
1401 871 1526 904 sextum
1538 871 1639 904 Esaiae
1650 881 1746 915 caput
1758 873 2012 907 Commentariis
2025 873 2100 906 San-

1227 919 1295 951 c'tus
1321 919 1460 961 Ioannes
1481 919 1751 962 Chrysostomus:
1786 925 1851 955 Mos
1874 924 2002 956 obtinuit
2018 923 2102 965 apud

1219 970 1336 1009 judices
1347 994 1356 1009 ‚
1382 977 1416 1000 ut
1425 969 1462 1001 de
1472 975 1582 1009 quavis
1593 970 1782 1010 controverfia
1789 978 2010 1011 pronunciaturi
2021 998 2031 1013 ‚
2043 984 2101 1006 non

1220 1019 1342 1060 faciant
1354 1017 1414 1051 baec
1427 1019 1504 1051 clam
1517 1042 1527 1057 ,
1546 1017 1605 1061 sed
1609 1027 1666 1060 pro
1670 1017 1789 1061 sublimi
1800 1022 1834 1054 (π
1844 1023 1955 1055 elevato
1966 1022 2100 1056 tribuna-

1225 1069 1247 1101 li
1257 1068 1434 1110 confidentes
1445 1092 1455 1108 ,
1482 1068 1668 1109 adstantibus
1679 1066 1817 1113 univerfis
1829 1094 1840 1110 ‚
1862 1072 1896 1105 (ν
1915 1069 2034 1111 cortinis
2046 1084 2099 1105 un-

1227 1121 1376 1161 deq-itaque
1387 1117 1542 1152 contracffis
1559 1121 1678 1160 judicia
1698 1127 1868 1165 exerceant.
1898 1121 1977 1155 Hoc
1996 1122 2099 1156 modo

1226 1171 1324 1203 etiarn
1338 1169 1463 1203 Pilatus
1487 1170 1717 1212 pronunciavit
1737 1170 1773 1203 in
1795 1169 1962 1205 Christum
1982 1171 2100 1206 Domi-

1226 1230 1323 1253 num.
1352 1220 1476 1253 Eadem
1490 1220 1595 1253 forma
1607 1218 1713 1254 adhuc
1725 1220 1854 1265 vigebat
1864 1220 1964 1255 nostri
1977 1221 2109 1256 Leonis-

1227 1281 1390 1312 tempore:
1419 1269 1513 1304 Hinc
1534 1269 1600 1312 ejus
1620 1271 1718 1304 etiam
1751 1270 1892 1315 Legatio
1922 1270 2100 1306 Michaelis

1228 1320 1386 1353 Cerularii
1400 1321 1484 1354 intra
1494 1322 1636 1354 cortinas
1655 1332 1848 1364 conceptam
1867 1320 1900 1355 &
1922 1322 2100 1356 formatam

1226 1370 1469 1404 damnationem
1480 1371 1709 1413 pronunciavit
1722 1371 1756 1404 in
1771 1372 1836 1414 ipsa
1848 1372 1965 1405 Sanctae
1973 1370 2101 1414 Sophiae

1227 1418 1358 1454 Bafilica
1369 1445 1379 1460 ,
1414 1422 1526 1455 coram
1546 1430 1618 1455 toto
1639 1421 1762 1465 populo
1795 1422 1828 1455 ἀ
1847 1420 1946 1455 Clero
1959 1445 1969 1460 ,
2006 1421 2041 1457 δε
2064 1421 2100 1455 in

1227 1470 1279 1504 die
1289 1469 1461 1504 Sabbathi.
1491 1466 1624 1505 Nam&
1644 1479 1723 1505 tunc
1744 1471 1847 1505 Graeci
1869 1470 2033 1506 celebrant
2051 1471 2102 1506 so-

1226 1520 1337 1554 lennes
1348 1522 1503 1563 synaxes,
1521 1522 1673 1566 &plenas
1684 1532 1796 1558 coram
1816 1522 1940 1557 Divina
1953 1521 2101 1566 Maiesta-
2135 1551 2140 1555 .

1226 1579 1257 1602 te
1266 1571 1462 1612 appariturus
1472 1596 1479 1602 .
2005 1599 2014 1619 χ

1275 1619 1463 1652 Romanam
1475 1618 1552 1654 item
1563 1620 1688 1664 legem,
1716 1625 1828 1664 quaein
1848 1623 2014 1658 absentem
2037 1623 2102 1656 for-

1227 1667 1306 1698 mari
1329 1675 1386 1698 aut
1405 1667 1535 1701 decerni
1555 1678 1644 1702 vetat
1663 1670 1865 1706 criminalem
1885 1672 2079 1706 sententiam
2087 1695 2107 1711 „

1226 1714 1348 1758 semper
1359 1716 1493 1750 servavit
1507 1716 1650 1751 Ecclesia
1662 1741 1669 1748 .
1698 1716 1750 1750 Ex
1764 1719 1830 1762 ipsa
1849 1730 2000 1762 quartum
2020 1721 2103 1754 Car-

1227 1762 1418 1808 thaginense
1442 1765 1633 1804 Concilium
1653 1766 1757 1802 emisit
1776 1766 1865 1802 hunc
1897 1768 2102 1803 Canoneme.

1228 1819 1375 1848 Convenit
1399 1818 1532 1860 Judtces
1546 1816 1697 1858 Ecclefiae,
1725 1829 1762 1851 ne
1781 1817 1901 1862 absente
1925 1830 1991 1858 neo,
2016 1820 2099 1859 cujus

1225 1864 1313 1908 causa
1331 1866 1536 1900 ventilabatur
1559 1891 1570 1908 ‚
1600 1866 1780 1910 sententiam
1800 1869 1958 1910 proferant
1979 1893 1989 1909 ,
2027 1873 2102 1911 quia·

1226 1921 1315 1949 irrita
1334 1922 1407 1949 erit.
1434 1919 1526 1950 Immo
1551 1919 1585 1952 (¹5
1604 1916 1721 1960 causam
1738 1918 1868 1960 profe’e‘lo
1889 1925 1922 1952 in
1931 1920 2037 1959 synodo
2047 1920 2102 1951 dm

1227 1966 1316 1999 bunt.
1344 1964 1562 2014 Qodipsurn
1576 1967 1736 2002 invlitteris
1745 1968 1783 2001 ad
1797 1969 1957 2011 Ioannem
1978 1969 2104 2003 Defen-

1228 2019 1330 2051 sorem
1343 2016 1452 2050 scribit
1464 2023 1602 2062 magnus
1613 2018 1790 2062 Gregorius
1801 2043 1808 2050 .
1831 2018 1875 2051 Et
1887 2018 1972 2052 inter
1981 2018 2100 2060 capita,
2117 2027 2227 2059 [ihu.
2266 2027 2275 2035 ¹

1226 2079 1267 2101 ex
1280 2067 1398 2112 quibus
1412 2069 1500 2101 suam
1510 2068 1758 2101 damnationem
1769 2067 1867 2103 fuisse
1878 2068 2001 2102 irritam
2013 2066 2103 2102 adse·
2117 2067 2191 2106 Epist
2205 2072 2252 2104 52·

1227 2119 1292 2152 ruit
1310 2118 1393 2160 apud
1408 2118 1641 2152 Innocentium
1654 2117 1853 2152 Pontificem
1862 2117 1995 2152 Sanetus
2007 2117 2102 2159 Joan-

1228 2179 1283 2202 nes
1296 2167 1551 2211 Chrysostomus
1562 2193 1572 2209 ,
1601 2169 1665 2202 fuit
1689 2168 1724 2202 &
1746 2166 1811 2203 hoc
1825 2178 1835 2198 -·
1863 2169 1946 2201 Licet
1968 2165 2101 2210 absentes

1225 2216 1367 2262 essemus.
1397 2219 1440 2251 Et
1454 2216 1622 2260 adjunxit:
1649 2222 1725 2251 Cum
1744 2217 1959 2258 contestaremur
1975 2225 2102 2259 paratos

1227 2280 1278 2302 nos
1289 2267 1325 2310 es
1319 2279 1351 2301 se
1365 2270 1409 2301 ad
1417 2268 1589 2302 diluendum
1599 2274 1727 2301 crimina
1736 2280 1832 2302 coram
1840 2279 1956 2303 centum
1967 2269 2018 2301 vel
2024 2268 2102 2302 mille

1227 2317 1394 2362 Episcopis.
1402 2319 1613 2354 Demonstrat
1626 2320 1656 2353 se
1666 2331 1734 2353 non
1745 2319 1841 2353 fuisse
1852 2328 2082 2353 contumacem
2092 2340 2102 2351 .

1229 2369 1362 2402 Etenim
1376 2380 1416 2402 ex
1427 2370 1635 2403 contumacia
1645 2369 1811 2403 absentem
1823 2367 1970 2403 damnari
1983 2369 2104 2411 semper

1227 2420 1438 2463 permiserunt
1450 2419 1483 2453 ἀ
1495 2418 1600 2464 Leges
1611 2421 1644 2454 &
1658 2419 1826 2454 Canones.
1845 2419 1938 2454 Hinc
1949 2418 1989 2453 de
2003 2414 2106 2461 Ephe-

1227 2469 1299 2502 stnae
1309 2470 1352 2512 Sy
1359 2469 1435 2503 nodi
1450 2470 1484 2503 in
1499 2480 1729 2504 contumacem
1740 2469 1933 2504 Nestorium
1947 2469 2105 2504 sententia

1231 2519 1270 2552 ad
1287 2520 1445 2562 loannem
1457 2518 1644 2554 Antiochiae
1655 2518 1875 2555 patriarcham
1887 2519 2010 2554 Comes
2019 2518 2105 2551 Can-

1232 2569 1385 2603 didianus
1401 2583 1407 2601 :
1436 2569 1567 2602 Publicos
1582 2570 1839 2611 Praeconesforum
1850 2570 1985 2604 obeuntes
1996 2591 2007 2606 ,
2032 2569 2104 2598 San·

1231 2620 1342 2659 ‹Viffimi
1354 2618 1492 2662 Episcopi
1505 2620 1634 2660 Nestorii
1655 2619 1850 2662 depositionem
1865 2617 1976 2661 solenni
1993 2624 2103 2658 pompa

1232 2670 1435 2703 ebuccinantes
1444 2671 1530 2703 audio
1545 2695 1550 2702 .
1578 2671 1706 2714 Synodi
1717 2669 1830 2702 Praeses
1843 2668 1976 2702 Sanetus
1994 2664 2105 2707 Cytil-

1232 2719 1324 2753 lusin
1338 2717 1507 2753 hominem
1521 2745 1530 2760 ,
1557 2721 1612 2764 qui
1637 2718 1681 2752 su'i
1705 2729 1775 2751 non
1795 2716 1932 2749 faciebat
1952 2715 2122 2758 copiam,-

1230 2769 1370 2812 itajuffit
1380 2770 1587 2814 pronunciari
1609 2767 1774 2811 synodale
1795 2765 1982 2809 Judicium,
2007 2764 2042 2798 ἀ
2062 2762 2105 2798 ad

1229 2819 1293 2862 ejus
1312 2820 1463 2853 notitiam
1487 2819 1669 2861 pervenire.
1709 2817 1893 2850 Laudatum
1913 2814 2102 2858 Cytillum,

1230 2881 1267 2902 ac
1291 2869 1510 2903 Memnonem
1542 2866 1750 2910 Ephesiorum
1782 2866 1979 2909 Episcopum
2009 2862 2106 2898 duxit

1229 2928 1439 2952 contumaces
1452 2943 1461 2958 ,
1482 2918 1515 2952 &
1528 2918 1576 2951 uti
1588 2917 1668 2952 tales
1678 2916 1846 2950 damnavit
1857 2915 1954 2949 etiam
1968 2912 2104 2957 Joannis

1232 2967 1438 3002 Antiocheni
1451 2968 1550 3001 factio
1562 2992 1572 3007 ‚
1584 2968 1617 3001 δε
1631 2967 1672 3000 de
1683 2966 1778 3009 hujus
1790 2965 1954 3000 sententiae
1965 2973 2107 3007 pronun-

1230 3018 1374 3052 ciatione
1386 3018 1502 3062 scripfit
1513 3017 1666 3060 Synodus
1677 3017 1717 3050 ad
1729 3017 1878 3050 Sandium
1892 3012 2107 3049 Coelestinum

1231 3067 1425 3102 Pontificem
1440 3081 1446 3100 :
1476 3073 1548 3102 Haec
1553 3066 1663 3110 scripto
1669 3066 1782 3109 publico
1793 3066 1939 3099 mandata
1954 3060 2108 3106 proposue-

1230 3127 1301 3151 runt
1315 3119 1436 3161 legenda
1450 3118 1624 3160 quibuslibet
1636 3142 1647 3158 ,
1672 3116 1783 3151 theatri
1790 3113 1954 3158 parietibus
1977 3111 2108 3155 adfigen-

1232 3176 1288 3200 tes.
1319 3166 1506 3204 Theatrum
1533 3167 1651 3211 quippe
1677 3176 1745 3201 erat
1771 3167 1860 3200 loeus
1887 3161 2029 3198 maxime
2055 3171 2110 3204 pu·

1234 3219 1335 3252 blicus
1358 3243 1368 3258 ‚
1405 3230 1458 3262 per
1497 3218 1619 3252 adfixas
1657 3216 1714 3250 fibi
1740 3214 1863 3250 charta's
1898 3213 2043 3247 clamans
2068 3208 2109 3243 ad

1233 3280 1364 3301 omnem
1376 3270 1541 3302 civitatem
1555 3294 1562 3301 .
1593 3267 1698 3300 Simili
1711 3264 1811 3299 modo
1825 3265 1858 3297 in
1880 3270 2110 3315 contumacem

1234 3316 1432 3352 Michaelem
1447 3318 1648 3352 Cerularium
1661 3325 1794 3360 egerunt
1806 3314 1923 3358 Legati
1944 3309 2110 3364 Apostoll·

1234 3369 1261 3400 ci
1276 3393 1281 3398 -
1312 3368 1405 3409 Ejus,
1419 3369 1450 3402 ὅ(
1460 3367 1626 3410 complicis
1636 3365 1785 3399 factionis
1798 3361 2110 3398 excommunicatio-

1236 3429 1309 3453 nem
1323 3418 1447 3454 solenni
1469 3418 1522 3453 die
1534 3417 1708 3460 posuerunt
1730 3414 1763 3450 in
1776 3411 1974 3451 Cathedralis
1998 3407 2110 3493 {ccle-

2024 3469 2061 3493 ιω

2086 302 2097 318 ’
2117 302 2266 337 L·2.c5.-..
