2352 3736
40 1409 118 1438 ΕΛ.

37 1637 74 1666 C.
100 1645 142 1673 15.

37 1678 100 1713 hs·
114 1679 172 1710 c-82

394 156 447 185 DE
484 139 751 185 anoaum
783 133 1095 193 prscopoavm
1128 145 1179 177 ετ
1207 129 1502 177 CtmuconuM
1535 142 1867 181 courmemm.
1945 147 1968 190 5

221 221 282 255 isto
307 231 446 266 excepto
471 224 547 258 casu
572 223 758 259 constanter
783 225 935 271 viguisse..

269 269 356 304 Dixi
367 270 475 309 datam
489 272 531 308 ab
542 272 712 317 Apostolis
722 274 888 310 licentiam
912 283 980 306 non
1006 268 1111 303 fuisse·

218 320 432 358 universalem
456 345 464 354 .
493 322 651 358 Romanae
671 324 759 360 enim
781 323 952 359 ac'omnis
973 321 1099 358 Latinae

218 368 365 406 Ecclefiae
387 373 586 418 Episcopos‚
613 373 843 416 Presbyteros,
868 385 907 408 ac
928 371 1100 406 Diaconos

216 419 352 455 sanctus
378 422 493 458 Petrus
505 424 680 467 Apostolus
703 422 842 456 omnino
865 422 1030 465 compulit
1057 422 1099 456 ad

215 469 349 516 plenam
391 470 629 508 continentiam
651 485 662 505 .·
689 472 730 506 ad
757 483 851 508 antea
876 475 976 508 etiam
1000 472 1100 506 duelae

216 521 330 555 uxoris
343 522 412 555 usui
425 520 675 561 renuntiandum
687 547 694 555 .
722 521 828 558 Lucet
838 535 880 558 ex
893 522 1098 562 Tertulliani

215 570 302 604 libro
313 570 354 604 ad
365 569 545 611 castitatem
571 570 815 607 exhortatorio:
840 576 963 618 ,Quanti
984 579 1017 606 in
1042 575 1102 605 Ec-

145 625 152 635 '
214 620 373 663 clefiasticIs
397 612 548 655 oidinzbus
574 624 612 655 de
636 629 818 657 continentia
849 623 999 668 censentur
1012 646 1023 662 ‚
1046 628 1099 665 qui

218 674 280 706 Deo
290 667 394 705 nubere
415 672 585 706 maluerunt
595 696 606 712 ‚
634 679 686 715 qui
705 680 807 707 carnis
822 673 890 718 ficae
910 674 1045 707 bonorem
1063 673 1096 706 in

217 721 402 765 primaevum
414 722 547 764 paradifi
561 723 680 757 statum
692 723 896 765 restituerunt,
913 730 1021 768 quique
1026 726 1098 765 jam

211 768 246 815 [e
253 768 335 805 illius
345 776 408 808 aetvl
415 769 495 815 filios
508 773 685 807 dicaverunt
697 798 708 814 ,
732 777 890 811 occidentes
902 782 935 808 in
955 774 990 818 se
1000 784 1099 807 concu-

209 816 390 863 ptfientiam
398 820 535 857 libidinis
543 847 554 863 ,
581 824 615 857 Θ*
625 831 717 857 totum
728 826 806 857 illud
811 827 893 867 quod
902 832 987 861 intra
1005 833 1098 866 para-

213 865 314 910 disum
331 877 494 912 nonpotuit
512 874 662 907 admitti?
690 873 793 920 Vox,
820 879 1025 916 Dicaverunt,
1053 875 1098 907 lu·
1133 899 1138 905 .

213 917 454 963 cideimportat
465 922 691 966 profeffionem
718 936 756 958 ac
766 935 880 960 votum
896 951 902 957 .
923 925 1017 959 Hinc
1032 925 1100 958 eos—

211 968 290 1002 dem
304 970 432 1004 nostros
444 971 589 1007 Clericos
603 974 636 1007 in
651 973 735 1008 libro
748 975 790 1011 de
804 975 952 1010 velandis
965 974 1099 1019 virgini-

210 1017 274 1055 bus
284 1019 424 1064 appellat
437 1028 519 1061 viros
532 1027 669 1067 Virgines
694 1036 731 1060 ac
740 1026 923 1064 voluntarios
939 1027 1096 1068 spadones.

211 1068 259 1103 Et
284 1070 473 1114 quodipse,
497 1073 577 1110 dum
599 1075 635 1109 in
647 1075 805 1118 majorem
833 1073 1099 1122 Carthaginenfis

210 1118 358 1155 Ecclefiae
381 1121 516 1161 Clerum
542 1124 605 1159 fuit
632 1125 833 1170 adscriptus,
860 1127 981 1165 uxorio
1005 1125 1098 1170 operi

211 1169 429 1212 valedixerit,
456 1173 542 1211 lucet
553 1186 596 1209 ex
621 1175 761 1210 librisad
775 1187 933 1211 uxorem.
961 1177 1006 1210 Et
1033 1174 1096 1209 avi-

210 1228 282 1253 tam
295 1220 553 1269 Episcoporum‚
578 1224 873 1269 Presbyterorum,
897 1237 996 1270 atque
1019 1225 1098 1260 Dia-

212 1280 377 1308 conorum
387 1273 565 1309 castitatem
577 1286 726 1319 reparans
736 1276 900 1317 Africanae
908 1277 1097 1315 Dioeceseos

211 1317 341 1358 Primas
351 1320 529 1366 AureliuS‚
554 1323 641 1364 dixit
660 1325 899 1371 aaasecundam
925 1324 1097 1371 Carthagi-

212 1372 569 1416 nensemVSynodum:
595 1372 690 1421 ,91φέ
712 1376 836 1423 Apostdt
855 1379 1037 1415 docuerunt,
1062 1377 1096 1415 Q

213 1419 281 1465 ipsa
290 1419 434 1464 servavit
452 1429 643 1466 antiquitas'
672 1436 727 1458 nos
752 1436 865 1468 quoque
886 1425 1093 1466 custodiamus.

211 1470 316 1516 rol
328 1470 442 1510 Africa
450 1468 528 1506 non'
546 1471 605 1507 sub
626 1474 701 1517 ipsis
716 1473 909 1518 Apostolis,
937 1476 990 1511 sed
1003 1475 1095 1510 dum-

212 1528 303 1555 taxat
313 1518 372 1559 sub
382 1520 527 1565 ipsorum
548 1520 780 1563 successoribus
800 1525 972 1565 crediderit
999 1537 1036 1560 ac
1048 1535 1096 1559 re-

210 1569 332 1613 ceperit
345 1570 564 1618 Evangelium
574 1598 586 1615 ‚
615 1574 649 1620 in
662 1573 748 1610 libro
760 1575 802 1612 de
813 1577 914 1611 unico
924 1576 1094 1620 Baptismo

211 1620 294 1655 acin
308 1619 576 1668 carthaginensis
587 1623 789 1663 Collationis
803 1627 979 1667 Breviculo
1001 1627 1094 1670 profi-

210 1677 296 1704 tetur
306 1664 652 1718 SanilusAugustinui
664 1699 675 1715 ,
702 1674 844 1720 ideoque
856 1677 951 1713 issam
967 1676 1093 1712 castita.

209 1719 254 1757 tis
264 1719 371 1765 legem
384 1733 552 1769 nequeunt
563 1724 632 1760 illic
642 1713 797 1771 Apostoli
822 1728 1002 1771 praedicasse
1012 1752 1020 1759 .

261 1770 343 1818 Qo
353 1772 439 1807 circa
450 1772 605 1809 Aurelius
616 1775 746 1816 locutus
771 1778 837 1812 fuit
863 1790 903 1813 ex
918 1779 1024 1813 Sanffi
1039 1777 1094 1812 In·

207 1821 360 1860 nocentii
369 1820 474 1861 Primi
486 1823 658 1861 Pontificis
671 1826 818 1870 Epistola
839 1828 880 1864 ad
893 1829 1093 1864 Decentium

207 1869 411 1916 Episcopum
432 1873 669 1920 Eugubinum:
696 1879 778 1922 ,Quis
802 1879 912 1923 nesciat
934 1882 991 1920 id,
1017 1880 1095 1923 quod

209 1921 232 1954 ἃ
245 1923 386 1964 Principe
397 1924 590 1966 Apostolorum
602 1929 847 1964 Petro-Romana·
867 1930 1007 1973 Ecclefiae
1031 1940 1093 1964 tra-

207 1971 355 2012 ditumest
378 1984 414 2010 ac
425 1974 597 2019 nuncusque
612 1977 792 2019 custoditur,
817 1980 856 2013 ab
881 1981 1017 2013 omnibus
1045 1981 1092 2013 de·

206 2019 273 2055 bere
294 2020 440 2065 servari?
465 2026 640 2074 Praesertlm
664 2029 730 2062 cum
747 2028 787 2071 fit
812 2029 999 2074 manifestum
1024 2053 1034 2070 ,
1060 2036 1092 2063 in

207 2080 323 2106 omnem
348 2075 471 2110 Italiam
485 2100 508 2120 q,
537 2077 657 2113 Gallias
674 2102 686 2119 ,
713 2078 879 2124 Hispanias
905 2090 997 2123 atque
1022 2083 1091 2115 Sici-

207 2121 281 2154 liam
299 2147 311 2164 ,
336 2122 503 2168 insulasque
528 2129 737 2169 interjacentes
757 2154 769 2170 ,
802 2131 916 2166 nullum
941 2131 1091 2174 instituisse

208 2170 370 2219 Ecclefias,
396 2174 453 2217 nlfi
470 2187 538 2217 eos,
564 2189 636 2221 quos
663 2180 846 2214 venerabilis
873 2180 1021 2223 Apostolus
1035 2183 1089 2214 Pe-

210 2228 296 2264 trus,
322 2231 375 2258 aut
392 2227 458 2270 ejus
467 2225 633 2271 succefforcs
645 2252 656 2269 ,
681 2229 877 2270 constituerint
897 2234 1086 2266 sacerdotes.

212 2275 269 2303 Aut
291 2273 391 2316 legant
406 2299 417 2315 ,
437 2275 467 2318 fi
483 2282 516 2309 in
537 2277 585 2310 bt:
608 2280 777 2313 Provinciis
800 2282 881 2315 alius
899 2281 1090 2322 Apostolorum

209 2324 362 2354 invenitur
387 2332 441 2356 aut
460 2327 565 2371 legitur
585 2329 757 2371 praedlcaffe
771 2354 779 2363 .
807 2330 912 2377 Qod
940 2330 1053 2364 Africa
1071 2331 1089 2365 ὲ

209 2367 362 2403 Romana
375 2371 518 2409 Ecclefia
527 2378 683 2418 acceperit
697 2379 915 2424 Evangelium
927 2404 938 2420 ,
965 2380 999 2414 in
1012 2379 1091 2414 Prae-

207 2418 421 2462 scriptionum
448 2422 533 2459 libro
559 2425 693 2463 testatur
717 2428 815 2462 etiam
842 2430 1088 2465 Tertullianus.

206 2467 302 2503 Hinc
313 2481 392 2515 ergo
402 2495 413 2511 ,
440 2483 477 2508 ut
502 2474 536 2508 &
546 2477 656 2509 omnis
667 2476 729 2511 alia
741 2477 862 2513 Latina
874 2481 1012 2517 Ecclesia
1024 2506 1036 2523 ,
1048 2492 1088 2515 ex

205 2519 313 2552 Sanfii
325 2518 415 2557 Petri
435 2522 506 2567 lege
518 2525 642 2567 accepit
667 2527 702 2560 ὃς
727 2527 858 2570 plenam
882 2531 930 2564 sui
956 2531 1089 2575 majoris

205 2567 296 2602 Cleri
315 2571 512 2608 castitatem.
538 2574 648 2616 Dico,
676 2580 794 2610 Latina
805 2578 931 2622 Ecclefia
945 2594 957 2614 .·
983 2581 1087 2630 Qod

204 2618 297 2652 enim
307 2621 477 2658 Orientale
496 2624 689 2668 illyricum,
715 2627 764 2660 uti
784 2628 932 2673 linguam
946 2653 957 2669 ‚
983 2632 1029 2665 ita
1054 2633 1088 2666 ὃς

206 2667 349 2704 Graecam
377 2671 466 2707 Cleri
492 2674 671 2710 castitatem
698 2675 850 2713 habuerit
875 2704 886 2719 ,
924 2681 968 2714 est
997 2682 1087 2725 supra

206 2716 370 2799 &lusum
394 2746 401 2758 ι
429 2723 548 2761 Resita
572 2727 712 2761 cucurrit
738 2729 838 2776 usque
862 2729 903 2764 ad
914 2730 1086 2775 Synodum

246 2776 394 2808 reznam,

944 2882 1085 2889 ---

389 2933 736 2991 CAPUT
805 2946 897 2992 II.

207 3053 422 3123 Exponitur
437 3056 623 3117 Nicaenae'
638 3060 775 3120 synodi
797 3062 839 3113 de
857 3062 1082 3113 clericorum

427 3124 601 3174 castitate
637 3133 832 3179 Decretum
846 3169 859 3183 .

288 3266 356 3302 Icet
376 3268 498 3303 rituum
523 3282 562 3307 ac
583 3283 712 3308 morum
726 3276 861 3311 varietas
871 3276 1079 3312 Catholicam

312 3319 411 3352 unius
424 3314 500 3354 fidei
520 3321 696 3357 Ecclesiam
718 3324 816 3359 faciat
834 3326 896 3360 else
915 3326 1078 3369 Reginam

205 3368 479 3403 circumamictam
504 3372 732 3414 varietatibus,
759 3375 887 3417 plenam
907 3386 1016 3409 tamen
1036 3388 1078 3412 et-

206 3417 272 3455 iam
295 3417 429 3454 istorum
450 3421 609 3456 unitatem
634 3422 787 3461 inducere
808 3427 933 3470 semper
958 3425 1078 3460 studuit

1109 247 1111 249 ,
1160 213 1353 259 Apostolica
1360 215 1478 258 ,δι-ἀρε,
1503 216 1645 261 ideoque
1656 219 1723 262 ejus
1737 220 1853 266 Legati
1875 220 1912 256 in
1925 217 1964 254 N
1968 218 2038 253 icae-

1160 276 1206 299 no
1219 265 1375 300 Concilio
1394 266 1540 305 fecerunt
1559 269 1646 312 quod
1659 269 1767 305 scribit
1790 274 1937 306 Socrates
1949 283 1959 303 .·
1985 273 2039 305 Vl·
2061 292 2123 323 Lm
2134 294 2189 322 03⁴

1155 313 1222 357 sum
1232 324 1298 348 erat
1306 315 1460 359 Episcopls
1475 319 1570 362 ‚legem
1588 331 1701 353 novam
1728 326 1760 363 in
1771 320 1926 363 Ecclefiam
1945 326 2039 354 intro·

1158 365 1263 398 ‚ducere
1275 389 1285 405 ‚
1311 375 1344 398 ut
1354 373 1406 408 qut·
1413 367 1500 409 effent
1511 366 1610 413 sacris
1624 374 1760 413 initiati,
1780 370 1852 411 ficut
1872 369 2014 414 Eplftopl
2026 392 2039 410 ,

1162 415 1353 455 Presbyteri,
1378 417 1568 459 &Diaconi,
1589 432 1658 455 cum
1685 421 1844 461 uxoribus,
1874 434 1952 464 quas
1974 421 2040 453 cum

1158 474 1249 499 erant
1260 465 1330 498 laici
1343 471 1374 498 in
1392 473 1614 503 matrimonium
1632 471 1800 514 duxiffent,
1826 473 1952 505 minime?
1975 471 2042 503 dor-

1159 520 1285 549 mirent.
1312 519 1358 550 Et
1369 523 1509 558 quoniam
1517 520 1652 554 illiserat
1671 521 1848 563 propofitum
1868 523 1904 555 de
1929 521 1985 553 hac
2007 530 2040 552 re

1161 563 1304 606 confilium
1329 571 1430 606 inire,
1455 573 1490 600 ln
1515 569 1611 601 medio
1636 582 1732 604 eorum
1755 570 1880 616 conseffu
1901 570 2037 614 surrexit

1163 614 1354 656 Paphnutius
1368 640 1379 656 ‚
1405 627 1439 648 ac
1464 617 1649 651 vehementer
1675 622 1856 662 vociferatus
1883 621 1922 662 est
1947 645 1957 661 ‚
1983 630 2040 653 mm

1156 676 1256 709 grave
1257 667 1367 709 jugum
1376 667 1540 701 cervicibus
1553 668 1669 701 illorum
1679 674 1889 712 imponendum
1898 672 1953 716 ff
1963 696 1974 712 ,
1990 675 2041 713 qui

1161 725 1248 748 erant
1253 714 1349 758 sacris
1359 722 1491 751 initiati.
1517 719 1696 758 ‚Honorabile
1714 720 1766 762 effe
1776 723 1941 764 conjugium
1960 727 2041 755 inter

1161 776 1260 797 omnes
1285 789 1296 805 ‚
1320 767 1355 799 ὦ·
1379 766 1499 800 thorum
1523 769 1760 804 immaculatum.
1790 772 1980 812 Videndum,
2005 781 2041 806 ne

1162 821 1252 848 nim1's
1262 815 1407 857 exquisita
1412 816 1635 860 praefi·riptione
1647 819 1805 861 Ecclesiam
1822 827 1917 865 gravi
1939 827 2045 854 incom-

1160 866 1243 900 modo
1253 866 1428 908 adficerent.
1456 872 1568 902 Omnes
1593 876 1672 902 enim
1698 882 1756 903 non
1773 872 1849 914 poffl:
1871 870 1953 912 ferre
1979 880 2042 904 tam

1161 915 1305 956 austeram
1317 915 1506 959 disctplinam
1518 942 1529 958 ,
1553 926 1674 962 tamque
1685 921 1724 954 ab
1733 927 1813 954 omni
1823 927 1918 956 animi
1925 927 2041 963 pertur-

1160 965 1280 1011 batione
1293 978 1419 1004 vatuam
1429 991 1440 1007 ,
1467 979 1556 1010 neque
1565 968 2043 1018 afingqurumluxors‘busfos-tas-

1159 1014 1192 1059 se
1213 1028 1279 1050 eam
1304 1017 1451 1058 castitatis
1462 1030 1595 1052 normam
1615 1022 1692 1064 posse
1698 1020 1839 1064 ser-nari.
1867 1026 1933 1055 Viri
1942 1030 2043 1055 autem

1160 1077 1224 1100 cum
1248 1068 1379 1115 legitima
1402 1080 1493 1107 uxore
1515 1071 1698 1106 concubitum
1723 1074 1891 1114 appellavit
1917 1071 2043 1113 castimo-

1162 1122 1244 1162 niam
1256 1142 1263 1149 .
1287 1117 1373 1152 1llud
1376 1116 1456 1161 sans
1468 1120 1519 1162 effe
1534 1143 1545 1159 ‚
1571 1128 1665 1164 utqui
1675 1127 1710 1155 in
1720 1123 1843 1156 clerum
1852 1130 1922 1156 ante
1932 1121 2044 1166 adscri—

1157 1173 1328 1209 ptierant,
1355 1163 1447 1211 quam
1458 1171 1607 1214 duxiffent
1617 1183 1744 1212 uxores,
1771 1172 1971 1215 htsecundum
1996 1182 2046 1205 ve-

1162 1226 1255 1251 terem
1265 1218 1401 1263 Ecclefiae
1410 1222 1603 1258 traditionem
1612 1223 1749 1265 demceps
1776 1224 1920 1266 &nuptiis
1935 1222 1969 1266 se
1991 1221 2047 1256 ab·

1155 1266 1302 1307 stinerent
1315 1293 1326 1308 ‚
1348 1280 1408 1307 non
1418 1279 1522 1305 tamen
1530 1283 1708 1316 quemquam
1720 1273 1759 1306 ab
1769 1275 1822 1307 nlla
1834 1299 1844 1315 ,
1871 1285 1959 1316 quam
1976 1273 2046 1314 jam

1157 1318 1278 1358 pridem
1289 1320 1362 1352 dum
1370 1321 1463 1355 laicus
1474 1332 1541 1358 erat
1550 1334 1671 1360 uxorem
1690 1325 1835 1367 duxff‘t‚
1858 1322 1976 1368 sejungi
1999 1323 2048 1356 de·

1160 1366 1247 1400 bere.
1275 1367 1363 1410 Istam
1374 1376 1408 1403 ln
1418 1370 1629 1415 Eptfioporum
1638 1383 1785 1411 conventu
1811 1379 1971 1408 orationem
1992 1372 2047 1405 ha-

1158 1416 1223 1455 buit
1236 1418 1452 1460 Paphnutius,
1476 1432 1544 1452 cum
1559 1421 1621 1463 ipse
1641 1434 1700 1455 non
1724 1425 1809 1456 modo
1834 1429 1958 1464 nuptias
1988 1434 2045 1456 non

1158 1474 1300 1508 expertus
1308 1469 1374 1509 effes
1383 1493 1394 1508 ‚
1414 1466 1574 1511 sedetiam
1587 1470 1739 1504 mulierem
1749 1482 1807 1505 non
1822 1474 1985 1514 aliquando
1997 1482 2046 1506 at-
2088 1476 2114 1502 ὀ

1159 1517 1283 1560 tigiffet.
1309 1521 1396 1550 Nam
1421 1520 1443 1550 ἃ
1459 1527 1550 1561 puero
1575 1526 1609 1553 in
1619 1520 1929 1566 Monasterioseipsum
1940 1521 2046 1566 severo

1157 1573 1234 1605 vitae
1259 1569 1294 1601 ό·
1312 1566 1479 1611 disciplmae
1494 1575 1603 1614 generi
1624 1573 1811 1605 addixerat:
1836 1579 1891 1619 qut
1920 1574 2040 1615 quidem

1152 1624 1278 1662 propter
1281 1616 1461 1662 fingularem
1473 1620 1754 1664 castimoniamprae
1764 1628 1879 1658 caeteris
1896 1625 1991 1665 plane*
2013 1629 2045 1656 in

1157 1680 1269 1713 magna
1286 1668 1389 1710 famae
1412 1670 1580 1709 celebritate
1605 1678 1688 1706 vixit
1705 1698 1712 1704 .
1740 1678 1847 1716 Itaque
1872 1685 1937 1707 cum
1965 1684 2043 1708 totus

1157 1716 1391 1761 Episcoporum,
1416 1721 1676 1763 Presbyterorum‚
1706 1725 1741 1758 Θ
1763 1726 1959 1757 Diaconorum
1978 1735 2043 1758 con.-

1157 1776 1264 1802 ventus
1287 1770 1389 1803 verbis
1401 1772 1571 1814 Paphnutn
1595 1772 1763 1818 affenfiffet,
1787 1774 1981 1815 controverfia
2005 1776 2043 1808 de

1156 1818 1214 1853 bac
1224 1831 1255 1853 re
1265 1830 1370 1854 exorta
1382 1821 1418 1862 est
1424 1822 1546 1864 penitus
1552 1822 1662 1867 sedata
1673 1850 1683 1865 ‚
1705 1824 1891 1868 potestasque
1898 1824 2042 1867 permissa

1156 1875 1258 1913 cuique
1263 1879 1320 1913 pro
1332 1871 1482 1906 arbitratu
1492 1874 1531 1907 ab
1542 1880 1645 1908 uxoris
1669 1873 1875 1918 consuetudine
1897 1875 2041 1916 abstinen-

1156 1922 1207 1953 di.
1235 1920 1272 1954 In
1294 1922 1373 1963 illa,
1399 1935 1470 1967 quae
1493 1937 1620 1960 morum
1634 1927 1761 1971 regulas
1782 1926 1955 1967 condidit,
1983 1926 2041 1959 ses·

1156 1971 1245 2006 fione
1268 1973 1362 2007 fuisse
1373 1974 1493 2009 fastum
1516 1976 1626 2011 scribit
1638 1977 1794 2014 Hermias
1803 1978 2016 2014 Zozomenus
2029 2001 2039 2019 ,

1155 2020 1279 2056 addens
1291 2034 1412 2059 novam
1438 2025 1533 2062 istam
1547 2028 1655 2073 legem
1672 2040 1740 2062 non
1768 2028 1810 2065 de
1819 2027 1893 2062 solis
1909 2027 2040 2070 Episco-

1154 2071 1204 2114 Ρῐς
1223 2096 1234 2112 2
1262 2071 1462 2116 Presbyteris
1480 2102 1492 2121 ‚
1521 2089 1558 2112 ac
1580 2079 1762 2119 Diaconis‚
1791 2078 1845 2113 sed
1873 2078 1971 2112 etiam
2000 2077 2041 2112 de

1154 2121 1372 2158 Subdiaconis
1383 2125 1475 2160 fuisse
1485 2128 1682 2171 postulatam
1693 2154 1700 2160 .
1727 2130 1813 2175 Qiae
1826 2128 1889 2171 ipsa
1900 2128 2039 2161 affirmat

1154 2171 1301 2207 Gelafius
1327 2175 1535 2218 Cyzicenus.
1561 2178 1652 2211 Nam
1678 2179 1711 2210 &
1739 2180 1831 2220 supra
1858 2177 2038 2217 adductus,

1153 2221 1210 2264 qui
1222 2231 1362 2258 veterem
1377 2225 1524 2259 Ecclesiae
1535 2227 1747 2261 traditionem
1768 2227 1917 2260 continet
1931 2251 1940 2266 ,
1968 2227 2038 2260 vul-

1152 2271 1238 2314 garis
1249 2271 1463 2315 Apostolicus
1484 2275 1604 2311 Canon
1616 2277 1713 2312 etiam
1742 2276 1970 2312 Subdiaconos
1991 2289 2037 2311 ar-

1153 2330 1204 2354 cet
1227 2319 1246 2352 a
1267 2323 1363 2356 novis
1383 2325 1527 2368 nuptiis,
1555 2326 1699 2369 ipsasque
1711 2326 1861 2371 indulget
1886 2327 1963 2360 solis
1977 2328 2037 2361 Le-

1152 2370 1294 2406 &oribus
1312 2371 1346 2405 &
1358 2373 1576 2409 Cantoribus.
1606 2376 1708 2421 Qod
1723 2377 1827 2419 ipsum
1843 2377 2035 2421 largioribus

1151 2420 1255 2454 verbis
1280 2423 1431 2459 sanciunt
1458 2423 1656 2468 Apostolicae
1683 2426 1828 2459 Romani
1854 2427 2036 2461 Clementis

1151 2469 1414 2511 constitutiones
1424 2498 1435 2514 2
1461 2483 1559 2517 atque
1570 2476 1615 2509 ita
1629 2475 1771 2519 produnt
1784 2478 1815 2510 se
1829 2487 1932 2519 neque
1943 2476 2036 2520 Apo-

1151 2521 1280 2555 stolicas
1301 2523 1363 2558 ess'e
1386 2549 1398 2565 ,
1425 2536 1532 2568 neque
1569 2525 1773 2560 Clementis.
1802 2527 2034 2570 Apostolicam

1150 2572 1242 2605 enim
1252 2575 1503 2609 conniventiam
1515 2576 1626 2619 potius
1638 2587 1738 2619 quam
1759 2576 2034 2612 constitutionem

1150 2632 1329 2658 memorata
1341 2625 1477 2660 traditio
1490 2628 1656 2660 contraxit
1668 2652 1678 2667 ,
1705 2627 1739 2659 &
1762 2637 1942 2668 utcumque
1967 2639 2044 2677 perj.

1150 2672 1246 2706 fecit.
1276 2673 1435 2710 Eamdem
1448 2676 1660 2712 traditionem
1684 2676 1865 2721 Paphnutii
1886 2677 2032 2712 interces-
2092 2685 2096 2688 '

1149 2725 1193 2759 fio
1218 2724 1375 2761 firmavit.

1197 2771 1344 2818 Qaestio
1354 2775 1399 2810 est
1413 2799 1424 2818 ,
1451 2775 1508 2811 An
1523 2777 1582 2811 ista
1594 2779 1775 2813 interceffio
1794 2779 1831 2813 fit
1842 2777 2031 2812 authentica

1149 2825 1183 2858 &
1194 2825 1293 2860 vera?
1319 2824 1500 2862 Rationem
1514 2827 1686 2863 dubitandi
1701 2829 1821 2872 praestat
1832 2827 2030 2862 Bettholdus
2049 2822 2176 2859 A01079v

1147 2875 1321 2921 Presbyter
1346 2877 1605 2913 Constantienfis
1625 2903 1635 2919 ,
1660 2880 1821 2913 affirmans
1848 2877 2031 2921 paphnutii

1147 2925 1362 2969 Capitulum,
1388 2927 1478 2972 quod
1505 2941 1563 2973 pro
1590 2930 1751 2974 sacrilegis
1778 2930 1841 2963 suis
1866 2927 2030 2972 conjugiis

1145 2975 1384 3012 ebuccinabant
1411 2978 1504 3013 istius
1529 2980 1633 3013 saeculi
1661 2979 1867 3017 Sacerdotes,
1894 2976 1943 3010 uti
1969 2978 2028 3021 fig-

1145 3036 1293 3062 mentum
1320 3030 1414 3063 fuiffe
1440 3029 1460 3063 a
1485 3029 1647 3074 Gregorio
1678 3029 1825 3071 Septimo
1861 3026 2027 3061 Pontifice

1145 3074 1355 3112 damnatum.
1384 3080 1427 3115 Et
1440 3079 1546 3122 plures
1556 3078 1731 3123 graviffimi
1741 3077 1908 3120 scriptores
1919 3076 2025 3120 ipsum

1144 3127 1183 3161 ad
1196 3127 1419 3162 Graeculorum
1432 3129 1566 3164 fabellas
1575 3125 1776 3170 proscribunt
1786 3151 1793 3158 .
1826 3125 2025 3170 Respondeo

1145 3179 1326 3212 tameneffe
1337 3177 1559 3212 authenticam
1573 3201 1580 3209 .
1609 3177 1648 3210 Ei
1667 3188 1810 3220 namque
1832 3176 2024 3210 attestantur

1146 3239 1213 3261 non
1226 3228 1284 3262 soli
1298 3227 1418 3266 laudati
1433 3227 1620 3261 Graecorum
1633 3227 1803 3270 scriptores
1818 3251 1829 3267 ‚
1858 3226 1911 3262 sed
1922 3229 2023 3262 etiam

1144 3277 1178 3310 in
1205 3278 1320 3311 litteris
1345 3276 1387 3312 ad
1415 3277 1657 3312 vercellensem
1684 3277 1861 3311 Ecclesiam
1888 3279 2024 3312 Sanetus
2042 3279 2125 3319 Epist·
2144 3285 2190 3313 28.

1145 3326 1353 3367 Ambrofius,
1381 3327 1613 3371 Apostolicum
1637 3328 1678 3362 de
1703 3328 1801 3363 unius
1816 3327 1929 3361 uxoris
1950 3328 2022 3360 viro

2061 2019 2117 2047 L-1.
2132 2025 2215 2048 σαι.

1143 3377 1314 3411 Canonem
1327 3377 1462 3412 laudans
1473 3403 1484 3419 ,
1508 3390 1547 3412 ac
1560 3388 1716 3423 pergens:
1741 3375 1951 3421 Cognoscamus
1963 3387 2020 3409 non

1138 3425 1231 3468 sblum
1258 3425 1308 3461 hoc
1320 3427 1479 3470 Apostolum
1505 3430 1542 3462 de
1564 3427 1707 3471 Episcopo
1733 3427 1948 3467 &Presbytero
1960 3425 2021 3465 sta·

1869 3475 1950 3526 tuisse
1960 3498 1972 3517 ,
