2352 3736
122 2600 158 2629 A.
192 2607 273 2632 1040.

386 181 482 213 222

311 254 486 285 dominatus
489 249 600 290 fuerat
611 252 703 282 vivus
722 274 732 289 ‚
757 250 846 282 locum
856 251 983 293 corporis
991 244 1042 288 sui
1064 254 1202 287 capacem

310 302 372 344 fine
405 299 517 341 querela
543 300 577 332 (9·
612 301 761 332 calumnia
793 306 923 329 mortuus
959 307 1019 328 non
1055 295 1176 329 haberet
1188 321 1199 336 ‚

316 354 447 391 Denique
457 349 510 381 illa
535 351 655 391 querela
665 350 738 380 adeo
749 358 846 379 onmes
858 351 952 378 movit
962 370 973 386 ,
1004 353 1035 379 ut
1043 347 1129 388 prius
1153 351 1199 380 vi-

314 412 353 434 vo
367 403 554 441 conquerenti
573 407 626 440 pro
639 406 706 430 voto
710 394 922 438 siitIsfacerent
934 420 945 436 ,
970 408 1005 429 ac
1017 397 1124 430 deinde
1134 407 1198 430 exe·

311 454 400 492 quius
413 458 523 483 mortuo
543 448 756 488 adimplerent.
784 446 829 479 Et
852 446 922 489 jure
943 447 1062 480 merito
1074 471 1083 480 .
1121 447 1196 481 Ete-

310 499 384 533 nim
411 498 628 542 Justinianum
651 495 883 539 Imperatorem
899 521 909 537 ‚
946 496 1036 540 quod
1057 497 1092 531 in
1118 509 1195 531 con-

311 548 464 584 struenda
474 548 595 581 Sanstae
607 544 738 589 Sophiae
750 545 1121 592 Constantinopolitana
1136 546 1196 580 Pa-

304 597 474 638 niarchali
497 595 630 631 Bafilica
652 597 839 640 processerit
871 597 984 642 longe.
1006 597 1100 632 aliter
1110 622 1120 638 ,
1157 597 1192 631 in

308 658 405 691 opere
415 647 455 681 de
466 645 524 680 ista
539 648 690 681 strud’cura
704 645 783 681 recte
808 647 920 682 laudat
953 647 1078 683 Auctor
1102 649 1194 682 inco—

307 698 442 741 gnitus,
470 696 587 730 Latine
597 696 740 731 redditus
750 709 806 741 per
833 698 963 733 fratrem
984 699 1191 733 Franciscum

307 746 477 781 Combefis
516 745 652 782 Ordinis
690 748 941 783 Praedicatorurn
962 774 972 790 ‚
1015 761 1053 783 ac
1088 760 1130 782 nu
1138 761 1192 792 per

304 797 491 840 publicatus
519 808 575 841 per
601 797 750 832 Leonem
775 799 937 833 Allatium
951 811 958 833 ε
992 799 1190 845 justinianus

305 854 391 889 coepit
402 853 518 881 vicinas
534 848 615 880 aedes
628 859 750 881 coemere
760 873 772 888 ,
796 861 832 882 ac
837 855 971 892 primam
982 853 1086 883 viduae
1096 847 1187 892 cujus-

303 897 377 930 dam
386 897 517 930 mulieris
531 920 542 935 ‚
569 900 663 930 Annae
674 905 789 931 nomine
800 925 807 931 .
836 900 1012 940 AEstimatae
1023 902 1100 933 aedes
1108 909 1189 941 prae·

302 952 345 980 tio
356 947 501 981 librarum
512 946 655 990 odoginta
666 953 797 990 quinque
807 972 814 979 .
841 953 976 992 Cumque
988 951 1042 982 illa
1058 951 1188 991 Impera—

301 1003 358 1030 tori
368 999 459 1032 nollet
471 998 602 1031 vendere
612 1021 623 1037 ,
651 1009 688 1030 ac
697 1009 733 1031 ne
739 997 771 1039 fi
776 1004 957 1044 quingentas
970 1000 1064 1033 libras
1071 1000 1186 1041 praebe-

298 1056 348 1080 ret
359 1071 374 1088 ,.
395 1046 479 1090 illise
490 1049 632 1081 daturam
644 1046 812 1089 obfirmaret
822 1074 833 1090 ,
861 1047 942 1093 isque
949 1051 1021 1084 adeo
1034 1050 1139 1083 multis
1150 1061 1187 1083 ex

298 1097 472 1131 Proceribus
483 1098 569 1137 mtffis
578 1120 590 1137 ,
617 1103 670 1142 qui
690 1097 849 1133 blanditiis
872 1102 1021 1134 mulierem
1047 1103 1189 1134 demulce-

297 1156 367 1181 rent
380 1173 391 1188 ‚
419 1147 499 1182 nibil
512 1151 690 1193 impetraffet
702 1173 713 1189 ‚
741 1151 878 1184 accedens
901 1149 963 1194 ipse
973 1153 1019 1183 ad
1024 1157 1188 1193 impetran-

297 1199 371 1231 dum
391 1198 536 1242 supplicis
563 1198 660 1241 specie
679 1205 856 1234 renitentem
895 1202 1027 1234 mulieris
1050 1206 1186 1244 animum

296 1246 477 1291 obsecrabat,
498 1258 532 1282 ut
543 1251 624 1283 aedes
632 1256 729 1293 pretio
747 1253 890 1284 venderet
903 1272 912 1284 .
940 1254 1040 1295 ,Quem
1059 1251 1165 1286 mulier
1176 1275 1186 1292 ‚

296 1308 363 1332 cum
368 1299 410 1340 fic
418 1299 644 1341 pree-abundum
657 1302 775 1344 vidisset
783 1325 793 1341 ‚
819 1303 862 1334 ad
871 1303 933 1342 ejus
939 1303 1071 1343 procidit
1077 1303 1186 1344 pedes,

296 1354 406 1390 rogans'
417 1363 453 1383 ac
463 1351 581 1383 dicens:
609 1355 743 1384 Mearum
751 1357 886 1392 pretium
896 1353 1008 1385 aedium
1021 1354 1041 1384 ἃ
1052 1361 1082 1386 te
1092 1378 1103 1394 ,
1132 1355 1186 1384 Do·

294 1403 376 1432 mine
388 1404 455 1434 Rex
471 1425 480 1440 ‚
509 1401 629 1434 nullum
640 1401 730 1435 debeo
740 1408 870 1444 accipere
885 1427 891 1433 .
920 1404 1036 1444 Templi
1051 1404 1122 1436 verb
1135 1414 1186 1436 ex·

288 1447 426 1488 struendi
435 1462 502 1494 rogo
514 1458 548 1484 ut
558 1451 626 1493 ipsa
639 1463 751 1493 quoque
758 1458 791 1484 in
815 1454 864 1485 die
879 1453 1002 1494 Judicii
1025 1454 1185 1486 mercedem

293 1499 447 1543 nanciscar
460 1524 470 1539 ,
491 1512 526 1533 ac
530 1499 662 1541 fi’pcliar
669 1507 702 1533 in
712 1501 827 1535 aedibus
842 1503 936 1545 prope*
946 1526 956 1541 ,
970 1501 1113 1545 jugisque
1135 1504 1183 1535 do-

291 1557 438 1584 natarum
452 1552 473 1582 ᾰ
483 1562 530 1584 me
545 1551 656 1584 aedtum
677 1549 820 1584 habeatur
831 1557 970 1584 memoria
979 1576 986 1583 .
1020 1556 1184 1593 Imperator

287 1596 397 1641 sande
402 1602 559 1642 pollicetur
571 1623 582 1640 ‚
608 1600 743 1644 absoluta
752 1603 866 1643 Templi
876 1601 1075 1643 edificatione
1088 1626 1098 1641 ,
1123 1614 1184 1634 inu-

289 1647 392 1691 llerem
404 1652 463 1684 illic
469 1651 627 1694 sepultura
637 1652 811 1684 donandam
823 1676 833 1691 ,
842 1651 892 1684 ubi
897 1650 996 1693 poffefi
1001 1657 1095 1684 ionem
1111 1650 1183 1691 fun-

290 1699 422 1742 dumque
433 1701 603 1743 concesserit
614 1725 625 1741 ,
664 1700 734 1743 eius
727 1713 782 1742 que
793 1707 853 1733 ritu
859 1708 1004 1742 perpetuo
1016 1700 1184 1733 habendam

289 1750 463 1783 memoriam
477 1775 484 1782 .
512 1748 610 1783 Plura
623 1750 806 1784 istiusmodi
829 1749 976 1794 exempla
991 1749 1115 1784 ibidem
1141 1762 1184 1783 re-

291 1797 353 1832 fert
373 1800 525 1835 laudatus
549 1798 694 1835 Auctor.
724 1801 775 1834 Ex
804 1799 923 1843 quibus
947 1800 1034 1834 lucet
1060 1811 1120 1834 nec
1141 1800 1182 1834 ad
1217 1840 1221 1846 ,

291 1849 547 1886 construendam
568 1848 823 1885 Patriarchalem
848 1875 858 1890 ‚
898 1851 1022 1893 populo
1048 1851 1183 1884 necessa-

291 1898 398 1940 riam,
426 1900 621 1941 Bafilicam,
645 1900 746 1943 longe
758 1900 867 1934 minus
893 1900 933 1933 ad
958 1899 1182 1933 parochialem

290 1959 348 1984 aut
360 1950 584 1986 Monasticam
597 1950 775 1984 Ecclesiam
788 1973 798 1989 ‚
812 1948 1012 1992 privatorum
1022 1951 1103 1983 aedes
1117 1951 1183 1992 pos·

289 1998 322 2032 Ie
344 2001 450 2035 taxari
473 2000 491 2034 ὲ
516 1999 693 2044 Principe,
719 2000 754 2034 <Sc
787 1999 866 2033 dato
887 1999 987 2033 etiam
1014 1999 1182 2043 duplicato

290 2050 396 2092 pretio
417 2051 498 2094 eripi
522 2051 681 2086 Dominis
703 2049 833 2083 invitis.
872 2049 996 2083 Alieno
1020 2050 1054 2082 in
1078 2048 1182 2084 fundo

290 2099 446 2136 aedificare
467 2102 543 2137 Deo
566 2102 745 2136 Ecclesiam
755 2099 800 2135 est
814 2100 900 2144 quasi
914 2098 1021 2134 filium
1033 2099 1182 2134 immola-

290 2161 324 2184 re
338 2151 369 2184 in
389 2154 562 2196 conspeetu
574 2152 698 2187 Patris.

341 2201 489 2247 Pergunt
498 2203 581 2246 Asta
593 2202 793 2246 Synodalia:
818 2206 876 2237 Leo
891 2206 978 2245 Papa
1001 2206 1125 2237 vocavit
1149 2204 1183 2236 Θ·

291 2252 473 2294 Gozfredum
482 2251 728 2298 Andegavensem
740 2252 830 2297 usque
839 2255 884 2286 ad
892 2254 1034 2293 synodum
1039 2253 1182 2295 futuram

292 2306 454 2345 Moguntiae
475 2329 485 2344 ,
513 2305 555 2338 ibi
576 2306 887 2339 excommunicandum
899 2328 910 2344 ,
936 2303 991 2346 nist
1007 2304 1159 2337 relaxaret
1172 2327 1182 2342 ,

291 2363 375 2395 quem
396 2363 516 2396 captum
540 2355 662 2389 tenebat
674 2379 685 2395 ,
714 2357 874 2387 Dominum
895 2353 1071 2395 Gervafium
1084 2377 1095 2393 ,
1133 2359 1184 2395 qui

290 2412 359 2436 tunc
368 2414 433 2438 erat
447 2404 651 2448 Praesiilsedis
663 2409 891 2439 Cenomannicae
903 2427 913 2442 ‚
929 2403 1029 2447 postea
1043 2405 1115 2437 vero
1142 2402 1182 2435 ab

291 2453 420 2496 ejusdem
441 2459 570 2494 Tyranni
590 2455 729 2497 potestate
753 2463 933 2496 exemptus,
975 2455 1110 2487 Guidone
1129 2455 1180 2484 Ar-

291 2502 465 2546 chiepiscopo
497 2504 633 2547 defunbi'o
656 2530 667 2546 ‚
702 2507 722 2537 ἂ
750 2509 829 2548 Rege
851 2508 1036 2537 Francorum
1058 2507 1183 2537 Henrico

289 2551 465 2597 subrogatus
480 2554 573 2594 estad
591 2561 721 2597 regimen
754 2553 899 2594 Remenfis
923 2552 1075 2594 Ecclesr‘ae.
1119 2553 1184 2587 Co-

292 2613 363 2637 mes
389 2604 444 2638 ille
472 2603 716 2647 Andegavenfis
745 2603 809 2637 fuit
835 2601 1020 2636 Gaufredus
1048 2602 1181 2635 Marcel-

294 2652 344 2686 lus
359 2678 368 2693 ‚
395 2654 436 2688 de
456 2665 521 2697 quo
549 2651 744 2698 Radulphns
769 2651 810 2687 de
833 2653 981 2686 Dicetos
1009 2653 1180 2685 Guillelmus

295 2706 367 2736 Dux
398 2709 655 2737 Nortmannorum
701 2702 893 2741 Heribertum
928 2705 1179 2736 Cenomannieum

297 2753 448 2798 Consulem
469 2760 566 2788 nimis·
579 2754 801 2798 impugnabant
819 2779 829 2794 ,
856 2758 901 2787 cui
936 2753 1096 2786 Martellus
1129 2763 1183 2786 au-

299 2807 420 2839 xiliator
442 2807 598 2839 &tutator
604 2805 671 2846 fuit
683 2827 693 2843 ‚
719 2805 866 2837 &idcirco
886 2804 957 2836 Dux
981 2807 1180 2836 Nortmanno·

298 2868 386 2897 rum,
411 2862 462 2899 qui
478 2857 611 2899 Anglt'am
621 2853 771 2897 acquifivit
791 2879 801 2894 ,
828 2851 1093 2894 multoperpessus
1102 2851 1141 2892 est
1159 2853 1181 2884 ἃ

301 2907 455 2941 Martello.
486 2905 569 2940 Belli
591 2906 721 2939 causam
731 2903 832 2938 edicit
853 2902 941 2937 idem
963 2899 1179 2944 Radulphus‚

303 2956 509 3001 Homagium
541 2956 576 2990 &
611 2953 802 2999 Ligantiam
820 2978 831 2993 ‚
866 2963 965 2997 quarn
988 2948 1181 2985 Gaufredus

305 3008 442 3041 Henric‘i
457 3005 591 3040 secundi
604 3004 794 3050 Anglorum
806 3002 911 3048 Regis
922 3000 1008 3035 filius
1018 3026 1029 3042 ,
1055 3012 1109 3046 per
1119 3000 1182 3034 ini-

305 3064 377 3089 tum
402 3067 476 3090 cum
502 3055 697 3090 Constantia
725 3052 853 3088 Conaci
879 3052 1055 3086 Britonum
1091 3051 1182 3086 Prin·

307 3106 388 3147 cipis
413 3105 534 3140 haerede
560 3105 627 3140 filia
652 3105 846 3148 conjugium
871 3100 1052 3138 eorundem
1077 3101 1184 3136 Brito-

309 3165 390 3187 num
414 3154 493 3186 Dux
519 3155 662 3197 praestitit
687 3155 776 3190 fratri
813 3153 870 3189 sub
910 3153 1062 3188 Henrico
1096 3151 1184 3196 Regi

309 3202 431 3248 juniori
456 3214 609 3245 tanquam
636 3202 863 3239 Nortmandiae
899 3203 1010 3243 Duci,
1047 3201 1185 3236 laudans

311 3255 345 3290 &
371 3251 548 3295 adjunges.-
578 3259 634 3286 Hoc
662 3257 778 3288 vinculo
805 3254 915 3288 debttae
931 3251 1122 3296 fiebjecffiot't'is
1136 3263 1187 3286 ex·

315 3303 448 3337 bibitorio
475 3302 511 3332 de
534 3301 713 3337 liberalitate
737 3309 851 3347 Regum
883 3308 1023 3336 Franciae
1056 3305 1186 3336 Comites

318 3356 489 3386 Britanntae
503 3350 632 3382 Ducibus
643 3356 898 3385 Nortmannorum
909 3353 946 3386 ab
969 3358 1104 3395 antiquis
1116 3359 1189 3386 tem-

314 3402 435 3447 poribus
460 3407 596 3433 tenentur
615 3399 763 3439 adstrtcii.
794 3402 1020 3436 Nortmandiae
1040 3402 1189 3437 Ducibus

914 164 1554 208 DISsnRTAT'io

1258 258 1299 292 ge
1312 271 1322 287 ,
1333 244 1508 290 multisque
1521 245 1655 283 istorum
1665 248 1700 284 in
1714 248 1865 286 Britones
1874 251 2044 297 triumphis
2057 257 2137 289 cond

1257 298 1423 331 firmatum
1434 298 1587 331 affeverat
1600 298 1637 331 in
1650 297 1820 334 Chronico
1831 302 2048 339 Flodoardus.
2060 304 2139 340 Pot-

1258 347 1294 381 τό
1305 347 1514 381 Nomenoius
1525 347 1699 382 Britonum
1717 349 1837 384 Comes
1849 375 1860 391 ‚
1887 351 1935 385 uti
1953 363 1994 387 ex
2016 355 2139 390 Fonta-

1257 397 1406 431 nellenfis
1421 397 1615 432 Monasterii
1634 396 1720 441 apud
1731 399 1939 434 Franciscum
1951 401 1996 436 du
2007 402 2139 440 Chesne

1257 446 1446 486 Chronico,
1472 447 1507 481 ὃς
1518 447 1631 482 Caroli
1644 449 1739 483 Calvi
1753 449 1858 494 Regis
1869 449 2050 494 Capitulari
2060 464 2141 490 con-

1255 496 1314 531 stat
1328 521 1338 537 ,
1373 498 1456 532 olim
1486 498 1690 534 Namnetum
1702 525 1712 539 ‚
1751 499 1908 535 Redonas
1927 526 1939 542 ,
1979 501 2141 539 Cenoma-

1255 547 1369 588 niam,
1395 559 1432 582 ac
1443 549 1543 584 etiam
1570 548 1791 594 Andegavum
1815 550 2018 594 possederat,
2053 552 2140 589 ideo-

1255 608 1316 640 que
1336 598 1438 646 etiam
1455 598 1497 633 ab
1518 599 1694 634 Heriberto
1734 600 1971 634 Cenomanenfi
2006 600 2140 639 Comite

1252 647 1451 682 Guilielrnus
1473 649 1554 682 Dux
1587 649 1802 693 praetendebat
1838 650 2027 686 hominium
2051 664 2058 683 :
2104 652 2140 687 δε

1251 696 1396 741 ejusdem
1421 699 1556 733 sortisse
1568 701 1630 733 effe
1641 701 1742 735 sciens
1762 701 1948 735 Gaufredus
1968 700 2140 737 Marcellus

1252 748 1464 783 Heribertum
1475 749 1603 783 strenue
1613 750 1810 792 adjuvabat,
1838 751 1891 785 sed
1917 751 2030 785 frustra
2044 774 2051 782 .
2081 752 2139 786 Fa·

1250 799 1318 834 ctus
1329 800 1419 833 enim
1431 800 1505 834 Rex
1521 800 1721 835 Guilielrnus
1733 802 1901 845 resumpsit
1930 800 2051 835 bellum
2066 824 2077 841 ‚
2102 801 2136 836 δε

1252 860 1317 882 non
1330 849 1437 883 solum
1452 848 1643 885 hominium
1655 876 1666 892 ,
1692 849 1745 886 sed
1766 852 1867 895 ipsam
1884 862 2017 895 quoque
2029 851 2139 886 Ceno-

1251 899 1393 934 maniam
1405 901 1501 934 armis
1512 901 1681 944 acquifivit
1695 927 1702 934 .
1729 903 1777 935 lta
1790 900 1899 935 scribit
1910 899 2059 935 laudatus
2073 901 2139 935 Ra-

1250 947 1399 992 dulphus.
1424 950 1467 983 Et
1479 949 1558 985 hinc
1569 951 1733 995 intelliges
1746 951 1895 986 schedam
1920 951 2091 994 antiquam
2104 951 2138 985 &

1250 1009 1348 1034 manu
1359 999 1511 1043 scriptam
1523 1024 1534 1040 ,
1560 1011 1657 1043 quam
1672 1002 1735 1034 suis
1745 1001 1786 1035 ad
1798 1002 1907 1035 Sansti
1924 1002 2035 1035 lvonis
2059 1000 2137 1044 Epi-

1249 1048 1347 1082 stolas
1362 1050 1449 1082 notis
1465 1049 1599 1084 inseruit
1623 1052 1814 1085 Franciscus
1838 1052 1981 1094 Juretus:
2014 1053 2137 1085 Bellum

1244 1099 1446 1141 graviffimum
1457 1107 1591 1132 exortum
1599 1099 1637 1139 est
1649 1105 1728 1132 inter
1741 1106 1904 1136 Heni-icum
1925 1107 2057 1143 primum
2078 1105 2137 1136 An-

1244 1150 1360 1191 glorum
1370 1152 1480 1193 Regem
1490 1150 1524 1182 6·
1535 1150 1651 1182 Heliam
1663 1153 1809 1183 Comitem
1822 1151 2070 1194 Cenomanensem
2081 1176 2093 1192 ,
2103 1163 2136 1186 eo

1247 1200 1329 1240 quod
1339 1199 1417 1232 idem
1431 1203 1498 1232 Rex
1510 1197 1721 1242 Episcopatum
1730 1199 1968 1233 calumniabatur
1978 1224 1989 1241 ,
2015 1202 2135 1243 ideoque

1248 1250 1429 1283 ordinationi
1443 1250 1613 1285 Hildeberti
1634 1248 1774 1293 Episcopi
1796 1249 1970 1284 moliebatur
1990 1249 2133 1292 obfistere.

1249 1303 1325 1332 Cum
1335 1307 1436 1333 autem
1445 1299 1567 1343 audisset
1580 1302 1751 1336 ordinatum
1762 1300 1813 1344 esse
1821 1324 1831 1340 ‚
1872 1299 2037 1341 manifestis
2049 1300 2137 1336 bellov

1248 1360 1311 1382 rum
1320 1349 1479 1392 incursibus
1494 1350 1639 1392 patefecit
1655 1376 1662 1383 .
1691 1350 1773 1385 Non
1799 1350 1905 1384 solum
1924 1350 2067 1386 Comitis
2076 1348 2137 1385 ho·

1249 1400 1389 1434 minium
1403 1424 1413 1440 ‚
1439 1399 1494 1434 sed
1510 1401 1607 1435 etiam
1623 1399 1774 1444 Episcopi
1787 1401 2054 1435 nominationem
2073 1400 2136 1444 pri-

1249 1449 1354 1484 vative
1364 1448 1405 1484 ad
1415 1450 1613 1493 majestatem
1649 1452 1738 1485 suam
1761 1451 1898 1495 spestare
1921 1449 2138 1495 praetendebat

1249 1500 1433 1541 Henricus,
1461 1500 1602 1543 ideoque
1625 1500 1730 1534 Heliae
1753 1500 1932 1545 superbiam
1957 1499 1991 1534 vi
2012 1509 2138 1535 armata.

1246 1549 1362 1593 fregit,
1388 1551 1486 1583 &sua
1498 1551 1591 1584 exuit
1606 1550 1757 1585 civitate.
1787 1551 1823 1585 In
1842 1551 1899 1584 tali
1923 1550 2024 1595 igitur
2047 1548 2137 1584 bello

1247 1599 1436 1633 Gervafium
1460 1599 1683 1643 Episcopum,
1715 1599 1804 1643 quod
1835 1600 2020 1634 Guilielmo
2044 1599 2137 1634 Con·

1246 1649 1393 1691 quaestori
1407 1650 1540 1690 faveret,
1552 1660 1607 1683 aut
1620 1651 1727 1684 favere
1736 1651 1895 1694 suspectus
1906 1652 1982 1684 effet
1995 1672 2007 1688 ‚
2032 1648 2134 1693 capti-

1247 1699 1332 1731 vavit
1357 1698 1542 1733 Gaufredus
1555 1699 1725 1737 Martellus
1735 1724 1746 1740 ,
1772 1701 1805 1734 &
1817 1699 1954 1733 vinculis
1968 1700 2134 1742 mancipa-

1247 1748 1309 1781 vit.
1342 1748 1422 1790 Ejus
1445 1759 1499 1789 per
1526 1749 1713 1783 Falconem
1730 1749 1975 1793 Hierosolymae
2004 1748 2137 1792 Regem

1247 1808 1348 1841 nepos
1370 1797 1557 1832 Gaufredus
1583 1796 1771 1842 Plantegast
1792 1799 1979 1842 sagiensem
2003 1798 2138 1841 Episcoe

1247 1859 1323 1890 pum
1332 1846 1430 1881 etiam
1443 1847 1592 1881 castravit
1606 1872 1612 1880 .
1643 1848 1687 1882 Et
1702 1849 1856 1883 Sanstum
1876 1846 2111 1882 Hildebertum
2123 1870 2138 1889 ,

1245 1899 1333 1940 quod
1344 1896 1429 1931 dicto
1453 1896 1561 1931 Heliae
1572 1897 1768 1941 patrocinari
1781 1898 1962 1933 crederetur
1973 1922 1985 1938 ‚
2010 1896 2053 1932 ad
2065 1896 2137 1932 vul·

1244 1958 1353 1990 garem
1368 1946 1553 1991 ignitiferri
1574 1948 1805 1996 purgationem
1829 1947 2009 1990 postulavit
2027 1945 2133 1981 dictus

1246 1997 1319 2030 Rex
1332 1996 1497 2030 Henricus
1508 1996 1658 2039 primus'r
1682 1995 1822 2030 Barbara
1846 1995 1913 2030 haec
1942 1995 1978 2028 in
1998 1994 2134 2038 Episco-⁴

1246 2058 1307 2090 pos
1321 2048 1355 2081 &
1371 2046 1521 2080 Clericos
1533 2046 1652 2080 saevitia
1663 2042 1843 2083 admodum
1865 2056 1946 2079 tunc
1972 2043 2129 2089 grassaba-

1244 2106 1296 2130 tur
1309 2122 1317 2130 .
1348 2096 1432 2129 Eam
1442 2096 1544 2140 igitur
1556 2095 1609 2129 hic
1621 2096 1841 2141 compescit&
1864 2095 2000 2129 damnat
2022 2095 2132 2130 noster

1245 2147 1334 2190 Papa
1360 2147 1430 2182 Leo
1445 2170 1453 2178 .
1495 2145 1538 2179 Et
1561 2144 1917 2188 quidem-Gaufiedum
1939 2143 2131 2178 Marcellum

1245 2207 1314 2231 non
1324 2195 1500 2230 declaravit
1511 2195 1838 2229 excommunicatum
1849 2219 1860 2234 ,
1888 2193 1943 2228 sed
1958 2193 2132 2229 dumtaxat

1243 2243 1598 2283 excommunicandum
1624 2245 1756 2280 citavit.
1784 2243 1889 2290 Qod
1914 2254 2032 2287 nempe
2055 2245 2133 2288 Epi-

1246 2297 1335 2341 scopi
1372 2304 1430 2330 aut
1465 2295 1589 2342 Clerici
1629 2296 1782 2337 iniquum
1823 2294 2040 2336 percussorem
2073 2302 2134 2329 aut

1245 2347 1477 2390 captivatorem
1506 2344 1800 2380 excommunicans
1826 2343 1948 2378 Canon
1974 2342 2130 2378 nondum

1245 2398 1321 2433 effet
1347 2422 1359 2439 ‚
1397 2394 1512 2441 utpote
1547 2396 1631 2430 latus
1679 2394 1720 2431 ab
1769 2393 1966 2429 innocentio
2018 2394 2129 2430 secun-

1245 2448 1289 2483 do
1303 2473 1311 2480 .
2036 2479 2037 2482 ,

1294 2498 1416 2533 Rursus
1430 2497 1512 2533 Aeta
1533 2496 1731 2540 synodalia:
1760 2498 1846 2538 Papa
1870 2496 1995 2535 denique
2015 2502 2128 2526 excom·-

1244 2554 1413 2583 manicavit
1423 2550 1490 2582 illos
1502 2572 1513 2589 ,
1541 2549 1577 2581 de
1589 2548 1695 2590 quibus
1713 2547 1970 2588 proclamationem
1989 2540 2127 2582 fi'ceran?

1245 2598 1491 2641 Compendienses
1504 2598 1632 2638 Clerici,
1656 2604 1778 2638 propter
1799 2604 1922 2635 quorum
1945 2591 2125 2632 injustitiam
2142 2636 2146 2641 J

1243 2649 1309 2682 illuc
1320 2650 1485 2682 detulerant
1496 2655 1599 2689 corpus
1613 2648 1633 2679 5
1633 2645 1713 2678 ancli
1723 2647 1861 2682 Martyris
1873 2641 2004 2675 Cornelii
2016 2666 2024 2673 .
2037 2641 2130 2683 Inju-

1244 2699 1362 2733 stitiam
1373 2697 1458 2732 hanc
1481 2696 1618 2739 exponit
1642 2696 1678 2728 in
1701 2694 1817 2727 litteris
1835 2690 1875 2725 ad
1899 2690 2129 2726 Alexandrum

1244 2747 1419 2782 secundum
1441 2745 1638 2780 Pontificem
1661 2744 1691 2778 S.
1717 2743 1829 2776 Petrus
1849 2740 2026 2774 Damiani:
2052 2743 2128 2774 Tam

1243 2802 1381 2836 immanior
1401 2796 1541 2838 preffurae
1561 2796 1721 2828 calamitas
1742 2791 1884 2826 incumbit
1911 2788 2068 2832 Ecclefiis‚
2091 2797 2127 2824 ut

1243 2857 1396 2888 tamquam
1418 2845 1602 2885 Babylonicae
1632 2845 1751 2888 legionis
1771 2848 1848 2876 acies
1868 2838 2063 2883 ci'rcumfusa,
2092 2841 2128 2874 (θ’

1243 2894 1422 2939 Hierusalem
1431 2907 1498 2929 cum
1504 2893 1568 2938 suis
1584 2894 1699 2927 civibus
1711 2894 1852 2927 videatur
1864 2889 1974 2933 ⁰bfi'ffae·
2000 2891 2127 2922 Saecula-

1242 2958 1289 2981 res
1300 2952 1378 2980 enim
1386 2945 1510 2993 quilibet
1524 2942 1796 2986 Ecclest‘asticajura
1806 2941 1967 2975 corradunt
1976 2962 1988 2979 ‚
2007 2937 2126 2981 salaria

1238 2996 1443 3041 subtrabunt,
1466 2996 1635 3039 poffeffiones
1658 2994 1833 3032 invadunt,
1857 2989 1891 3023 ὀ·
1903 2987 1943 3030 fic
1975 2987 2127 3030 stipendia

1240 3056 1408 3091 pauperum
1423 3048 1507 3079 velut
1518 3045 1637 3086 bostium
1645 3043 1679 3089 se
1689 3052 1838 3087 reportare
1846 3036 1988 3073 manubia
1993 3040 2128 3082 glorian-

1245 3108 1312 3132 tur.
1341 3098 1397 3134 Ex⁴
1408 3096 1469 3130 isto
1482 3096 1580 3141 igitur
1592 3119 1603 3135 ,
1630 3105 1710 3130 tunc
1721 3093 1818 3129 etiam
1830 3100 1885 3132 per
1906 3087 2031 3122 Gallias
2043 3088 2128 3133 gras-

1247 3151 1336 3183 sante
1354 3172 1365 3188 ,
1386 3146 1519 3191 peffimo
1539 3156 1628 3180 more
1652 3143 1784 3188 quidam
1820 3138 2003 3175 facinorosi
2035 3139 2130 3174 imm

1246 3202 1352 3235 serant
1391 3197 1479 3232 bona
1515 3195 1663 3233 Ecclefiae
1695 3188 1967 3235 Compendienfis
1989 3214 1997 3221 .
2048 3187 2128 3230 Ejus

1249 3249 1345 3295 porro
1372 3247 1494 3284 Clerici
1520 3247 1663 3281 fecerunt
1689 3241 1774 3284 apud
1801 3241 1949 3274 Leonem
1985 3237 2128 3280 Papam.

1250 3300 1338 3345 quod
1362 3300 1383 3333 a
1409 3295 1602 3332 stabulenfis
1628 3290 1783 3326 Coenobii
1811 3287 2015 3327 Monachis,
2038 3284 2130 3341 Mill·

1250 3349 1436 3386 mendiense
1462 3342 1660 3381 Coenobium
1697 3341 1715 3376 ὲ
1752 3339 1958 3375 Colonienfis
1993 3333 2130 3369 Archle·

1253 3400 1376 3446 piscopi
1404 3391 1609 3431 commenda
1644 3392 1679 3426 δε
1714 3391 1864 3425 servitute
1911 3387 2043 3421 liberare
2083 3386 2130 3417 sa·

145 3443 178 3470 A.
221 3441 354 3488 ¹¹33'id
374 3449 471 3486 fuisse
489 3448 608 3487 datum
637 3448 654 3483 a
689 3448 868 3493 Rudolpho
898 3452 1097 3487 Francorum
1129 3452 1192 3488 Re-
1254 3447 1470 3497 tergentibus,
1510 3443 1629 3480 fastum
1678 3441 1772 3480 filimi
1816 3435 1900 3484 ²2&
1946 3434 2132 3473 Hendcum

1987 3493 2086 3527 vquar-

2154 287 2209 316 An.
2217 287 2284 326 93⁷-⁴

2155 334 2223 364 939·

2154 920 2189 949 A.
2223 922 2308 951 1088.

2155 1116 2204 1154 Ep.
2220 1123 2269 1151 74.

2148 2779 2212 2810 Lib·
2234 2791 2263 2811 ι.

2147 2822 2196 2859 Ep.
2217 2827 2263 2857 ις.
