2352 3736
690 112 729 155 S.
801 111 1135 157 LEOle

251 205 318 240 &us
330 199 457 234 cansam
470 213 481 234 .·
507 200 636 232 solemne
648 202 723 231 enim
734 195 772 236 est
798 200 981 230 Francorum
1001 194 1130 239 Regibus

248 261 397 293 nunquam
408 250 522 283 tonderi
536 273 545 288 ,
568 246 626 291 sed
635 249 655 279 ἃ
663 252 764 291 pueris
777 245 887 286 intonsi
894 253 1015 279 manent
1025 269 1032 277 .
1067 248 1133 277 Cae-

243 299 340 344 sar-ies
353 309 414 334 tota
426 305 467 332 eis
482 299 614 332 decenter
624 303 655 330 in
678 297 812 332 humeros,-
835 296 1016 338 propendet.
1047 298 1133 329 Ante-

246 357 305 384 νέον
316 362 396 385 coma
408 351 427 380 ἃ
431 348 536 391 fronte
548 347 755 391 discriminata
767 351 799 379 in
811 355 968 388 utrumque
981 345 1063 378 latus
1085 345 1134 377 de-

245 401 342 442 flexa.
369 404 477 442 Neque
489 401 559 434 vero
575 398 823 440 quemadmodum.
833 398 934 430 Turris
958 397 991 430 (22⁹
1012 394 1135 431 Barba-

248 457 290 484 rts
302 457 420 492 impexa
434 455 472 482 iis
484 448 680 493 &squallida
693 472 703 488 ,
731 445 908 491 sordidaque
919 445 956 485 est
967 456 1047 479 coma
1063 468 1074 484 ‚
1084 444 1137 476 vel

248 500 462 543 complicatione
472 500 636 532 indecenter
649 505 784 544 cirrata,
805 494 863 539 sed
866 493 1028 540 smigmata
1046 499 1136 528 var-ia

248 549 302 592 ipfi
315 551 368 592 fibi
391 549 535 584 adhibent
551 573 562 588 ‚
587 549 799 591 diligenterque
820 556 924 581 curant
938 569 949 586 ,
976 546 1063 587 idque
1075 569 1077 571 .
1087 554 1136 576 ve-

248 603 292 635 lut
314 598 421 643 insigne
442 599 591 643 quoddam,
617 599 651 630 (9⁴
672 602 783 630 eximia
795 595 912 630 bonam
932 598 1136 639 praerogativa

248 656 338 694 Regio
346 655 452 694 generi
462 650 552 690 apud.
562 659 612 681 eos
624 647 767 680 tribuitur
781 671 788 678 .
815 646 930 681 Subdlti
942 650 1019 678 enim
1028 642 1136 676 orbicu-

247 701 336 733 latim
357 700 515 733 tondentur
530 722 540 738 ‚
566 708 656 740 neque
667 703 708 731 eis
714 698 905 740 prolixiorem
916 705 1026 728 comam
1040 693 1116 725 alere
1125 715 1135 731 ,

529 127 618 157 DE

240 750 337 791 facile
346 754 548 790 permittitur.
579 748 750 782 Consonat
772 747 914 789 ipsorum
937 744 1041 778 Salica
1061 743 1136 779 lex·.

247 801 279 832 Si
291 804 356 842 quis
362 807 488 841 puerum
497 797 581 839 infra
591 798 740 833 duodecim
751 806 844 828 annos
863 817 876 833 ,
892 791 957 834 five
978 799 1115 828 crinitum
1124 817 1135 834 ,

79 844 192 873 Tit.26.
241 847 305 894 five
332 854 519 889 incr-initum,
562 848 718 885 occiderit,
743 843 894 886 culpabilis
908 845 1078 884 judicetur.
1104 845 1134 879 si

75 889 188 921 zaim.
207 895 230 915 ι.

81 2026 235 2061 1-3.c.18.

87 2754 118 2780 1,.
132 2754 154 2780 6.
165 2759 240 2784 024.

248 906 316 942 quis
324 907 451 940 puerum
462 903 603 931 crinitum
608 895 670 936 fine
693 896 846 930 voluntate
863 902 1024 935 parentum
1046 902 1135 926 toton-

248 950 347 989 derit,
373 946 528 989 culpabilis
542 946 708 985 Judicetur.
736 943 798 977 Per
819 943 975 977 crinitum
1000 954 1136 989 puerum

247 998 444 1040 intelligitur
455 1006 532 1044 puer
545 994 645 1038 Regii
659 993 845 1037 sanguinis.
874 992 1046 1030 Hiomnes
1061 993 1135 1027 Bar·

248 1047 314 1081 bari
332 1047 457 1090 Pagani
470 1045 590 1092 quinto
604 1042 727 1077 Christi
741 1043 880 1076 Domini
893 1044 1006 1077 saeculo
1021 1043 1136 1079 lacera-

246 1107 323 1130 runt
346 1097 538 1131 Romanum
561 1092 753 1130 Occidentis
773 1093 941 1136 imperium
955 1117 966 1133 ‚
1003 1093 1136 1137 quil'clue

247 1147 391 1190 ipsorum
403 1144 610 1180 Duxinvafit
621 1143 690 1186 ejus
700 1152 826 1186 partem
850 1165 862 1183 ,
889 1144 991 1178 multa
1012 1144 1135 1178 sancto-

247 1207 318 1230 rum
342 1206 421 1238 tunc
447 1196 684 1238 Episcoporutn
706 1192 865 1240 patientia
880 1217 890 1233 ‚
927 1194 960 1228 &
989 1193 1135 1228 doctrina

247 1257 303 1280 eos
318 1246 395 1280 fecit
410 1243 616 1280 Christianos
631 1269 638 1275 .
667 1243 710 1278 Et
722 1244 799 1287 quia
822 1243 937 1277 dilecta
948 1243 988 1279 ab
1001 1243 1070 1286 ipsis
1083 1254 1136 1278 cae-

248 1296 342 1330 saties
355 1306 422 1329 non
435 1294 594 1338 spectabat
617 1292 658 1327 ad
682 1292 941 1329 fundamentales
964 1293 1137 1337 Evangelii

248 1346 405 1380 articulos
417 1370 427 1385 ,
441 1345 530 1379 illam
544 1345 592 1379 eis
604 1343 834 1386 dispensatorie
847 1342 898 1377 isti
910 1343 1118 1386 permiserunt
1129 1367 1136 1375 .

249 1395 511 1437 Feceruutquod
536 1395 621 1428 circa
643 1393 847 1436 imperfectos
870 1394 1028 1434 quosdam
1050 1393 1137 1429 Neo-

250 1445 488 1480 Caesarienfium
501 1445 579 1478 ritus
592 1443 683 1478 fuisse
695 1444 713 1477 ὲ
740 1443 996 1487 Thaumaturgo
1016 1443 1142 1490 Gregoffi

249 1496 298 1529 rio
312 1496 429 1530 fastum
445 1493 700 1530 scribitinlibro
723 1492 764 1529 de
786 1493 906 1535 Spiritu
931 1493 1048 1526 Sansto
1076 1503 1139 1525 ma·

249 1557 337 1590 gnus
357 1545 507 1581 Basilius:
539 1545 752 1590 Speraverunt
772 1543 790 1578 ὲ
817 1542 881 1579 suis
902 1539 1139 1578 successoribus

249 1595 435 1639 opportune
445 1594 657 1639 corrigendos
669 1616 681 1625 ι

299 1645 344 1679 Et
352 1644 430 1678 hinc
444 1641 623 1677 Christiani
636 1639 751 1675 Franci
765 1641 950 1684 promissam
973 1640 1139 1682 capillatu-

250 1704 318 1728 ram
332 1693 391 1727 soli
403 1693 513 1736 Regio
525 1691 636 1735 gener-i
661 1689 847 1723 constanter
867 1689 900 1722 δε
924 1688 1048 1723 dudum
1073 1699 1139 1732 per-

249 1743 405 1776 miserunt
417 1766 424 1773 .
448 1740 581 1776 Etenim
594 1739 837 1782 pragmaticum
851 1737 1059 1773 Childeberti
1075 1739 1139 1773 Re-
1163 1744 1165 1747 ’

250 1793 300 1836 gis
323 1791 474 1825 Edictum
503 1787 622 1823 habet:
651 1789 762 1822 Nullus
790 1789 827 1822 de
849 1787 964 1830 crinofis
992 1788 1138 1827 inca-llum

250 1840 334 1886 usum
339 1840 394 1883 fibi
402 1839 491 1884 societ
503 1841 651 1883 conjugio.
681 1839 724 1871 Et
735 1838 819 1881 apud
834 1839 988 1872 Sanctum
1012 1839 1138 1883 Grego-

250 1891 336 1925 rium
347 1891 576 1924 Turonensem
591 1888 678 1922 idem
691 1886 923 1922 Childebertus
947 1888 989 1923 de
1014 1889 1078 1922 suis
1097 1899 1138 1922 ex

251 1941 346 1975 fratre
359 1940 557 1975 Clodomiro
572 1938 743 1981 nepotibus
755 1936 841 1971 dixit
854 1937 893 1970 ad
908 1939 1038 1971 fratrem
1062 1938 1140 1971 (ὶΙοὸ
1163 1952 1164 1955 “

250 1991 367 2025 tarium
381 2003 392 2024 .-
419 1992 517 2022 Mater
541 1987 635 2029 nostra
657 1988 731 2028 filios
739 1986 857 2028 fratris
869 1986 955 2027 nostri
962 1986 1057 2030 sicum
1068 1994 1137 2021 reti-

251 2049 300 2073 net
314 2065 324 2079 ‚
343 2041 376 2073 &³
387 2040 454 2071 vult
466 2050 512 2071 eos
524 2049 613 2081 regno
627 2038 750 2069 donari.
785 2036 882 2070 Debes
895 2039 1030 2070 velociter
1055 2036 1138 2080 adest

247 2089 280 2134 se
304 2087 447 2130 Parifiis‚
473 2090 507 2121 (9*
528 2086 629 2119 habito
660 2091 803 2120 commum·
825 2086 933 2128 confilto
951 2087 1138 2128 pertrao‘lare

252 2148 365 2182 oportet
378 2163 387 2178 ,
416 2138 533 2180 quidde
542 2136 590 2169 his
598 2137 666 2179 fieri
681 2136 785 2170 debeat
795 2161 802 2168 .
830 2139 935 2169 Utrum
949 2135 1039 2180 incisa
1052 2136 1137 2179 caesa-

253 2196 296 2222 rie
311 2198 342 2221 ut
355 2189 469 2230 reliqua
477 2186 562 2229 plebs
575 2186 740 2220 habeantur
754 2211 763 2226 ,
776 2199 816 2219 an
826 2188 900 2220 certe
911 2186 958 2220 his
970 2186 1136 2228 interfectis

251 2251 373 2282 regnum
387 2242 528 2271 Germani
540 2236 627 2277 nostri
649 2242 725 2270 inter
752 2235 940 2279 nosmetipsos
963 2237 1137 2280 aequalitate

253 2289 358 2322 habita
368 2289 545 2321 dividatur.
576 2286 705 2330 Nempe
726 2287 826 2321 incisa
849 2288 987 2321 caesaries
1011 2286 1136 2332 Regios

254 2350 370 2384 pueros
393 2349 461 2372 non
485 2346 617 2372 tantum
635 2336 779 2378 aequabat
803 2336 888 2381 plebi
912 2361 922 2378 ,
963 2336 1015 2371 sed
1038 2337 1136 2371 etiam

254 2399 413 2432 tanquam
425 2388 545 2422 servilis
557 2395 635 2421 nota
657 2386 810 2425 reddebat
835 2397 937 2431 regno
962 2385 1135 2432 indignos.

254 2441 297 2472 Et
310 2440 386 2472 hinc
400 2438 543 2472 Arcadio
555 2436 700 2471 carnifici
716 2436 858 2470 venienti
875 2447 950 2470 curn
963 2436 1137 2479 forcipibus

254 2490 285 2522 &
298 2489 408 2532 gladio
423 2511 433 2526 ‚
457 2500 493 2522 ac
504 2487 636 2531 roganti
655 2499 663 2518 ι
690 2491 736 2519 An
756 2492 886 2529 Nepotes
903 2485 997 2528 incifis
1008 2487 1138 2520 crinibus

256 2544 360 2572 vivere
373 2539 472 2571 mallet
485 2563 495 2578 ,
522 2549 562 2570 an
577 2547 732 2579 utrumque
736 2538 895 2581 jugulari?
922 2536 1006 2570 Avia
1023 2536 1140 2571 Clotil-

256 2588 307 2621 dis
318 2588 500 2630 respondit:
529 2587 626 2621 satius
639 2587 712 2620 mibi
736 2586 774 2626 est
797 2612 806 2627 ,
825 2586 855 2629 fi
873 2589 918 2620 ad
939 2599 1062 2632 regnum
1086 2599 1140 2620 non

258 2637 444 2676 evehuntur,
481 2646 605 2670 mortuos
630 2638 732 2670 videre
753 2648 841 2680 quam
865 2635 958 2679 tonsos
984 2662 991 2669 .
1031 2636 1139 2681 Pergit

259 2686 437 2728 Gregorius
447 2685 485 2718 de
498 2686 717 2720 Gundebaldo
733 2687 875 2729 ejusdem
902 2687 1040 2721 Clotarii
1068 2685 1142 2721 vero

258 2746 312 2769 aut
328 2735 491 2778 suppofito
504 2734 573 2767 filio
585 2747 596 2767 .·
621 2739 674 2769 Hic
686 2746 772 2769 natus
786 2737 822 2774 eli
836 2743 868 2769 in
881 2739 1004 2778 Galliis,
1033 2738 1066 2771 (er
1077 2738 1142 2770 dili·

254 2791 416 2829 genticura
429 2788 581 2823 nutritus,
608 2793 641 2816 ut
656 2789 766 2826 Regum
778 2787 892 2820 illorum
914 2798 974 2820 mos
1002 2787 1058 2827 est,
1090 2793 1142 2820 cri-

260 2841 343 2868 nium
349 2834 476 2878 flagellis
483 2832 543 2876 post
554 2842 639 2877 terga
663 2835 784 2874 demissi:
795 2859 803 2867 .
830 2835 955 2870 Verum
977 2836 1142 2871 Clotarius

260 2887 354 2920 illum
366 2888 477 2918 oderat
489 2908 499 2923 ,
527 2884 666 2926 ideoque
677 2884 717 2917 ad
732 2885 763 2917 se
775 2883 913 2918 adducto
925 2897 1034 2918 comam
1046 2888 1143 2920 tonde-

261 2942 287 2969 ri
298 2936 392 2975 iufflt‚
419 2934 552 2972 dicens,
583 2939 666 2966 Hunc
676 2944 724 2977 ego
736 2941 946 2976 nongeneravt
966 2960 973 2966 .
1011 2935 1143 2971 Tonsu-

262 2998 294 3019 ra
307 2985 382 3019 fecit
394 2996 433 3017 ex
448 2984 554 3028 Regio
567 2981 750 3026 plebeium.
780 2984 823 3016 Et
836 2984 877 3017 de
890 2983 1067 3027 Chilperici
1084 2987 1142 3020 Re-

262 3036 310 3079 gis
322 3037 393 3068 filio
404 3034 579 3068 Clodoveo
596 3057 605 3072 ,
633 3044 730 3075 quem
749 3031 943 3067 trucidatum
956 3046 992 3067 ac
1015 3036 1047 3067 in
1072 3035 1143 3070 Ma-

203 3119 207 3125 ,
238 3119 243 3124 ,
261 3094 355 3118 ttona
367 3085 504 3118 flumine
528 3083 726 3117 submersum
745 3083 858 3116 nescio
892 3085 963 3127 quis
986 3086 1142 3127 piscatus,

261 3134 348 3167 dixit
375 3133 415 3167 ad
441 3135 570 3178 Regem
597 3135 861 3167 Guntramnum:
893 3139 918 3166 Δ
945 3133 1063 3176 caesarie
1078 3144 1141 3176 pro-

262 3185 327 3216 lixa
353 3189 473 3227 cognovi
501 3185 552 3227 effe
579 3185 777 3216 clodoveum.
805 3182 949 3218 Plurima
976 3185 1049 3218 sunt
1089 3182 1132 3219 hu

262 3234 402 3277 jusmodi
429 3233 614 3267 testimonia
642 3235 674 3267 &
700 3234 849 3276 exempla
867 3258 874 3264 .
899 3234 985 3281 Qae
1004 3235 1141 3278 discipli-

262 3296 304 3317 na
342 3282 448 3316 adhuc
485 3283 588 3327 viguit
625 3283 683 3317 sub
722 3295 838 3327 genere
863 3283 982 3329 Magni
1011 3285 1139 3320 Caroli.

264 3334 395 3367 Etenim
423 3332 576 3372 Graecos,
613 3332 702 3375 quod
730 3335 938 3369 foeminarum
965 3345 1055 3368 more
1081 3336 1141 3381 ale-

262 3394 335 3418 rent
361 3383 519 3418 caesariem
545 3382 657 3419 contra
685 3384 877 3422 mandatum
904 3383 1081 3429 Apostoli,
1106 3386 1138 3420 in

1153 2482 1156 2505 l

1202 108 1437 159 Nom
1510 111 1808 157 Acris.
1902 127 2006 173 429.

1194 208 1291 239 opere
1312 196 1480 233 adversum
1501 194 1614 230 Photii
1625 194 1813 230 calumnias·
1825 194 1931 239 arguit
1943 198 2069 231 AEneas

1195 246 1374 280 Parilienfis
1383 246 1579 289 Episcopus,
1604 246 1637 280 &
1648 246 1771 290 pergit:
1800 248 2007 282 Lattmcomas
2019 255 2070 278 nu-

1194 302 1265 329 trire
1276 298 1429 340 indignum
1446 298 1575 336 ducunt,
1604 304 1638 329 ut
1660 306 1717 329 non
1729 294 1860 331 muliebri
1874 297 1961 328 cultui
1981 295 2073 338 affim-

1195 352 1304 389 tiam-5
1323 347 1357 381 &
1377 356 1414 380 ut
1428 345 1589 391 Apostolo
1611 354 1679 382 non
1700 355 1900 390 repugnent.
1927 344 2016 379 Nam
2035 344 2070 379 ὅ(

1196 395 1262 439 ejus
1273 396 1447 431 Canonem
1459 396 1584 435 strenue
1606 405 1699 440 urget
1720 395 1866 435 AEneaS‚
1900 395 2071 440 palamque

1196 447 1333 482 affirmat
1345 446 1430 489 apud
1441 447 1603 483 suoscitra
1627 445 1918 490 praevaricationem
1939 446 2068 490 vigere.

1199 497 1239 530 Et
1251 497 1291 530 de
1304 495 1522 534 Boadmundo
1545 496 1726 534 Siculorum
1735 494 1887 540 Principe
1906 495 2014 530 scribit
2033 494 2070 529 in

1197 546 1431 580 tertiodecimo
1444 545 1626 582 Alexiados
1647 546 1732 580 libro
1755 546 1855 583 Anna
1876 545 2070 583 Comnena:

1197 594 1469 640 Capillisubflavr,
1494 597 1744 639 eatenuspromiffi
1762 604 1795 629 ut
1817 607 1903 630 aures
1915 603 2045 641 tegerent
2057 618 2068 635 ,

1196 657 1252 678 non
1264 653 1355 680 etiam
1368 657 1445 679 more
1463 652 1562 693 gentis
1584 646 1715 679 humeros
1734 645 1917 690 flagellarent
1930 671 1937 678 .
1962 649 2073 688 Neque

1197 702 1276 731 enlm
1299 694 1467 742 insaniebat
1491 694 1576 734 ista'm
1603 694 1748 737 insaniam
1769 706 1855 731 comae
1867 696 2067 737 studentium.

1197 745 1259 780 Per
1268 754 1402 789 gentem
1415 743 1570 789 intelligit
1587 745 1753 782 Francos,
1778 755 1875 789 atque
1896 747 1939 779 ita
1960 745 2072 779 innuit

1197 795 1383 840 promissam
1394 794 1550 830 caesariem
1562 805 1640 828 tunc
1651 793 1735 837 apud
1747 794 1820 828 illos
1838 794 1930 827 fuiffe
1947 795 2074 836 permis-

1198 847 1263 880 sam
1275 843 1447 879 omnibus.
1474 843 1603 888 Nempe
1615 844 1684 888 post
1696 844 1889 880 exstinstam
1909 853 1985 878 curn
2007 854 2074 877 ma-

1196 897 1255 940 gni
1269 894 1381 930 Caroli
1392 905 1510 939 genere
1522 896 1640 928 variam
1664 893 1868 937 disciplinam
1889 892 1954 928 haec
1974 894 2074 928 etiam

1201 946 1332 981 licentia
1357 945 1531 983 intraverat
1552 971 1558 978 .
1601 944 1703 991 Qod,
1725 954 1833 978 tamen
1856 956 1923 979 non
1957 954 2074 978 omnes

1197 995 1315 1032 Franci
1335 996 1527 1032 sestarentur
1548 995 1642 1029 istam
1664 994 1823 1030 insaniam
1848 1019 1859 1037 ,
1895 1002 2074 1029 memorata·

1198 1047 1297 1081 Anna
1309 1045 1477 1088 profitetur
1488 1070 1497 1079 .,

1247 1095 1371 1129 Verum
1393 1104 1476 1129 errat
1498 1094 1749 1129 Boadmundum
1773 1095 1864 1129 fuisse
1893 1090 2084 1130 Francum.'

1200 1146 1374 1181 Fuitenim
1389 1145 1638 1180 Nortmannus.
1668 1146 1710 1178 Et
1742 1144 1807 1178 haec
1829 1156 1932 1189 gens,
1960 1147 2074 1179 saltem

1186 1208 1237 1229 vex
1251 1207 1319 1239 quo
1335 1195 1519 1231 Christiana
1532 1218 1542 1234 ,
1569 1197 1689 1238 semper
1701 1195 1764 1230 fuit
1778 1196 1871 1229 tonsa
1882 1194 1916 1227 in
1938 1195 2052 1228 orbem
2063 1218 2072 1227 .

1202 1246 1292 1280 Hinc
1305 1245 1393 1279 enim
1405 1244 1446 1278 de
1459 1245 1630 1278 Guilielmi
1643 1244 1828 1279 Siculorum
1839 1245 1941 1289 Regis
1951 1245 2074 1279 exerci-

1201 1307 1234 1328 tu
1254 1320 1264 1336 ,
1290 1306 1419 1338 captam
1429 1292 1701 1331 Thessalonicam
1714 1294 1933 1338 depraedante,
1966 1294 2074 1335 scribit

1201 1346 1233 1378 in
1247 1344 1443 1380 Andronico
1455 1345 1631 1380 Cornneno
1643 1345 1778 1381 Nicetas
1787 1340 1988 1379 Choniates:
2017 1347 2075 1377 Mi·
2096 1339 2158 1372 ῐ-«ῑ-
2180 1345 2196 1366 C
2216 1338 2242 1366 8.

1199 1396 1265 1427 l1'tes
1277 1395 1426 1428 obviorum
1437 1401 1550 1428 civium
1562 1395 1681 1437 capillos
1689 1395 1834 1428 ambabus
1845 1394 1983 1427 manibus
2001 1404 2075 1427 com-

1199 1444 1445 1485 prehendebant,
1470 1456 1503 1478 ac
1514 1447 1572 1478 illis
1594 1454 1665 1487 opus
1688 1445 1739 1488 effe
1760 1445 1921 1484 dicebant,
1948 1453 1980 1476 ut
2003 1442 2076 1486 ipso-

1202 1506 1268 1526 rum
1291 1507 1368 1528 more
1387 1501 1419 1528 in
1442 1495 1536 1528 orbem
1555 1497 1760 1530 tonderentur.
1801 1495 1843 1529 Et
1868 1494 2077 1537 Imperatoris

1204 1544 1301 1575 lsaaci
1323 1544 1446 1586 Angeli
1458 1545 1528 1576 filio
1539 1543 1681 1582 Alexio,
1712 1545 1869 1578 Latinum
1883 1543 2054 1576 simulante
2068 1567 2078 1583 ,

1201 1592 1235 1629 ὃς
1245 1591 1285 1626 ad
1298 1592 1435 1629 Latinos
1445 1590 1490 1626 ob
1503 1590 1691 1636 postulanda
1703 1591 1791 1626 Patri
1814 1592 1933 1626 auxilia
1954 1593 2082 1637 fugien-

1201 1650 1233 1674 te
1244 1664 1254 1679 ,
1281 1642 1406 1684 pergit:
1437 1647 1528 1674 Coma
1540 1646 1571 1675 in
1582 1642 1650 1674 orbe
1660 1641 1766 1684 tonsa,
1793 1644 1827 1676 (5
1839 1644 1939 1675 latina
1952 1642 2086 1682 vestem--

1200 1691 1299 1730 duta,
1321 1689 1529 1732 perduc‘lusest
1551 1696 1585 1724 in
1607 1691 1754 1724 Siciliam.
1784 1692 1878 1726 Licet
1901 1691 2083 1726 Nortrnan·
2125 1727 2129 1734 .

1202 1749 1318 1774 norum
1330 1740 1421 1774 virile
1431 1751 1537 1785 genus
1546 1740 1740 1777 exstinctum
1752 1742 1829 1777 esset
1841 1742 1876 1775 in
1891 1742 2001 1776 Sicilia
2015 1766 2026 1782 ,
2046 1742 2082 1776 &

1201 1789 1270 1824 illic
1293 1800 1373 1826 tunc
1395 1789 1490 1825 Svevi
1513 1788 1760 1825 dominarentur
1780 1814 1791 1830 ,
1838 1792 2082 1826 Nortmandica

1200 1849 1307 1875 tamen
1322 1840 1452 1874 tonsura
1465 1840 1578 1873 mansit
1591 1865 1601 1881 ,
1628 1838 1767 1883 ideoque
1794 1841 1827 1875 ἀ
1846 1841 1948 1884 ipsam
1968 1841 2084 1875 assum-

1200 1890 1256 1934 psit
1269 1888 1428 1923 Alexius..
1455 1889 1600 1924 Volebat
1618 1891 1680 1923 esse
1694 1889 1806 1923 similis
1820 1890 1929 1934 Regi,
1956 1891 2016 1925 suo
2036 1892 2086 1924 so-

1200 1940 1309 1973 rorio.
1338 1939 1380 1972 Et
1391 1939 1431 1973 de
1444 1939 1629 1972 Guilielmo
1643 1934 1782 1982 Anglici
1801 1938 1912 1983 Regni
1935 1951 2085 1981 conquae-

1200 1989 1284 2022 flore
1304 1987 1410 2023 scrIbit
1435 1989 1470 2023 in
1493 1988 1656 2023 Frederici
1678 1987 1718 2022 ad
1744 1989 1896 2022 Sanctum
1911 1987 2084 2024 Albanum

1201 2038 1339 2073 Abbatis
1353 2040 1418 2073 vita
1441 2038 1615 2073 Matthaeus
1639 2038 1841 2072 Parifienfis.
1872 2039 1956 2083 Angli
1973 2041 2084 2083 ‚iugum

1195 2087 1357 2132 firvitutis
1373 2087 1531 2131 nescientes
1541 2114 1552 2131 ,
1579 2100 1656 2122 more
1667 2092 1921 2122 Nortmannorum
1932 2094 2082 2123 cincinnos

1200 2139 1320 2172 tondere
1342 2139 1533 2184 cogebantur.
1561 2137 1605 2173 Et
1627 2137 1704 2172 hinc
1728 2138 1813 2173 lucet
1836 2137 1968 2184 Anglos
1986 2139 2082 2174 antea

1199 2198 1362 2228 comatos,
1393 2189 1426 2224 <Sc
1439 2189 1666 2223 Nortmannos
1677 2189 1798 2233 semper
1808 2189 1898 2224 fuisse
1911 2191 2058 2224 attonsos
2071 2215 2080 2222 .

1201 2237 1326 2271 Verum
1340 2238 1510 2273 Guilielmi
1521 2250 1624 2284 genus
1638 2250 1707 2274 non
1718 2249 1809 2274 tanta
1821 2264 1832 2280 ‚
1856 2250 1977 2286 quanta
1989 2240 2082 2274 Guis-

1200 2286 1368 2334 cardorum
1383 2288 1416 2322 in
1430 2289 1541 2324 Sicilia
1554 2290 1692 2332 posteri,
1719 2284 1901 2326 constantia
1912 2289 1998 2325 hanc
2010 2302 2081 2325 mo-

1181 2337 1332 2372 ·destiam
1356 2339 1483 2375 tenuit*
1513 2339 1646 2374 Etenim
1673 2339 1714 2376 de
1741 2339 1861 2375 vastata
1884 2351 1937 2385 per
1957 2341 2025 2384 ejus
2045 2342 2081 2375 fi-

1205 2388 1284 2422 lium
1295 2389 1326 2422 &
1339 2390 1549 2424 successorem
1561 2389 1778 2426 Guilielmum
1789 2390 1956 2435 disciplina
1970 2390 2081 2425 scribit

1190 2438 1402 2480 vGuilielmus
1429 2439 1718 2474 Malmesberienfis
1735 2454 1746 2474 :
1782 2443 1863 2474 Tunc
1892 2441 1989 2478 fluxus
2025 2447 2080 2474 crt-

1203 2494 1284 2521 nium
1301 2513 1311 2530 ,
1338 2498 1408 2522 tunc
1418 2491 1508 2522 luxus
1521 2489 1642 2529 vestium
1656 2515 1666 2530 ,
1692 2499 1760 2523 tunc
1768 2488 1836 2534 usus
1848 2492 2006 2525 calceorum
2016 2502 2079 2523 cum

1202 2544 1331 2571 arcuatis
1342 2542 1448 2574 aculeis
1462 2539 1498 2578 est
1510 2545 1671 2575 inventus.
1702 2541 1744 2573 Et
1767 2535 1809 2576 ad
1820 2541 2009 2587 vigesimum
2021 2553 2081 2576 no-

1205 2599 1282 2622 num
1295 2588 1642 2623 fratris&successoris
1665 2586 1807 2629 Hem-ici
1829 2602 1954 2625 annum
1976 2591 2079 2635 pergit

1203 2638 1235 2670 in
1265 2639 1370 2681 primo
1397 2639 1534 2674 novellae
1561 2639 1622 2672 hist
1666 2640 1721 2673 iae:
1748 2642 1861 2673 Accidit
1886 2647 1919 2673 in
1946 2641 2079 2683 anglia,

1202 2689 1281 2729 quod
1305 2693 1415 2725 mirum
1441 2690 1580 2722 videatur
1605 2650 1723 2722 &bimis
1750 2689 1873 2730 nostris,
1905 2694 1954 2732 qui
1993 2690 2078 2723 obliti

1202 2738 1276 2780 quid
1299 2743 1365 2770 nati
1384 2736 1444 2779 sint
1463 2761 1474 2778 ‚
1510 2743 1542 2769 in
1582 2737 1730 2772 muliebris
1757 2737 1848 2782 sexus
1874 2738 2010 2772 habitum
2035 2751 2080 2772 ca-

1200 2788 1338 2828 pillorum
1363 2788 1545 2831 longitudine
1568 2787 1601 2831 se
1626 2787 1702 2831 ipsbs
1735 2789 1972 2831 trantformant.
2002 2792 2082 2833 ‚Qui-

1203 2838 1273 2869 dam
1295 2838 1522 2880 provincialium
1547 2839 1675 2871 militum
1709 2850 1814 2883 magno
1849 2846 1972 2872 crinium
2008 2841 2078 2875 luxu

1198 2886 1374 2931 superbiens
1389 2913 1399 2928 ,
1434 2887 1662 2932 conscientlaque
1681 2888 1851 2930 stimulante
1873 2895 2073 2933 perterritus,

1205 2935 1286 2980 visus
1313 2937 1349 2976 est
1370 2937 1422 2981 fibi
1448 2939 1552 2972 videre
1577 2944 1608 2971 in
1629 2937 1741 2982 somnls
1755 2964 1765 2979 ,
1792 2938 1876 2982 quast*
1894 2942 2000 2981 aliquis
2011 2951 2075 2974 eum

1203 2987 1375 3029 capillorum
1395 2986 1516 3031 suorum
1541 2991 1687 3021 criniculis
1710 2988 1886 3032 suffocaret.
1914 2993 2018 3034 ,Quare
2031 2987 2077 3034 so·

1203 3049 1270 3069 mno
1295 3037 1423 3080 excussus
1430 3062 1441 3078 ,
1479 3039 1626 3080 quidquid
1645 3037 1843 3082 superfluebat
1868 3051 2014 3076 comarum
2037 3044 2077 3074 effi

1203 3090 1232 3120 to
1260 3086 1405 3131 abscidit.
1435 3089 1616 3129 Exemplum
1641 3094 1767 3123 cucurrit
1790 3097 1847 3131 per
1874 3092 2077 3135 Angliam,&

1198 3135 1268 3177 ficut
1303 3148 1402 3171 recens
1424 3146 1515 3179 poena
1540 3148 1667 3173 mentem
1694 3151 1808 3174 movere
1840 3138 1914 3183 solet
1932 3165 1942 3182 ,
1977 3152 2077 3177 omnes

1200 3189 1275 3228 pene*
1300 3190 1409 3220 milltes
1435 3189 1479 3220 ad
1495 3187 1606 3230 justum
1633 3191 1749 3223 modum
1775 3195 1868 3224 crines
1884 3189 1952 3235 suot
1973 3190 2076 3232 rescin-

1204 3239 1235 3269 di
1247 3242 1459 3279 aequantmiter-
1467 3239 1610 3272 tulerunt.
1638 3241 1699 3273 Sed
1709 3250 1765 3273 non
1777 3241 1827 3273 diu
1833 3240 1916 3281 stetit
1927 3240 1989 3275 haec
2001 3238 2075 3281 san·

1203 3287 1311 3320 θυαε.
1342 3291 1403 3321 Vix
1414 3293 1491 3321 enim
1501 3300 1579 3322 anno
1589 3288 1704 3333 elapr‚
1731 3290 1826 3324 cundi
1840 3296 1889 3332 qui
1904 3289 1959 3331 fibi
1982 3293 2074 3320 curta-

1201 3338 1244 3370 les
1256 3337 1306 3380 effe
1317 3337 1499 3371 videbantur
1509 3363 1519 3378 ,
1544 3343 1576 3372 in
1583 3339 1671 3381 pejus
1681 3345 1789 3373 vitium
1802 3341 1968 3374 reciderunt
1977 3351 1988 3370 .·
1999 3341 2076 3369 Lon-

1196 3389 1332 3431 gitudine
1351 3389 1518 3431 capillorum
1539 3400 1603 3423 cum
1618 3388 1753 3431 foeminis
1775 3389 1945 3428 certabant,
1978 3388 2012 3419 Ψ
2022 3387 2074 3420 “b‘'

1927 3441 2022 3471 crines
