2352 3736
69 796 158 837 Epist.
177 803 223 837 69.

517 128 557 180 S.
631 125 972 179 Lssonsi
1040 124 1159 177 No

353 150 445 181 DE

1191 139 1226 176 'N
1251 139 1276 176 v1
1346 121 1392 175 A
1427 126 1457 176 k}
1492 145 1517 176 'r
1551 144 1568 177 1
1604 145 1646 176 s.
1903 134 2006 193 ‘325‘

248 230 315 254 nem
325 229 384 251 non
400 215 597 260 consecrarent
608 218 621 252 ἒ
646 218 772 252 Minime
787 221 921 260 gentium
933 240 940 248 .
970 219 1059 256 Atqui
1081 217 1131 254 hoc
1188 211 1212 254 f
1205 213 1290 258 alque
1298 217 1354 251 loco
1366 219 1475 250 mentis
1484 239 1492 249 .
1510 218 1650 256 azymum
1659 217 1698 248 iis
1709 223 1814 248 carens
1824 221 1882 249 non
1892 226 2001 251 revera
2012 222 2077 255 ina.

246 276 321 302 unte
331 275 430 302 amnia
439 269 577 313 redargui
587 272 714 309 oportuit
725 291 735 307 ,
755 265 786 307 fi
791 275 893 307 azyma
903 267 1109 307 requirebatur
1121 293 1131 308 ,

246 324 322 360 quia
339 326 439 362 panes
462 316 587 361 ipsorum
609 316 674 361 usui
688 322 861 359 praeparati
874 340 884 355 ‚
913 319 1129 356 quosimmola-

245 368 345 409 bant,
370 375 466 409 azymi
479 381 535 402 non
547 376 656 410 erant,
678 366 737 411 sed
746 366 928 408 fermentate
941 390 948 397 .
977 370 1052 411 ,Quo
1065 372 1131 414 erg&

245 424 366 452 nomine
376 417 620 462 reprehendunt?
645 420 731 462 ,Quia
737 425 836 458 panes
857 415 911 455 hi,
940 418 1048 459 quibus
1071 429 1132 453 ute-

247 469 381 509 bantur,
407 470 498 502 nitidi
509 480 566 502 non
577 477 688 507 erant,
713 477 765 499 nec
767 466 865 507 studio
877 472 910 499 in
921 477 987 501 eam
1009 481 1071 503 rem
1078 477 1137 512 pa.

247 524 309 552 rati
323 542 332 557 ,
344 521 424 562 quod
433 517 603 561 consuetudo
606 516 746 561 posiebat
757 541 765 548 .
794 516 900 550 Anno
913 517 1055 553 Domini
1067 521 1132 554 sex-

245 569 421 604 centesimo
445 569 658 613 nonagesimo
687 565 784 601 tertio
805 567 868 602 fuit
889 567 1049 605 celebrata
1073 570 1131 604 ista

245 618 419 661 Synodus,
448 618 591 661 ideoque
602 617 758 652 Latinam
771 617 948 654 Ecclesiam
971 630 1011 652 eo
1034 620 1133 664 usque

245 668 437 704 abstinuisse
469 666 513 702 ab
532 678 651 710 azymo
672 667 817 710 Scriptor
844 667 903 703 iste
936 668 1102 704 existimat
1124 694 1131 703 .

244 717 446 762 Respondeo
467 717 567 762 longe
591 717 682 751 aliud
714 718 832 751 sentire
857 717 990 752 beatum
1019 718 1132 756 Alcui-

243 780 325 802 num
347 767 503 803 Flaccum
538 768 573 801 in
607 766 754 810 Epistola
781 768 821 801 ad
853 767 978 802 Fratres
1000 769 1133 814 Lugdu-

243 819 377 852 nenses.
406 817 559 851 Affirmat
574 816 753 860 Hispaniam
769 841 780 857 ‚
805 827 875 860 quae
896 817 965 849 Olim
986 821 1133 861 Tyranno-

243 880 311 903 rum
317 867 381 908 fuit
396 874 500 901 nutrix
510 892 520 906 ,
548 861 711 909 tuncsui'ffe
723 871 868 899 nutricem
882 867 1132 912 schismaticorum

243 928 346 950 contra
358 915 558 959 universalem
566 916 686 950 Sam‘Jae
707 919 765 950 Dei
797 916 933 960 Ecclefiae
957 918 1134 966 consuetudi-

243 978 310 1000 nem
328 991 335 1001 .
383 967 425 998 Et
459 965 596 1001 adducit
634 967 779 1001 rationes
802 992 810 998 .
848 967 962 1002 Primo
984 994 995 1010 ‚
1044 972 1132 1016 quod

242 1015 411 1050 Christum
433 1014 621 1051 Dominum
646 1017 777 1051 doceret
812 1017 978 1061 affumptae
1007 1022 1133 1057 Huma-

242 1066 354 1100 nitatis
365 1067 459 1100 causa
473 1068 536 1100 effe
559 1066 752 1112 adoptivum
777 1067 841 1102 Dei
864 1068 971 1104 Patris
991 1072 1132 1108 Filium.

241 1115 398 1151 Secundo
413 1140 424 1156 ,
447 1114 536 1160 quod
560 1117 938 1161 Constantinopolitano
972 1122 1133 1164 Symbolo

242 1165 376 1200 adderet
398 1176 511 1200 vocem
533 1190 544 1208 ‚
567 1167 720 1209 Filioque.
752 1167 874 1202 Tertio
889 1194 899 1211 ,
926 1171 1016 1212 quod
1039 1170 1136 1207 Chri-

242 1216 355 1251 stianae
378 1215 629 1262 regenerationis
663 1216 829 1260 Baptisma
863 1221 1006 1256 censeret
1036 1224 1132 1257 unica

242 1267 403 1300 mersione
429 1266 682 1310 complendum.
710 1269 836 1313 Quarta
862 1270 947 1304 ratio
973 1272 1019 1305 est
1043 1270 1133 1309 haec:

244 1317 390 1352 Audimus
416 1328 527 1359 quoque
551 1318 666 1358 aliquos
693 1324 726 1350 tn
752 1320 812 1352 illis·
833 1320 980 1360 partibus
1006 1323 1132 1364 affirma-

243 1378 276 1399 re
297 1365 394 1409 salem
419 1366 471 1408 effe
498 1374 531 1401 in
555 1368 733 1407 Sacrificium
761 1375 899 1411 corporis
926 1371 1039 1413 Christi
1064 1381 1132 1408 mit-

241 1418 366 1449 tendum
380 1441 387 1448 .
416 1417 491 1450 Nec
516 1425 600 1451 tacet
618 1419 734 1452 erroris
756 1420 1011 1456 fundamentum
1034 1436 1045 1455 .-
1075 1431 1133 1458 Hu-

236 1468 294 1508 jus
306 1467 398 1501 Setia
410 1466 546 1501 nudares
558 1468 661 1500 dicunt
673 1479 784 1510 aquam
797 1468 929 1511 &fidem
939 1475 988 1513 esJe
999 1471 1132 1515 ejusdem

243 1526 386 1550 naturae.
413 1517 584 1560 Azymum
599 1518 724 1552 Latinas
736 1518 947 1555 Eucharistiae
959 1532 1075 1563 panem
1089 1533 1131 1555 ex

241 1567 309 1600 sola
323 1567 427 1601 farina
440 1567 474 1600 &
486 1577 568 1607 aqua
580 1567 793 1610 coquendum
809 1568 917 1602 asserit
939 1580 1016 1602 cum
1033 1572 1130 1604 omni

240 1615 363 1649 Latina
385 1616 528 1651 Ecclesia
551 1614 734 1657 Aicuinus‚
761 1617 796 1651 δε
818 1616 859 1654 ab
883 1617 945 1652 isto
968 1619 1132 1663 principio

237 1664 382 1708 Hispani
398 1665 537 1700 Errones
562 1675 631 1699 non
653 1666 728 1700 sunt
753 1667 816 1699 aust
841 1667 973 1701 deviare
994 1694 1001 1700 .
1039 1670 1133 1703 Hinc

237 1713 395 1749 dixerunt
416 1715 514 1751 salem
537 1716 602 1748 esse
627 1726 746 1758 aquam
768 1739 779 1756 ‚
815 1717 869 1750 seu
891 1716 1034 1759 ejusdem
1055 1730 1132 1754 cum

239 1776 326 1807 aqua
348 1775 468 1798 naturae
488 1789 495 1799 ,
523 1764 648 1799 Verum
670 1766 775 1809 pergit
795 1765 958 1803 Alcuinus
977 1780 985 1799 :
1027 1771 1132 1812 ,Quam

239 1812 474 1857 consuetudinem
509 1826 561 1848 nec
591 1814 773 1858 universalis
809 1816 950 1860 observat
984 1818 1130 1860 Ecclesia,

240 1875 292 1898 nec
328 1868 466 1899 Romana
502 1864 622 1905 custodit
666 1865 829 1901 auc‘ioritas
853 1892 859 1901 .
913 1867 957 1901 Et
984 1869 1102 1904 iterum
1124 1882 1131 1902 z

239 1917 339 1948 Panis
362 1921 414 1958 qut
435 1921 467 1948 in
488 1919 605 1956 Corpus
627 1914 738 1956 Christi
772 1915 954 1960 consecratur
975 1943 985 1959 ,
1023 1919 1133 1964 absque

231 1964 384 2008 fermento
407 1965 532 2005 alicujus
544 1964 714 2006 infec‘lionis
727 1967 814 2001 debet
833 1968 885 2010 esse
908 1969 1112 2009 mundiffimus
1125 1995 1132 2003 .

238 2018 294 2048 Ex
315 2026 398 2056 aqua
410 2015 562 2058 &farina
572 2014 610 2057 fit
618 2023 715 2057 panis
726 2041 737 2056 ,
764 2023 815 2058 qul
827 2016 1007 2059 consecratur
1020 2025 1052 2052 in
1063 2024 1134 2052 Cor-

233 2075 295 2108 pus
321 2064 430 2104 christi
455 2089 462 2096 .
493 2066 534 2098 Et
559 2066 688 2109 pergit:
718 2070 830 2100 Novas
852 2067 1006 2111 Hispanus
1027 2075 1132 2103 erroris

229 2115 340 2158 §edas
357 2123 421 2148 tota
436 2114 521 2147 vobis
533 2124 638 2148 cavete
660 2121 836 2150 intentione.
869 2119 1045 2152 SanHorum
1074 2122 1135 2153 Pa·

234 2173 319 2197 trum
325 2162 485 2206 sequimini
497 2163 621 2208 Vestigra
636 2190 647 2205 ,
672 2166 706 2198 (9⁹
721 2165 887 2210 universali
909 2167 1043 2210 Ecclefiae
1065 2168 1134 2212 san·-

235 2215 355 2254 efltffima
367 2225 422 2248 vos
433 2215 592 2258 adjungite
602 2222 804 2249 unanimitate
818 2241 825 2249 .
854 2217 892 2250 In
907 2218 1132 2253 Eucharistico

235 2275 321 2309 pane
333 2263 423 2299 aliud
435 2264 480 2297 est
494 2265 536 2298 sal
549 2289 559 2305 ‚
585 2266 677 2299 aliud
686 2267 885 2300 fermentum
899 2292 906 2300 .
935 2269 1030 2303 Hinc
1042 2271 1130 2304 enim

235 2316 325 2349 inter
336 2314 515 2359 suaegentis
529 2324 653 2349 errores
680 2315 917 2351 Armeniorum
942 2317 1130 2354 Patriarcha

235 2364 325 2398 Isaac
337 2366 431 2408 ponit
443 2363 503 2398 hos
514 2363 681 2400 distinctos
711 2367 866 2400 articulos
880 2392 887 2399 .
915 2371 1049 2402 Armenii
1069 2376 1132 2408 azy-

237 2425 320 2447 mum
336 2438 345 2453 ,
372 2424 521 2447 mortuam
534 2414 663 2455 Hostiam
677 2438 688 2454 ,
710 2417 877 2458 impudenti
881 2417 965 2460 facie
978 2425 1010 2452 in
1020 2419 1132 2463 conspe-

237 2464 285 2497 eiu
309 2468 366 2497 Dei
375 2466 473 2504 juxta
495 2464 687 2499 Hebraeorum
709 2468 905 2500 traditIonem
923 2467 1026 2509 sistunt
1039 2494 1047 2502 .
1075 2473 1133 2503 Pa·

237 2524 305 2548 mm
326 2512 433 2556 absque
451 2513 516 2557 sale
535 2514 668 2555 babent,
694 2528 745 2549 nec
766 2519 892 2552 audiunt
903 2521 1061 2552 Dominum
1085 2522 1131 2553 di-

237 2574 351 2598 centem
362 2563 542 2605 Dissipulis‚
570 2570 627 2598 Vos
640 2566 706 2605 estis
710 2565 764 2609 sal
772 2577 878 2601 terrae.
910 2569 1019 2603 Etiam
1043 2571 1130 2604 inco·

238 2614 354 2658 gnitus
367 2638 377 2655 ‚
403 2615 458 2658 qui
473 2617 503 2648 se
513 2613 673 2657 Joannem
689 2617 931 2653 Damascenum
954 2620 1026 2653 vult
1046 2618 1133 2654 vide-

241 2664 292 2701 ri,
317 2663 358 2697 de
368 2666 491 2705 azymis
516 2665 639 2699 Auc‘tor
655 2667 767 2701 scribit
792 2679 906 2702 contra
928 2668 1130 2704 Armenios.-

243 2717 378 2746 Armenii
399 2714 519 2755 maffam
539 2725 683 2749 mortuam
715 2719 932 2751 manducantes
954 2744 963 2758 ,
998 2720 1131 2763 glorian·

243 2772 294 2795 tur
305 2787 315 2801 ,
332 2774 367 2796 ac
379 2762 462 2795 nobis
473 2765 597 2806 dicunt,·
624 2771 696 2799 Non
702 2767 776 2808 ficut
789 2779 842 2801 vos
854 2792 864 2808 ‚
884 2767 948 2811 sale
960 2770 1130 2810 &fermen-

243 2814 409 2855 to&aqua
412 2812 556 2854 farinam
561 2813 723 2858 subigimus
735 2842 745 2857 ‚
766 2816 860 2860 ficique
878 2819 1053 2853 oblationem
1055 2820 1128 2862 fer-

1191 274 1270 300 nime
1277 267 1314 308 est
1327 277 1417 310 atque
1435 274 1604 305 mortuum,
1629 267 1764 308 quodque
1782 268 1928 300 mortuum
1951 269 2076 305 deceat?

1192 320 1312 361 ‚Quippe
1328 313 1473 351 Dominus
1484 316 1575 356 noster
1586 315 1981 358 JESUs-CHRISTUS
1989 342 2004 359 ‚
2024 324 2077 362 qui

1192 368 1416 411 effetperfet‘lus
1432 371 1511 401 Deus
1522 378 1558 400 ac
1581 369 1668 399 Homo
1685 364 1838 409 perfec‘lus
1851 391 1863 407 ‚
1889 377 2001 403 natura
2024 371 2077 414 du.

1189 420 1263 461 plex
1275 443 1285 459 ,
1297 430 1354 452 non
1367 416 1504 459 hypostafi
1511 442 1520 456 ,
1542 427 1604 450 cum
1614 425 1715 457 corpus
1727 421 1829 449 anima
1842 430 1878 451 ac
1891 428 1989 453 mente
1999 427 2079 462 prae·

1192 471 1285 501 ditum
1297 481 1334 503 ex
1344 468 1455 505 santia
1461 465 1578 510 semper
1601 471 1723 510 Virgine
1732 466 1924 510 affumpfisset
1934 492 1944 508 ‚
1976 472 2079 504 meritl

1189 519 1313 562 perfec‘li
1320 526 1412 561 panis
1424 518 1551 557 symbolo
1565 518 1698 550 tradidit
1712 522 1782 550 novi
1793 518 1971 560 Testamenti
1982 519 2079 560 myste-

1191 575 1282 603 rium.
1317 571 1369 605 Ex
1382 568 1501 613 quibus
1516 567 1684 611 insigniter
1697 568 1842 602 firmatur
1854 568 1963 604 nostra
1980 571 2079 604 affer-

1192 625 1262 660 tiO‚
1288 631 1360 663 quae
1371 619 1479 653 censet
1490 618 1653 652 fermento
1664 628 1735 650 nun
1757 618 1994 660 animationis,
2020 619 2077 655 sed

1193 670 1292 705 solius
1304 668 1553 714 significationis
1563 667 1666 701 vitam
1678 667 1696 701 a
1709 667 1828 703 Graecis
1838 669 1932 703 fuisse
1942 668 2079 713 adscrip-

1188 730 1278 753 tam.
1298 717 1402 753 Porro
1416 715 1638 760 Hispaninon
1649 717 1870 758 fermentum,
1892 718 1944 752 sed
1970 720 2078 755 solum

1193 770 1291 806 salem
1307 769 1459 802 videntur
1472 766 1637 800 miscuisse
1660 763 1886 799 Eucharistico
1906 770 2000 811 pan-i.
2032 769 2078 805 Et

1191 830 1301 856 tamen
1323 818 1486 852 Alcuinus
1517 815 1658 859 appellat
1689 815 1910 861 schismaticos
1933 843 1942 856 ,
1973 822 2081 853 austo-

1193 879 1242 904 res
1264 869 1487 904 monstrorum
1503 891 1513 907 ,
1544 876 1582 901 ac
1608 876 1746 910 paternae
1767 876 1865 909 atque
1889 867 2080 903 universalis

1191 919 1370 963 disciplinae
1390 919 1647 963 praevaricatores
1671 941 1679 949 .
1708 917 1872 952 Existimo
1903 917 2081 952 damnatos

1192 971 1209 1005 ὲ
1228 971 1315 1004 sexta
1339 970 1468 1003 decima
1497 967 1667 1000 Toletana
1700 967 1839 1010 Synodo
1871 967 2082 1011 Presbyteros·

1194 1032 1262 1055 non
1284 1019 1448 1055 obediisse
1467 1042 1478 1060 ‚
1515 1018 1550 1051 δε
1581 1018 1840 1052 conversationis
1869 1017 1994 1060 lapsum
2028 1019 2081 1052 fir-

1193 1072 1294 1106 masse
1315 1071 1349 1106 in
1372 1079 1512 1103 errorem
1535 1067 1775 1111 praedicationis
1797 1092 1808 1109 ,
1838 1078 1934 1112 atque
1963 1069 2081 1102 Graeci-

1193 1123 1296 1156 zasse.
1321 1122 1453 1156 Sanctus
1473 1117 1726 1161 Hildephonsus
1746 1118 1933 1153 Toletanus
1944 1116 2081 1152 Archie·

1194 1172 1343 1216 piscopus
1364 1172 1464 1205 fertur
1498 1167 1651 1211 scripsisse
1681 1168 1875 1211 opusculum
1903 1169 1943 1201 de
1972 1168 2076 1202 Obla-

1193 1224 1254 1262 tis,
1279 1223 1313 1256 ὅ(
1333 1220 1533 1262 ἱΠίσέιγπιὶ
1557 1218 1649 1251 usum
1686 1217 1856 1262 insigniter
1884 1216 2075 1252 defendere.

1194 1274 1289 1307 Latet
1305 1269 1412 1306 istud:
1444 1268 1657 1317 Qandoque
1677 1268 1847 1313 vuigaturn
1871 1268 1992 1312 poterit
2017 1277 2079 1302 nos

1196 1323 1285 1365 plura
1316 1321 1434 1356 docere
1456 1345 1463 1354 .
1493 1317 1667 1366 Qidquid
1691 1318 1728 1352 fit
1747 1343 1758 1360 ,
1791 1320 1854 1354 fuit
1891 1318 1947 1352 iiie
1978 1318 2079 1352 solius

1195 1372 1363 1416 Hispaniae
1383 1371 1487 1414 lapsus
1509 1371 1544 1405 &
1567 1379 1654 1402 error
1676 1392 1687 1408 ,
1718 1379 1815 1411 quem
1851 1368 1989 1412 Jacobus
2015 1368 2079 1401 Sir-

1193 1422 1335 1457 mondus
1348 1420 1479 1464 pessime
1489 1418 1688 1453 transscribit
1708 1418 1743 1452 in
1766 1429 1901 1454 omnem
1923 1419 2080 1453 Latinam

1195 1471 1372 1506 Ecclesiam
1394 1495 1402 1502 .
1440 1471 1559 1512 Longa
1599 1469 1634 1503 &
1671 1468 1775 1501 nimia
1811 1479 1889 1501 cum
1918 1467 2081 1502 Arabibus

1192 1521 1392 1555 commixtio
1413 1518 1508 1561 poffit
1522 1518 1689 1559 Hispanos
1700 1518 1999 1560 circumscripsisse,
2026 1525 2082 1559 po-

1193 1570 1254 1603 ste&
1276 1578 1386 1603 tamen
1412 1569 1543 1602 fuerunt
1561 1567 1716 1600 cor-resti.
1759 1567 1848 1601 Nam
1871 1567 1960 1607 quod
1983 1567 2016 1600 &
2037 1563 2084 1599 A·

1193 1621 1323 1653 fricae&
1338 1617 1509 1661 Hispaniae
1531 1615 1725 1651 Mozarabes
1749 1626 1825 1652 cum
1849 1616 2000 1650 Romana
2025 1615 2085 1649 Ec-

1193 1669 1283 1702 clefia
1308 1668 1343 1701 in
1367 1678 1488 1709 azymo
1520 1666 1733 1700 sacrificarent
1764 1668 1824 1700 suo
1849 1677 1998 1709 tempore
2012 1690 2025 1707 ,
2048 1666 2086 1699 in

1193 1717 1371 1753 Orientalis
1395 1716 1544 1750 Ecclefiae
1566 1716 1716 1749 Historia
1735 1715 1854 1750 diserte
1874 1717 2013 1751 affirmat
2038 1715 2088 1758 Ja-

1192 1767 1293 1803 cobus
1313 1767 1500 1802 Cardinalis
1520 1765 1562 1799 de
1584 1765 1740 1800 vitriaco
1763 1791 1770 1798 .
1798 1766 1842 1800 Et
1865 1765 1934 1801 haec
1954 1767 2000 1800 est
2026 1775 2090 1800 ter-

1191 1815 1238 1854 tia
1252 1818 1294 1852 de
1303 1828 1421 1862 azymo
1437 1815 1571 1864 antiqua
1584 1815 1624 1850 lis
1636 1838 1644 1848 .
1670 1813 1799 1851 Verum
1819 1816 1904 1852 inter
1925 1817 2013 1852 solos
2025 1816 2088 1852 La-

1191 1878 1281 1906 tlnos
1294 1894 1302 1905 .

2102 1742 2175 1781 Cap.
2213 1751 2259 1774 11.

1377 2037 1743 2088 CAPUT
1815 2041 1909 2086 IX.

1298 2162 1516 2230 Exponitnr
1551 2156 1657 2205 aliud
1694 2175 1985 2226 argumentum.

1290 2265 1375 2302 Uod
1386 2267 1538 2301 Romana
1550 2276 1588 2300 ac
1595 2265 1707 2299 omnis
1715 2265 1833 2300 Latina
1846 2265 1991 2300 Ecclesia
2005 2265 2089 2302 olim

1315 2317 1349 2351 in
1370 2318 1535 2351 fermento
1559 2316 1743 2350 sacrificant
1761 2340 1772 2354 ‚
1803 2316 1936 2351 suadere
1960 2317 2085 2351 videtur

1341 2367 1440 2401 Liber
1452 2366 1659 2401 pontificalis
1670 2391 1681 2407 ,
1692 2365 1832 2400 scribens
1842 2365 1883 2401 de
1894 2367 2010 2401 Sancto
2024 2367 2089 2402 Pa-

1195 2430 1233 2463 pa
1248 2417 1457 2452 Melchiade:
1487 2421 1542 2450 Hic
1554 2417 1634 2457 fecit
1658 2425 1691 2450 ut
1713 2417 1883 2451 oblationes
1907 2417 2085 2459 consecratae

1189 2477 1247 2511 per·
1270 2466 1413 2508 Ecclefias
1444 2479 1482 2501 ex
1504 2465 1670 2510 consecratu
1694 2465 1835 2509 Episcopi
1858 2467 2058 2510 dirigerentur
2071 2491 2084 2507 ,

1191 2520 1268 2561 quod
1276 2520 1445 2552 declaratur
1446 2517 1634 2560 fermentum
1643 2542 1650 2549 .
1665 2517 1710 2551 Et
1725 2517 1766 2551 de
1777 2517 1894 2550 Siricio
1906 2517 2085 2551 pontifice.-

1191 2573 1243 2602 Htc
1256 2569 1402 2609 constituit
1415 2577 1448 2601 ut
1460 2568 1558 2600 nullus
1572 2567 1725 2606 Presbyter
1736 2565 1847 2609 Missas
1859 2566 2016 2600 celebraret
2028 2575 2083 2610 per

1192 2630 1309 2652 omnem
1323 2618 1539 2652 hebdomadam
1551 2641 1562 2657 ,
1588 2616 1642 2659 ntsi
1648 2616 1844 2661 consecratum
1868 2615 2005 2659 Episcopi
2029 2619 2083 2650 loct

1192 2668 1336 2712 designati
1344 2667 1501 2711 susciperet
1513 2668 1693 2701 declaratum
1713 2692 1723 2707 ,
1750 2668 1831 2710 quod
1843 2673 2012 2699 nominatur
2016 2665 2083 2706 fer-

1192 2727 1342 2751 mentum.
1372 2719 1416 2751 Et
1428 2716 1468 2751 ad
1481 2717 1682 2751 Decentium
1703 2716 1919 2760 Eugubinum
1945 2716 2083 2758 Episco-

1193 2779 1269 2813 pum
1288 2767 1399 2802 scribit
1420 2767 1552 2801 Sanstus
1563 2767 1778 2801 Innocentius
1789 2767 1929 2809 primus.
1957 2767 2003 2798 De
2018 2763 2081 2806 fer-

1174 2827 1290 2852 >mento
1315 2841 1326 2858 ,
1352 2818 1437 2859 quod
1454 2819 1511 2851 Die
1532 2819 1686 2850 Dominico
1707 2825 1762 2860 per
1781 2817 1885 2850 titulos
1907 2820 2079 2857 mittimus,

243 2869 371 2896 mentati
382 2862 518 2905 facimus
531 2886 541 2901 ‚
561 2863 714 2907 sed'aqua
733 2865 842 2909 sola&
859 2869 991 2910 farina,
1017 2871 1130 2914 &igne
1188 2867 1395 2912 superfluenos
1408 2865 1553 2909 consulere
1576 2866 1715 2908 voluisti,
1741 2877 1805 2900 cum
1825 2877 1922 2900 omnes
1946 2864 2080 2907 Ecclefiae

243 2924 377 2952 azymum
387 2913 568 2955 conficimus.
595 2913 664 2947 Cur
673 2915 777 2949 Graeci
792 2928 859 2950 non
876 2919 981 2952 solum
993 2921 1131 2954 fermen-

242 2972 372 3004 tatum,
399 2964 452 2997 sed
474 2964 507 2997 ὅτ.
528 2963 626 2998 salem
648 2965 705 2998 suo
729 2967 804 3008 pani
828 2967 1026 3003 admisceant
1041 2993 1052 3009 ,
1077 2982 1129 3004 ex-

245 3014 340 3056 ponit
364 3014 398 3047 in
420 3014 553 3048 Litteris
575 3014 616 3048 ad
649 3013 811 3059 Aquilejae
841 3018 1041 3061 Episcopum
1072 3019 1131 3055 Pe-

244 3071 312 3096 trus
323 3063 510 3098 patriarcha
520 3064 750 3099 Antiochenus
765 3090 772 3097 .
800 3069 864 3109 ,Qut
881 3074 1046 3109 percipiunt
1067 3082 1131 3109 azy-

245 3124 297 3144 ma
309 3137 319 3152 ,
342 3116 504 3153 periculum
515 3114 554 3155 est
575 3126 611 3147 ne
630 3126 725 3148 errore
745 3121 777 3148 in
800 3118 974 3157 Apollinari}
994 3121 1130 3153 incidant

245 3161 392 3203 heraefim.
419 3165 470 3197 Ille
491 3172 572 3198 enim
581 3163 765 3208 praesumpfit
788 3168 882 3199 dicere
895 3190 906 3206 ‚
925 3170 1054 3211 accepisse
1075 3172 1129 3204 Det·

247 3213 367 3246 Filium
378 3225 414 3246 ac
425 3215 551 3248 Verbum
562 3227 598 3249 ex
608 3218 700 3249 sacra
715 3221 836 3261 Virgine
845 3220 960 3257 Corpus
983 3225 1085 3252 anima
1097 3233 1130 3254 ac

246 3271 347 3296 mente
368 3262 539 3303 destitutum
560 3289 570 3306 ‚
591 3263 671 3309 satts
692 3272 823 3308 inquiens
850 3269 901 3309 effe
926 3270 1072 3301 Deitatem
1093 3271 1125 3303 lo-

245 3323 278 3346 co
288 3319 398 3346 animae
410 3324 446 3346 ac
456 3321 565 3348 mentis
575 3341 583 3349 .
603 3318 698 3350 Plane
708 3323 798 3350 etiam
808 3323 857 3359 qui
869 3316 993 3356 offirunt
1005 3331 1106 3357 azyma
1121 3345 1130 3360 ,
1172 3331 1174 3350 ι

246 3371 368 3397 earnem
390 3372 537 3397 mortuam
560 3389 571 3405 ‚
596 3367 702 3399 &non
722 3374 831 3401 vivam
854 3367 997 3408 offerunt.
1028 3372 1128 3412 51qui-
1172 3384 1174 3390 ,

248 3412 316 3446 dem
325 3418 582 3459 enimpraejacens
588 3414 772 3458 fermentum
784 3424 895 3454 anima·
913 3419 969 3458 loco
988 3419 1108 3461 efficitur
1118 3445 1128 3463 ‚

1193 2919 1295 2960 noflrae
1331 2919 1412 2951 inm?
1442 2921 1610 2951 Civitatem
1629 2916 1690 2959 fint
1710 2916 1870 2958 constituta·
1889 2941 1899 2949 .
1938 2919 2080 2960 ‚Quarum
2099 2918 2171 2959 Cap.
2202 2929 2228 2957 5.

1197 2968 1383 3010 Presbyteri,
1407 2972 1478 3011 quia
1487 2968 1535 3001 die
1545 2966 1610 3011 ipsa
1618 2976 1740 3009 propter
1753 2964 1927 3007 Plebemfibi
1938 2968 2080 3001 creditam

1196 3017 1340 3061 nobiscum
1353 3023 1509 3052 conventre
1518 3029 1576 3051 non
1585 3016 1712 3060 possunt
1722 3042 1732 3058 ,
1749 3018 1856 3050 idcirc&
1861 3016 2048 3059 fermentum
2056 3019 2078 3050 ιὶ

1193 3068 1274 3102 nobis
1287 3067 1449 3109 confestum
1456 3075 1513 3108 per
1527 3067 1671 3105 Acolythos
1682 3072 1831 3109 acciptunt
1841 3090 1853 3107 ,
1870 3065 1944 3110 urse
1953 3070 1973 3100 ἃ
1983 3067 2078 3108 nostra

1194 3123 1399 3152 Communione
1409 3139 1419 3155 ,
1445 3119 1578 3151 maxime
1587 3118 1641 3150 illa
1652 3118 1702 3151 die
1711 3142 1722 3158 ,
1746 3116 2076 3161 nonjrcdicentjepara-

1192 3178 1254 3203 tos.
1283 3169 1376 3212 ,Quod
1382 3175 1439 3208 per
1452 3166 1613 3200 Parochias
1621 3166 1688 3209 fieri
1698 3166 1802 3212 debere
1811 3178 1870 3202 non
1883 3176 1959 3210 puto
1967 3190 1978 3207 ,
2004 3174 2076 3212 quia

1192 3231 1249 3253 non
1260 3220 1342 3262 longe
1358 3219 1515 3259 portanda
1529 3216 1603 3261 sunt
1625 3220 1834 3252 Sacramenta.
1864 3222 1930 3251 Nec
1948 3230 2001 3252 nos
2018 3227 2076 3260 per·

1193 3274 1370 3303 Caemeteria
1397 3266 1518 3310 diversa
1554 3268 1715 3309 constitutis
1742 3267 1926 3306 Presbyterls
1949 3268 2074 3308 destina-

1190 3332 1254 3352 mus
1265 3345 1272 3351 .
1302 3322 1345 3351 Et
1362 3318 1529 3357 Presbyteri
1541 3330 1640 3352 eorum
1649 3318 1886 3361 conficiendorum
1892 3320 1948 3360 jus
1961 3317 2071 3350 bahent

1191 3380 1277 3412 atque
1288 3370 1455 3403 licentram.
1485 3369 1620 3406 Etcirca
1634 3368 1699 3405 hoc
1710 3370 1909 3406 fermentum
1922 3369 1996 3400 sunt
2018 3376 2074 3411 vag

1192 3422 1244 3454 riae
1255 3419 1457 3464 quaestiones.
1493 3442 1494 3445 =

1913 3463 2024 3499 Prima
