2352 3736
380 171 476 217 240
683 156 1016 198 Saue-11

307 236 398 275 cbetae
407 240 427 269 ἃ
435 235 567 278 precibus
580 260 590 275 ‚
618 236 653 268 ὁ*
668 236 688 267 τὶ
700 239 846 268 Numinis
857 231 992 272 insttnbiu
1016 230 1194 273 Entufiastae

309 307 346 330 ac
361 299 508 334 praeterea
524 290 719 328 Lampetiani
743 295 777 317 ac
797 281 943 326 Bogomili
965 290 1169 324 nuncupantur
1188 308 1195 315 .

311 342 438 378 Verum
460 336 511 370 hae
529 347 646 371 omnes
667 337 779 374 Seciae,
818 332 895 366 licet
932 330 1073 374 ejusdem
1094 332 1195 378 origi-

309 392 417 441 ginis‚
445 399 515 424 non
536 397 647 422 tamen
669 385 742 418 sunt
763 379 904 424 ejusdem
924 383 1080 425 temporis
1093 407 1104 423 ‚
1139 394 1195 417 aut

308 442 452 486 ejusdem
474 451 530 484 per
550 436 663 471 omnia
683 434 800 467 erroris
819 455 825 463 .
853 432 1025 476 Bogomili
1046 433 1120 466 sunt
1144 445 1196 477 ap-

309 492 434 538 pendix
450 487 551 533 longe
561 485 722 521 recentior
740 508 751 524 ‚
775 481 816 516 de
828 482 947 526 quibus
970 483 1005 517 in
1032 484 1195 517 Sestarum

310 544 476 587 Catalogo
487 535 727 572 Constantinus
738 532 1007 577 Harmenopulus
1019 546 1026 565 :
1047 536 1195 567 Reveren-

311 600 358 629 tia
368 596 487 637 dignum
499 588 577 622 illud
584 586 704 620 sacrum
717 588 864 617 Dominici
875 587 1016 626 Corporis
1028 593 1081 625 atq
1089 585 1198 617 uesan-

306 650 407 691 guinis
419 641 548 682 afficiunt
567 641 728 681 ignominia
739 660 750 676 ,
777 635 859 677 quod
873 635 997 676 quidem
1022 633 1194 666 inhabitan-

309 702 385 728 tium
394 690 515 733 templis
528 692 704 723 Daemonum
710 684 890 730 sacrificium
903 685 1077 727 appellant.
1109 689 1196 717 Nam

311 750 343 777 in
353 741 487 776 omnibus
494 738 590 784 sacris
601 736 717 772 ‘edibus
741 735 878 769 babitare
900 738 1063 769 Daemonas
1085 737 1190 775 ajunt.

310 793 460 839 Exponit
472 792 507 825 in
531 790 616 824 libro
628 789 668 822 de
686 786 870 820 Haezefibus
897 786 1032 819 Sanstus
1053 785 1193 828 Joannes

307 845 536 879 Damascenus
548 866 554 873 .
568 839 711 883 Bogumili
724 836 915 877 Ecclefiarum
928 837 962 870 (9
975 836 1118 868 Altarium
1131 847 1193 868 con-

308 902 455 938 temptum
467 892 652 928 induxerunt
663 913 674 929 ‚
701 897 847 936 tanquam
877 894 1008 929 oporteat
1021 884 1137 928 Ascetas
1159 891 1193 918 in

308 943 511 987 Ecclefiasticis
543 936 811 984 congregationibus
859 948 917 969 non
952 948 1071 970 manere
1094 948 1108 977 ;
1139 933 1196 978 sed

306 1006 457 1030 contentos
474 990 536 1036 esse
541 991 690 1035 precibus,
703 999 770 1032 quae
777 987 893 1030 fiuntin
903 993 1028 1021 oratorio
1039 1012 1046 1019 .
1075 990 1193 1020 Tantas

306 1053 386 1080 enim
398 1044 536 1078 dicebant
548 1042 599 1085 effe
608 1050 702 1073 eorum
713 1045 858 1072 orationis
872 1044 953 1071 vires
966 1062 976 1077 ‚
1003 1045 1037 1071 ut
1046 1038 1080 1070 er
1089 1035 1144 1078 fibi
1159 1036 1194 1069 Θ

308 1094 467 1139 Discipulis
474 1091 509 1136 su
515 1098 543 1126 is
554 1091 679 1125 Saucius
691 1093 817 1132 spiritus
824 1087 998 1132 Jenfibiliter
1009 1093 1187 1130 appareret.

306 1146 480 1190 Prodigiosa
499 1143 649 1184 jaHitant
668 1165 678 1180 ,
705 1141 783 1185 quod
806 1147 914 1181 oportet
936 1149 982 1171 eos
1010 1143 1063 1180 qui
1086 1138 1192 1170 volunt

301 1195 445 1241 servari,
470 1206 578 1233 orare,
604 1191 723 1226 &nihil
730 1196 851 1233 penitus
875 1199 982 1233 agere,
1020 1189 1107 1220 donec
1126 1186 1193 1231 sen-

302 1245 400 1292 serim
417 1254 569 1288 peccatum
591 1269 601 1284 ,
636 1250 782 1285 tanquam
804 1239 926 1281 fumum
949 1238 1078 1279 aliquem
1095 1262 1105 1278 ,
1144 1237 1196 1269 vel

307 1304 424 1340 ignem,
452 1296 504 1329 vel
513 1295 692 1332 draconem,
717 1294 769 1326 vel
778 1291 899 1332 aliquod
917 1286 1056 1335 ejusmodi
1079 1288 1196 1320 animal

303 1356 362 1389 per
391 1352 550 1378 orationem
575 1340 755 1385 expulsum,
782 1342 815 1374 ό*
837 1338 1008 1383 sensibiliter
1023 1346 1080 1380 per
1092 1347 1191 1379 preces

306 1397 463 1440 egrediens
478 1420 487 1435 ,
512 1396 644 1436 spiritus
664 1401 765 1425 autem
793 1390 894 1423 saneti
916 1388 1071 1432 ingreffum
1095 1385 1192 1431 rursus

301 1446 474 1489 sensibiliter
488 1450 661 1486 accipiant,
687 1444 721 1476 (θ’
749 1448 885 1482 apertum
904 1444 936 1471 in
955 1446 1059 1472 anima
1079 1436 1193 1482 sensum

305 1496 437 1529 habeant
459 1498 636 1530 introeuntis
670 1494 816 1534 Spiritus.
844 1493 890 1522 Et
912 1488 987 1522 banc
1005 1488 1058 1531 effe
1090 1499 1194 1522 veram

304 1546 524 1587 Clnstianorum
535 1547 774 1576 communionem
789 1565 795 1571 .
818 1538 1004 1573 Meffaliani
1016 1539 1116 1582 igitur
1129 1538 1193 1571 fue-

303 1608 381 1631 runt
394 1594 532 1629 Eustatii
542 1592 733 1627 Sebastenfis
743 1592 777 1625 δε
787 1590 927 1624 aliorum
945 1589 1108 1621 Erronum
1133 1588 1192 1620 mi-

259 1653 265 1659 '
303 1658 360 1681 xta
375 1644 566 1691 progenies,
582 1645 615 1677 &
626 1643 702 1677 fons
716 1640 898 1675 nostrorum
910 1636 1191 1671 vaencfeldiano-

304 1708 379 1731 rum
393 1721 404 1736 ,
429 1691 484 1729 seu
505 1693 679 1727 caelestium
702 1689 939 1733 Prophetarum
955 1712 962 1718 .
988 1687 1070 1720 Non
1092 1687 1193 1720 solius

303 1744 517 1782 Eucharistiae
534 1767 545 1783 ‚
572 1742 623 1776 sed
635 1741 668 1776 &
682 1738 892 1784 Baptismatis
905 1747 1067 1781 negarunt
1091 1737 1194 1770 neces·

302 1799 430 1831 litatem
443 1821 450 1827 .
478 1791 690 1828 Eucharistiae
702 1791 873 1825 veritatem
885 1786 1036 1821 videntur
1058 1796 1127 1820 non
1141 1796 1195 1820 ne·

303 1847 391 1892 gass'e
426 1860 437 1879 .·
473 1855 572 1887 quam
596 1851 705 1876 tamen
730 1838 840 1885 postea
860 1836 1003 1873 omnino
1034 1846 1194 1882 negarunt

303 1895 477 1942 Bogomili
488 1919 497 1929 .
1173 1935 1180 1943 .

346 1946 499 1981 Eundem
511 1953 650 1979 errorem
665 1942 773 1976 sectati
787 1942 860 1975 sunt
872 1937 1113 1979 Paulicimi,de
1126 1948 1197 1982 qui-

306 1998 367 2032 bus
382 1996 530 2030 laudatus
542 1993 730 2028 Cedrenus:
758 1992 854 2033 Impia3
863 1991 900 2023 de
913 1993 1039 2023 Divinis
1056 1987 1195 2027 mysteriis

307 2048 426 2081 sanein·
448 2049 656 2079 communionis
673 2041 794 2085 pretiosi
813 2045 954 2082 Corporis
973 2041 1008 2074 <a
1037 2041 1195 2081 Sanguinis

130 2073 189 2104 Pol,
218 2082 274 2109 434
309 2103 430 2131 Domini
444 2096 530 2136 nostri
563 2098 594 2140 J
599 2096 679 2127 ΕΠ]
688 2092 797 2132 Christi
802 2096 944 2135 garriunt
955 2115 965 2131 ,
991 2092 1121 2122 dicentes
1140 2090 1197 2121 Do-

309 2155 422 2182 minum
435 2145 529 2181 ‘cerba
536 2144 600 2188 sicis
612 2143 748 2186 Apostolis
760 2139 877 2184 dedisse
890 2165 901 2181 ‚
926 2151 1020 2182 eaque
1026 2138 1137 2182 juffisse
1149 2150 1196 2172 ac-

309 2207 403 2241 cipere
417 2224 427 2238 ,
457 2198 545 2231 edere
556 2196 589 2229 δ’
601 2194 698 2228 bibere
709 2217 719 2232 ‚
748 2204 806 2225 non
816 2200 928 2232 panem
939 2192 974 2223 <5
984 2195 1093 2223 vinum
1105 2212 1116 2227 ‚
1128 2200 1196 2231 quae

311 2252 429 2292 quidem
447 2254 538 2281 etiam
560 2245 735 2279 adhibenda
760 2251 890 2286 negant.
920 2239 1076 2274 Garriunt
1101 2238 1197 2273 Chri-

312 2302 397 2333 ssum
411 2298 596 2332 Dominum
608 2306 677 2329 non
693 2295 726 2327 in
741 2292 832 2337 panis
844 2304 881 2326 ac
896 2291 965 2325 vini
988 2290 1171 2324 Elementis
1185 2313 1196 2330 ‚

313 2350 366 2385 sed
382 2349 447 2383 sola
459 2348 476 2381 a
488 2346 635 2389 mysticis
644 2343 894 2383 verbisexcitata
907 2340 969 2374 fide
979 2341 1041 2374 effe
1061 2341 1079 2373 a
1103 2339 1197 2374 nobis

312 2396 599 2435 manducandum.
638 2394 736 2429 Plura
763 2393 886 2427 habent
913 2392 1090 2436 dogmata,
1127 2401 1220 2443 (με,

314 2449 463 2484 Luthero
490 2449 616 2494 placent
643 2447 677 2480 &
704 2445 849 2479 Calvino
872 2467 882 2482 ‚
919 2442 1055 2484 aliisque
1091 2442 1200 2475 Sacra·

314 2500 503 2533 ment-ariis.
533 2498 680 2540 Ipsorum
709 2494 871 2538 orIginem
897 2492 1037 2535 exponit
1064 2490 1097 2523 in
1140 2491 1199 2524 Ec-

1086 148 1422 195 Laouls

1492 151 1754 212 Nous,

1255 231 1348 276 phori
1363 231 1533 265 sceleribus
1543 233 1641 268 ambo
1652 236 1925 280 adnumerantur,
1950 238 2038 283 quod
2054 239 2138 272 Pau-

1255 283 1372 316 licanis
1391 282 1487 316 fuerit
1509 283 1701 325 familiaris,
1728 286 1927 331 nimiamque
1965 288 2135 325 indulserit

1256 333 1437 367 libertatem
1450 358 1457 365 .
1486 332 1595 366 Etiam
1608 332 1649 367 de
1665 334 1834 368 Michaele
1845 336 1951 372 Balbo
1961 338 2138 383 Imperato-

1255 394 1312 423 re,
1338 383 1424 426 apud
1435 381 1592 428 Phrygiae
1617 383 1794 418 Amorium
1816 396 1915 427 nato,
1942 388 2049 422 scribit
2071 390 2138 423 lau-

1254 433 1349 467 datus
1360 434 1546 468 cedrenus.
1577 437 1685 467 Amori}
1702 433 1862 478 superioris
1887 435 2020 480 Phrygia
2043 439 2112 474 urbo
2126 464 2137 481 ,

1254 484 1293 516 ab
1306 490 1442 526 antiquis
1455 485 1635 526 temporibus
1641 489 1673 530 J
1677 488 1829 519 udaeorum
1841 511 1852 527 ,
1879 481 2114 530 Athinganorum
2126 514 2136 530 ,

1254 536 1435 576 aliorumque
1447 541 1603 576 impiorum
1616 538 1776 570 multitudo
1797 536 1957 570 habitabat
1969 562 1980 578 ,
2006 540 2040 572 Θ
2060 550 2138 581 quae·

1254 585 1327 617 dam
1337 585 1379 617 ibi
1391 582 1510 625 Haerefis
1523 596 1560 618 ex
1572 585 1688 627 istorum
1700 589 1844 620 diuturna
1863 598 1958 630 atque
1979 594 2138 623 continenti

1255 640 1334 667 inter
1367 634 1402 679 se
1439 635 1564 676 conflata
1599 636 1803 680 confitetudine
1828 646 1919 674 enata
1946 648 2013 671 erat
2027 663 2038 680 ,
2063 649 2140 671 nova

1250 684 1374 729 prorsus
1401 687 1435 720 (9
1462 685 1618 727 inufitatls'
1634 687 1767 728 constans
1789 688 1973 730 opinionibus
1988 713 1995 721 .
2018 688 2137 722 Eidem
2159 694 2285 734 Fol.496.

1254 735 1351 769 Sestae
1376 737 1423 770 ait
1450 734 1608 770 adhaefiffe
1634 737 1859 780 Michaelem,
1886 740 2027 783 ideoque
2038 739 2140 772 nulla·

1253 796 1349 819 tenus
1388 787 1481 821 fuiffe
1518 785 1740 821 Christianum
1754 815 1762 822 .
1791 789 1835 823 Et
1873 789 1964 823 addit
2002 789 2139 832 primam

1255 837 1350 870 Sestae
1375 837 1551 881 Originem
1566 851 1576 871 .·
1614 837 1775 872 Manicbaei
1802 838 1859 882 fibi
1898 840 2142 873 Paulicianorum

1265 897 1370 920 nomen
1391 885 1584 931 sumpserunt
1609 890 1630 920 ἃ
1655 892 1786 932 quodam
1814 893 1909 924 Paulo
1935 888 2140 934 Samosatcno,

1256 936 1437 971 Manichaeae
1461 937 1616 981 cujusdam
1641 940 1774 974 mulieris
1787 965 1798 982 ,
1839 941 1998 974 Callintces
2025 946 2138 973 nomine

1256 988 1334 1021 Filio
1360 1011 1367 1019 .
1405 991 1458 1020 Ea
1494 999 1558 1021 cum
1594 988 1714 1024 baberet
1751 992 1825 1024 a'uos
1862 992 1958 1024 Filios
1973 1016 1984 1032 ‚
2011 992 2140 1024 Paulum
2162 1001 2298 1038 g01,434,

1252 1036 1363 1079 scilicet
1390 1036 1489 1077 bunc,
1516 1039 1551 1070 (9
1577 1040 1669 1072 alium
1687 1044 1847 1085 Joannem
1861 1065 1873 1081 ,
1900 1040 2072 1074 Manicbaea
2092 1052 2139 1074 eos

1255 1085 1363 1127 Haerefi
1381 1086 1508 1126 instituit
1520 1110 1531 1126 ,
1551 1087 1764 1131 Samosatis'que
1783 1095 1816 1123 in
1838 1095 2008 1124 Armeniam
2026 1090 2118 1133 emifit
2129 1115 2141 1131 ,

1254 1146 1286 1169 ut
1297 1136 1338 1169 ibi
1351 1136 1435 1177 istam
1445 1135 1575 1178 haerefim
1582 1140 1806 1181 promulgarent
1817 1164 1824 1171 .
1852 1141 1943 1182 ,Quod
1952 1142 1995 1173 1111·
2001 1141 2142 1182 fecerunt

1254 1194 1285 1220 in
1299 1193 1364 1220 vico
1379 1187 1508 1230 quodam
1524 1186 1727 1222 Phan'arroeae
1738 1213 1745 1220 .
1773 1191 1900 1222 Exinde
1925 1195 1989 1223 vico
2010 1188 2141 1232 Eptfioa·

1255 1238 1333 1270 ndis
1346 1262 1354 1269 .
1380 1237 1575 1270 sectatoribus
1581 1237 1701 1280 fabium
1718 1238 1756 1279 est
1767 1251 1872 1272 nomen
1885 1240 2124 1273 paulicianorum
2134 1262 2143 1272 .

1258 1288 1424 1334 Quocirca
1448 1285 1502 1322 hic
1512 1289 1739 1323 Samosatenfis
1752 1288 1873 1322 Paulus
1884 1289 1927 1323 est
1941 1288 2040 1334 longe
2059 1289 2144 1323 alius

1256 1339 1272 1371 a
1294 1339 1496 1382 cognomine
1518 1337 1937 1379 Amioehiaepaniarcha,
1973 1351 2029 1383 per
2045 1350 2144 1383 quem

1258 1388 1452 1423 Nestoriana
1466 1387 1585 1422 scabies
1598 1390 1725 1433 accepit
1738 1389 1839 1432 prima
1851 1389 1984 1423 exordia
1997 1414 2004 1421 .
2038 1388 2145 1424 Unde

1255 1439 1287 1472 &
1300 1437 1397 1481 hujus
1408 1439 1557 1483 sequaces
1570 1441 1766 1473 consuerunt
1778 1439 1845 1473 dici
1859 1464 1869 1479 ‚
1896 1451 1965 1473 non
1987 1438 2151 1474 Paulicia-

1256 1487 1314 1529 ni,
1341 1489 1394 1522 sed
1406 1488 1612 1523 Paulianistae
1621 1515 1629 1522 .
1657 1491 1738 1536 Quo
1750 1500 1896 1533 tempore
1908 1490 2021 1523 vixerit
2034 1488 2148 1523 Pauli-

1257 1540 1426 1572 cianorum
1440 1538 1566 1572 Austor
1580 1565 1590 1580 ,
1618 1539 1786 1574 Cedrenus
1813 1552 1879 1573 non
1892 1539 2065 1584 exprimit:
2091 1549 2151 1574 eo-

1259 1599 1329 1621 rum
1345 1589 1476 1634 interim
1504 1589 1650 1622 scelerata
1673 1600 1839 1624 enumerat
1859 1589 2039 1635 dogmata,
2059 1590 2146 1623 inter

1257 1649 1326 1681 quae
1337 1638 1382 1673 est
1393 1638 1458 1681 jam
1468 1638 1591 1677 dictum
1607 1638 1786 1674 monstrum
1799 1639 1840 1674 de
1862 1639 2054 1674 Venerabili
2078 1638 2148 1675 Eu-

1257 1687 1409 1722 charissia
1422 1713 1430 1721 .

1309 1737 1413 1771 Aliud
1423 1739 1569 1780 ipsorum
1584 1740 1709 1774 facinus
1722 1739 1858 1784 exponit
1879 1739 2030 1774 laudatus
2049 1739 2144 1773 Teo·

1259 1785 1405 1831 phanes,
1427 1787 1541 1822 dicens
1563 1790 1702 1833 primam
1728 1790 1858 1833 septimi
1882 1789 2010 1833 Synodi
2031 1788 2145 1822 Seffio-

1260 1849 1335 1872 nem
1347 1837 1440 1872 fuiffe
1453 1838 1647 1874 celebratam
1660 1838 1954 1883 Constantinopoli
1976 1839 2012 1873 in
2036 1837 2150 1873 Eccle-

1258 1888 1300 1922 fia
1312 1890 1506 1923 Sanctorum
1520 1886 1760 1933 Apostolorum
1771 1914 1782 1930 ‚
1794 1891 1828 1926 &
1842 1888 2044 1935 adjungens:
2064 1887 2147 1922 Scho-

1258 1941 1399 1972 lariorum
1413 1940 1447 1973 <a
1459 1939 1675 1973 Excubitorum
1686 1945 1776 1982 copiae
1791 1964 1803 1981 ,
1824 1938 1963 1982 perversi
1973 1937 2023 1981 sict
2046 1941 2143 1981 Magi-

1253 1989 1311 2030 stri
1322 1989 1458 2022 doctrina
1471 1989 1610 2030 imbutae,
1622 1991 1657 2023 ὁ·
1667 1991 1687 2021 ἃ
1697 1986 1830 2032 propriis
1841 1988 2012 2023 lectioribus
2034 1993 2143 2021 incita·

1259 2049 1300 2073 tae
1316 2064 1327 2081 ‚
1351 2040 1476 2074 nudatis
1486 2041 1599 2082 gladiis
1613 2038 1898 2082 impetumfecerum
1918 2044 1950 2072 in
1971 2038 2117 2078 synodum
2135 2061 2147 2078 ,

1259 2100 1437 2131 mortemque
1449 2099 1512 2122 tam
1524 2089 1581 2131 ipsi
1589 2090 1780 2125 Patriarcbae
1791 2115 1803 2132 ,
1839 2101 1930 2132 quam
1964 2087 2149 2122 orthodoxis

1259 2144 1322 2181 Epi
1323 2138 1419 2182 scopis
1431 2165 1442 2181 ‚
1468 2141 1502 2173 (θ’
1515 2140 1753 2184 Μοηαθενίονμνη
1770 2138 1938 2182 Praepofitis
1957 2138 2068 2180 inferre
2095 2142 2151 2170 ml·

1259 2188 1406 2234 natlsunt
1423 2215 1430 2221 .
1453 2188 1575 2226 Ethaec
1587 2191 1633 2226 est
1656 2193 1748 2224 causa
1762 2215 1771 2231 ‚
1793 2202 1849 2224 cur
1873 2190 2027 2232 synodus
2049 2188 2148 2222 fuerit

1261 2241 1406 2274 Nicaeam
1419 2241 1573 2274 translata
1586 2265 1593 2273 .
1621 2240 1849 2275 Turbulentos
1862 2239 1939 2273 istos
1953 2238 2045 2272 fuisse
2066 2237 2151 2272 Pau-

1261 2285 1398 2324 licianos
1410 2314 1421 2331 ,
1452 2301 1535 2334 quos
1549 2302 1589 2324 ex
1601 2291 1692 2333 Syria
1717 2291 1751 2325 in
1775 2289 1960 2324 Thraciam
1973 2288 2150 2322 adduxerat

1263 2341 1503 2375 Constantinus
1516 2339 1705 2375 Caballinus
1717 2363 1727 2379 ‚
1746 2339 1861 2374 diserte
1881 2339 1988 2374 asserit
2013 2337 2154 2373 Anasta·

2169 2117 2228 2149 1³01.
2230 2127 2244 2155 3
2251 2120 2296 2154 89.

1262 2388 1602 2425 fiusBibliothecarius
1617 2416 1623 2422 .
1637 2391 1679 2424 Et
1692 2392 1765 2425 sane
1778 2389 1904 2425 constat
1918 2388 1979 2423 hos
1992 2399 2068 2423 cum
2080 2387 2149 2422 Ico·
2170 2383 2226 2414 ¹²01>
2243 2385 2303 2417 1⁶1·

1263 2441 1414 2475 noclastis
1438 2465 1449 2481 ,
1473 2442 1518 2475 uti
1548 2441 1719 2475 Herodem
1740 2453 1778 2476 ac
1800 2440 1969 2478 Pilatum,
2001 2438 2149 2472 adversus

1263 2492 1449 2525 Dominum
1466 2492 1588 2535 semper
1603 2492 1813 2535 conspirasse.
1834 2486 2018 2536 Qomodo
2039 2486 2149 2520 adver-

148 2875 202 2904 An,

155 3113 211 3142 An,
226 3119 288 3146 747·

222 2882 271 2907 7127

313 2549 485 2584 clefiastica
497 2547 647 2580 Historia
661 2545 844 2577 Anastafius
871 2543 1032 2575 Romanae
1053 2529 1221 2574 Ecclefiaei
1264 2543 1313 2575 sus
1335 2540 1511 2584 piissimum
1534 2542 1764 2585 Imperatorem
1790 2538 1992 2572 Michaelem
2016 2537 2149 2580 Ranga-

314 2597 591 2633 Bibliothecarius
615 2620 621 2626 .
660 2594 904 2627 Germaniciarn
927 2615 938 2630 ,
986 2589 1198 2632 Euphratefiae
1264 2590 1324 2625 ben
1338 2591 1447 2625 nescio
1460 2602 1531 2634 quae
1548 2590 1676 2625 turbida
1702 2588 1796 2623 Plebs
1817 2589 2038 2626 tumultuata,
2060 2587 2151 2620 con-

316 2648 497 2683 Provinciae
511 2646 688 2680 Civitatem
702 2668 712 2683 ,
738 2654 836 2686 quam
848 2653 917 2675 non
933 2640 975 2673 ita
995 2640 1121 2683 pridem
1144 2641 1197 2673 Sa—
1243 2645 1247 2705 1
1266 2641 1403 2674 stamini
1423 2641 1588 2676 Caballini
1602 2639 1806 2683 sepulchrum
1830 2638 1997 2672 accesserit
2011 2661 2020 2676 ,
2053 2634 2147 2671 illum

317 2701 426 2733 raceni
448 2706 646 2739 occuparant
660 2718 669 2733 ,
696 2693 804 2727 scribit
826 2700 1044 2734 recuperatam
1068 2690 1085 2723 a
1109 2689 1200 2724 Con·
1244 2692 1311 2733 guti
1326 2702 1483 2734 magnum
1509 2692 1660 2724 Sanctum
1682 2688 1723 2722 ad
1745 2687 1956 2731 reparandum
1980 2685 2151 2720 Iconocla·

318 2749 464 2784 stantino
478 2745 655 2781 Caballino
671 2767 681 2783 ,
699 2755 736 2777 ac
760 2743 864 2787 pergit
881 2756 890 2775 :
919 2740 1129 2781 Constantinus
1152 2737 1195 2783 as·
1244 2735 1354 2794 lstiam
1368 2740 1571 2779 invocaverit
1591 2763 1602 2780 ‚
1625 2738 1820 2782 ipsumquea
1836 2737 1973 2771 mortuis
2000 2735 2153 2770 surrexis-

313 2799 435 2843 sumpfit
447 2802 594 2841 Cognatos
602 2794 670 2838 suos
683 2806 721 2827 ex
735 2803 874 2826 materna
885 2792 966 2825 linea
977 2789 1198 2833 descendentes,
1243 2795 1247 2818 f
1262 2793 1294 2825 se
1306 2790 1434 2823 finxerit
1445 2814 1457 2829 ,
1483 2791 1580 2824 refert
1601 2789 1689 2824 idem
1712 2788 1896 2822 Anastafius
1922 2787 1956 2820 δε
1980 2785 2147 2830 adjungit:

320 2839 503 2890 &Byzantii
515 2848 665 2880 collocavit
675 2856 734 2877 una
747 2855 812 2877 cum
825 2845 927 2875 multIs
951 2842 1026 2880 §yris
1047 2840 1201 2882 Monophy-
1262 2840 1353 2873 Multi
1378 2850 1473 2873 eorum
1486 2863 1497 2879 ‚
1524 2844 1576 2882 qui
1605 2844 1637 2872 in
1663 2839 1713 2872 his
1750 2834 2000 2881 blasphemabant
2013 2861 2024 2877 ,
2058 2842 2147 2870 erant
2167 2843 2226 2879 1³01,
2239 2847 2303 2879 239,

279 2895 283 2901 ’
316 2900 381 2944 Jitis
404 2903 586 2937 Haereticis,
611 2907 650 2929 ex
679 2895 784 2937 quibus
801 2895 906 2935 plures
930 2898 961 2924 in
971 2890 1101 2924 Thracia
1111 2893 1200 2931 usque
1243 2889 1366 2933 {habitu
1386 2891 1506 2922 tantiam
1518 2889 1682 2931 Christiani
1697 2914 1707 2930 ‚
1733 2894 1863 2922 veritate
1875 2890 1946 2921 verb
1955 2886 2146 2920 pauliciani.

325 2962 398 2984 nunc
410 2949 562 2987 habitant,
574 2947 709 2986 &juxta
725 2948 848 2977 Petrum
861 2941 1007 2983 cnaphea
1019 2943 1199 2972 Trinitatem
1242 2937 1247 2992 Ι
1264 2939 1442 2975 Michaelis
1455 2940 1542 2975 tertii
1555 2940 1688 2985 augusta
1702 2950 1807 2973 mater
1831 2936 2011 2971 Theodora
2032 2946 2148 2969 omnes

325 3006 355 3032 in
367 3000 495 3044 Trisagio
505 2996 690 3040 crucifigunt·
715 2995 758 3027 Et
771 2993 851 3027 infr&
866 3007 876 3026 -·
913 2989 1124 3030 Constantinus
1157 2992 1200 3028 59·
1244 2995 1318 3039 {aut
1343 2991 1490 3025 converti
1505 2999 1561 3024 aut
1574 2990 1706 3034 capitali
1724 2988 1883 3032 supplicio
1904 2986 2057 3020 eradicari
2081 2987 2150 3018 san-

327 3061 374 3081 ros
386 3052 418 3082 (τ
431 3053 578 3083 Armenios
588 3070 598 3086 ‚
608 3057 676 3088 quos
691 3046 710 3077 ἃ
725 3042 933 3085 Theodofiopolt
953 3043 988 3075 eb·
1000 3041 1139 3073 Melitina
1150 3042 1199 3072 du·
1245 3054 1247 3080 i
1264 3042 1312 3074 xit
1333 3063 1343 3078 ,
1368 3051 1467 3082 quam
1483 3042 1677 3075 sententiam
1688 3049 1843 3074 executus
1855 3035 1989 3071 tandem
2000 3036 2043 3069 est
2069 3034 2146 3068 dicti

328 3108 415 3130 xerat
429 3123 438 3138 ,
465 3105 494 3130 in
505 3098 638 3130 Thracen
650 3101 793 3139 emigrat,
819 3106 856 3127 ex
868 3092 972 3135 quibus
984 3097 1076 3124 etiam
1103 3091 1199 3123 Pauli·
1245 3081 1247 3097 ⁵
1263 3090 1443 3125 Michaelis
1455 3091 1617 3125 successor
1639 3090 1786 3124 Bafilius.
1805 3085 1933 3122 Denuo
1957 3085 2148 3120 rebellantes

328 3154 476 3181 cianorum
489 3147 602 3188 haerefis
615 3145 651 3185 est
663 3146 807 3178 dilatata.
834 3144 880 3177 Et
894 3143 1025 3176 rursum:
1039 3145 1201 3183 Imperator
1264 3141 1414 3184 reliquias
1446 3142 1478 3175 in
1492 3140 1828 3185 philippopolitanam
1838 3135 2021 3170 Thraciam
2035 3134 2148 3180 depor-

330 3197 511 3237 Nicephorus
529 3196 780 3234 Manichaeorum,
817 3200 866 3236 qui
890 3203 967 3226 nunc
989 3192 1202 3225 Paulics'ani&
1245 3192 1347 3269 §tavit
1376 3192 1518 3235 Joannes
1538 3191 1738 3228 Ztemiscas,
1766 3188 1800 3221 ὃς
1825 3184 1945 3220 exinde
1975 3195 2145 3228 erumpens

331 3246 494 3288 Athingani
506 3246 670 3283 dicuntur,
701 3251 806 3286 quique
817 3250 850 3277 tn
865 3243 1041 3285 Phrygiae>-
1062 3244 1202 3280 Lycaonia
1246 3242 1373 3297 ‘postea
1400 3243 1508 3276 nescio
1536 3242 1592 3285 qui
1630 3239 1777 3274 factiosus
1815 3237 1916 3271 Lecas
1952 3233 2146 3278 Nicephoro

331 3295 471 3336 constituti
485 3293 669 3326 habebantur
680 3296 742 3333 ejus
752 3294 875 3335 confines
890 3295 924 3326 (9·
935 3298 1026 3325 vicini
1043 3315 1054 3332 ‚
1091 3295 1201 3324 amicus
1267 3292 1450 3325 Botoniatae
1476 3303 1577 3326 novas
1589 3289 1693 3324 movit
1716 3287 1824 3321 turbas
1838 3311 1848 3326 ,
1874 3287 1970 3320 sacris
1992 3285 2143 3319 indutum

328 3345 556 3391 ferventtffimus
569 3350 652 3380 erat,
678 3343 814 3384 responfis
844 3354 941 3376 eorum
959 3340 1074 3383 semper
1098 3342 1131 3375 Θ
1151 3346 1202 3373 im¹
1267 3343 1405 3376 vestibus
1438 3340 1658 3376 sardicensem
1698 3337 1896 3380 Episcopum
1933 3334 2057 3369 occidit
2104 3332 2146 3367 ad

331 3394 531 3429 molationibus
553 3391 769 3433 congratulatus
793 3415 801 3422 .
839 3393 920 3438 Qae
947 3392 1060 3424 omnia
1092 3388 1202 3424 iisdem
1270 3393 1401 3433 Altam,
1428 3392 1562 3433 aliisque
1574 3387 1772 3421 facinoribus
1785 3387 1816 3421 se
1830 3383 2143 3420 reddiditfamosum.

333 3447 436 3483 verbis
449 3442 555 3479 scribit
567 3440 697 3483 Martyt
710 3438 940 3485 Theophanes.
951 3439 1096 3475 Peffimis
1110 3440 1204 3475 Nice·
1267 3443 1349 3490 Qae
1386 3441 1498 3477 omnia
1536 3437 1632 3473 letius
1669 3438 1814 3473 scribunt
1850 3435 1995 3516 Martyr1
2032 3432 2148 3467 Theo-

1260 3525 1263 3527 ,
1964 3495 1983 3530 p
1996 3496 2098 3528 mnes,
