2352 3736
57 3154 114 3184 1³01.
127 3163 188 3192 532·

516 140 1054 186 CONCILIUM
1127 137 1772 193 MocuNTtNuM.

236 231 396 270 Latinum
412 230 587 265 translator
600 229 798 264 Guilielmus
820 228 1027 264 Lombardus
1052 237 1118 260 ver-

235 283 301 317 tit:
329 283 441 314 Panem
468 286 652 315 execratione
687 282 847 321 devotum,
878 288 994 321 panem
1029 282 1117 311 certis

233 331 339 367 werbir
348 331 510 372 devotum,
535 333 838 373 panemconjuratum
850 354 857 365 ,.
885 330 963 362 Erat
975 326 1118 372 vulgaris

234 382 442 426 purgationis
454 382 572 425 species
583 406 593 421 ,
620 392 755 424 quarum
767 379 919 414 omnium
933 377 1131 417 Εκτῑῃειιῐει,Γ

232 432 285 466 nti
307 431 394 475 apud
412 432 570 466 Hebraeos
593 443 676 473 aqua
708 428 890 472 Zelotypiae
913 453 927 469 ,
951 428 1118 462 consuesse

233 482 317 515 olim
345 482 463 525 partim
490 480 796 519 benedictionibus,
823 479 942 522 partim
974 477 1118 517 ‚exorcis-

233 532 298 567 mis
326 532 450 575 parari,
475 531 585 567 scribit
611 531 644 564 in
674 528 767 569 libris
791 526 832 562 de
859 526 1012 563 Lotharii
1053 528 1118 566 Re-

233 583 286 626 gis
313 582 458 616 divortio
488 583 689 618 Hine-marus
725 578 945 622 Metropolita
977 578 1117 620 Remen—

231 633 290 666 fis.
319 630 519 669 Eucharistia
530 629 631 674 igitur
643 630 770 673 purgari
789 630 893 670 solas,
920 629 961 664 de
977 637 1115 671 quarum

233 683 329 717 firma
341 683 375 716 in
386 691 516 719 tautum
529 679 775 713 Sacramentum
787 679 851 717 fide
871 691 908 714 ac
935 677 1114 712 reverentia

232 732 435 769 nuliusesset
448 740 553 763 metus
574 740 633 763 aut
657 730 836 774 periculum
850 754 862 770 ‚
887 727 1115 762 eminentes&

232 793 328 821 notas
341 781 492 824 personas
512 780 720 823 permittebat
743 790 822 814 tunc
846 779 1033 822 Anglicana
1055 777 1116 811 Ec-

230 832 348 870 clefia,
376 829 518 872 reliquos
549 830 772 875 adstringebat
796 829 837 863 ad
862 829 928 863 Dei
953 827 1114 871 judicium

231 879 421 926 perPanem
434 879 662 922 conjuratum.
691 879 940 919 Ecclefiaeenim
970 877 1116 921 precibus

229 932 267 965 δε
288 930 481 970 exorcismis
511 939 707 972 cooperatur
727 930 842 968 divina
865 929 1037 971 Maiestas,
1065 940 1116 972 pa-

231 990 374 1023 nemque
386 978 482 1013 istum
494 979 696 1021 mendaciter
707 980 740 1015 su
747 991 870 1014 mentes
883 979 1030 1013 solebant
1055 979 1115 1012 dis-

228 1030 357 1073 rumpi.
386 1029 542 1073 Ejusdem
555 1030 676 1068 mentis
698 1030 761 1063 fuit
786 1028 952 1063 Robertus
974 1030 1117 1072 Franco-

229 1091 305 1114 rum
319 1080 394 1114 Rex
404 1079 439 1121 in
453 1080 609 1123 Epitorne
624 1080 784 1124 Helgaldi
810 1079 973 1114 Monachi
996 1080 1117 1114 Floria·

228 1129 400 1164 riacenfis:
429 1130 558 1173 Praefiili
568 1132 688 1165 cuidam
701 1154 710 1168 ,
724 1129 924 1173 Leotherico
939 1130 1114 1164 senonensi

229 1179 511 1223 Archiepiscopo‚
538 1179 931 1223 quaerentipro-quibasdam
943 1179 1033 1221 causis
1051 1189 1117 1222 pro·

228 1230 378 1264 barionem
387 1236 421 1268 in
430 1235 559 1272 Corpore
569 1234 693 1270 Dorm'ni
705 1230 791 1270 nostri
807 1234 838 1275 J
842 1229 891 1274 esu
913 1229 1048 1270 Chrffli,
1072 1236 1117 1271 in·

229 1282 324 1324 dt'gne?
336 1282 407 1314 tulit
417 1283 484 1320 Rex
497 1289 614 1314 amator
624 1281 770 1322 bonitatis
781 1305 792 1320 ,
818 1283 851 1314 (ν
858 1280 974 1324 scripsit
995 1282 1118 1322 plenam

228 1331 446 1373 indignationis
459 1331 622 1374 Epistolam
643 1337 677 1363 in
697 1330 759 1365 haec
771 1332 891 1369 verba!
921 1337 996 1367 Cum
1005 1330 1039 1370 fit
1063 1331 1117 1363 tibi

229 1391 338 1414 nomen
349 1379 486 1423 scientiae
496 1405 507 1420 ‚
537 1383 571 1414 (Ὺ
585 1393 642 1415 non
653 1383 789 1419 luccatin
800 1390 829 1415 te
839 1383 937 1415 lumen
945 1380 1117 1424 sapientia,

230 1436 323 1463 miror
335 1442 396 1472 qua
405 1436 519 1469 ratione
531 1430 676 1473 quaesieris
683 1439 740 1472 pro
754 1437 814 1464 tuis
828 1432 1011 1473 iniquiffimis
1024 1435 1119 1472 Impe-

229 1485 310 1521 riis,
337 1482 372 1514 <w
391 1489 449 1522 pro
474 1480 611 1522 infestato
633 1482 697 1513 odio
710 1505 722 1521 ,
748 1483 827 1524 quod
847 1493 917 1525 erga
941 1484 999 1515 Dei
1014 1480 1118 1524 servos

230 1529 329 1564 habes
339 1535 588 1571 examinatlonem
599 1536 631 1563 in
653 1535 780 1572 Corpore
795 1555 806 1571 ,
832 1533 866 1565 (τ’
886 1533 1036 1574 Sanguine
1060 1535 1120 1563 Do-

229 1584 325 1612 mini.
351 1583 398 1612 Et
420 1591 488 1619 cum
507 1579 559 1612 hoc
576 1579 633 1621 fit,
662 1582 742 1622 quod
760 1583 780 1612 ἃ
807 1582 965 1614 sacerdote
990 1582 1118 1622 dicitur3

230 1634 349 1671 Corpus
362 1633 482 1669 Domini
493 1628 580 1677 nostri
585 1633 617 1676 J
620 1628 668 1672 esu
690 1629 799 1670 Christi
820 1628 856 1670 fit
880 1630 934 1663 tibi
950 1628 1036 1673 salus
1057 1637 1119 1664 ani-

227 1690 288 1711 mae
301 1681 335 1713 (9·
346 1685 474 1721 corporis
490 1704 500 1720 ‚
526 1690 576 1712 cur
588 1689 621 1712 tu
633 1687 785 1719 temerario
797 1682 831 1714 (9·
839 1682 951 1722 polluto
962 1692 1009 1714 ore
1023 1683 1118 1721 dicas,

228 1731 263 1762 Si
275 1730 381 1773 dignus
393 1741 423 1762 es
439 1735 536 1771 accipe
548 1754 559 1770 ‚
586 1741 652 1763 cum
658 1729 697 1772 fit
707 1732 805 1764 nullus
828 1735 880 1771 qui
907 1730 1052 1764 habeatur
1077 1733 1120 1763 dt-

224 1780 334 1827 gnus?
376 1778 517 1820 VIdetur
539 1779 614 1813 Rex
636 1781 819 1823 supremum
844 1780 992 1814 Ecclefiae
1013 1781 1122 1814 Sacra-

228 1839 381 1863 mentum
393 1829 485 1869 vario
499 1829 646 1874 indignae
670 1831 867 1874 sumptionis
888 1830 1034 1874 periculo
1062 1843 1119 1864 no-

228 1879 327 1914 luisse
345 1879 487 1922 exponi.
533 1879 655 1914 Forsan
678 1888 785 1914 tamen
809 1880 1003 1923 corripuerit
1036 1881 1121 1914 solos

227 1927 599 1964 Leothericiexceffus.
632 1929 817 1975 Qornodo
847 1930 1030 1964 damnasset
1050 1942 1118 1965 mo-

226 1989 302 2013 rem
312 1978 562 2013 vetustiffimum
572 1979 751 2013 Gallicanae
762 1979 908 2013 Ecclefioe
921 1981 932 2014 ?

280 2027 386 2063 Aliud
399 2028 490 2062 enim
512 2027 610 2072 hujus
631 2029 836 2072 probationis
859 2030 984 2074 insigne
1012 2042 1120 2065 exem·

228 2078 323 2122 plum
334 2078 493 2120 habemus
505 2079 539 2112 in
555 2079 714 2113 Gerfredo
723 2079 897 2114 Monacho
911 2091 949 2114 ac
962 2081 1119 2115 Diacono

227 2128 427 2162 Monasterii
448 2129 714 2163 Fiaviniacenfis.
753 2129 969 2175 Adalgarium
1004 2129 1120 2175 Augu-

228 2177 461 2213 stodunensem
484 2179 686 2222 Episcopum
710 2180 872 2215 ferebatur
906 2192 1035 2215 veneno
1065 2193 1121 2214 oc·

229 2228 345 2262 cidisse
369 2253 377 2260 .
411 2228 537 2268 Verum
572 2230 681 2264 nulius
702 2240 769 2265 erat
793 2231 905 2264 firmus
928 2232 1118 2271 accusator,

231 2277 362 2321 peffirna
379 2279 509 2312 interim
521 2280 606 2313 fama
617 2292 750 2314 omnem
779 2281 968 2325 Regionem
994 2281 1119 2326 afflige-

230 2326 305 2361 bat.
343 2329 455 2375 Qare
477 2329 705 2373 Lugdunensis
727 2329 944 2374 Metropolita
969 2330 1117 2366 Aurelia-

229 2388 294 2411 nus
314 2377 408 2412 illum
428 2375 607 2419 discussum
632 2379 720 2423 prius
743 2381 955 2423 Synodaliter
975 2405 986 2421 ,
1023 2382 1056 2416 &
1077 2380 1117 2416 de

229 2427 316 2460 tanti
330 2428 530 2462 Sacramenti
542 2430 719 2464 reverentia
733 2429 894 2470 horrende
911 2431 1093 2475 adjuratum
1105 2457 1116 2474 ,

222 2475 359 2515 tandem
373 2477 549 2518 admifit‚&
559 2479 599 2513 ad
613 2478 871 2520 Eucharisticam
883 2482 994 2527 coegit
1007 2482 1039 2522 in
1051 2483 1114 2526 ple.-

225 2538 270 2561 na
282 2528 344 2560 suae
355 2527 539 2561 Provincia:
552 2529 689 2572 synodo
699 2532 970 2576 expurgationem
982 2546 993 2572 ;
1023 2535 1117 2576 ,Quod

226 2577 361 2610 omnibus
374 2576 579 2621 usquequaque
596 2578 674 2622 satis
698 2580 784 2622 fuit.
810 2581 921 2616 Gualo
948 2575 1114 2627 Augusto-

227 2624 380 2662 dunenfis
416 2627 595 2672 Episcopus
633 2642 744 2665 coram
787 2634 880 2666 omni
907 2631 1037 2676 Populo
1063 2645 1113 2667 ce-

228 2673 366 2710 lebravit
392 2677 566 2713 Missarum
594 2681 773 2721 solemnia,
799 2687 846 2715 Et
871 2692 941 2716 tunc
971 2681 1112 2726 suprafa-

227 2732 292 2757 tum
300 2733 478 2767 praemonuit
500 2735 619 2771 virum,
651 2740 683 2763 ut
703 2731 775 2774 ficut
788 2733 845 2774 fibi
865 2732 921 2775 ipsi
934 2733 1112 2776 conscientia

228 2775 359 2808 dictaret
374 2799 383 2813 ,
404 2777 450 2813 ad
456 2779 545 2814 sacra
551 2778 696 2821 sumenda
708 2806 717 2821 ‚
744 2793 798 2815 aut
807 2782 899 2816 etiam
911 2782 1087 2827 refugienda
1101 2808 1111 2824 ‚

229 2836 343 2866 quoquo
366 2826 455 2858 vellet
472 2829 578 2868 modo,
612 2828 645 2872 se
668 2830 766 2874 ipsum
788 2832 974 2877 praefigeret.
1003 2836 1068 2877 ,Qui
1080 2840 1111 2867 in

210 2901 213 2904 .
230 2875 310 2908 nullo
331 2874 470 2916 baefitans
483 2900 493 2916 ,
521 2880 614 2914 Deum
631 2879 705 2921 fibi,
735 2883 769 2915 <5
789 2881 883 2926 ipsum
900 2908 909 2923 ‚
947 2886 1027 2925 quod
1042 2892 1111 2926 per-

228 2933 370 2967 cepturus
384 2935 469 2966 erat,
500 2928 710 2969 redemptionis
720 2938 850 2971 pretium
862 2939 893 2965 in
918 2933 1111 2972 testimonium

231 2976 423 3015 &judicium
435 2981 577 3009 invocans
595 3001 604 3016 ,
627 2978 758 3020 fidiffime*
777 2983 913 3020 pmnibus
932 2989 965 3016 in
992 2982 1111 3026 prospe—

231 3024 407 3066 c‘lupofitis,
431 3037 498 3068 quae
517 3025 610 3068 supra
630 3027 759 3069 fuerant
780 3032 910 3074 praefixa
941 3040 1023 3066 votis
1055 3045 1110 3066 om·

230 3073 320 3111 nibus
329 3082 462 3119 peregit.
491 3075 540 3109 Ita
553 3077 614 3110 fuit
632 3079 726 3111 omni
739 3079 918 3123 suspicione
941 3082 1091 3117 liberatus
1103 3109 1110 3116 .

230 3123 372 3157 Exstant
385 3126 464 3159 Aesta
475 3127 559 3170 apud
585 3128 740 3171 Jacobum
763 3129 975 3169 Sirmondum
996 3134 1032 3166 in
1053 3143 1112 3167 ter-

229 3174 278 3210 tia
292 3174 590 3216 parteGallicarum
614 3178 843 3221 Synodorum.
871 3181 915 3218 Et
937 3182 974 3214 in
999 3182 1108 3221 Histo-

229 3224 278 3262 ria
304 3225 358 3257 sua
383 3224 490 3259 scribit
509 3227 630 3262 Glaber
651 3228 872 3272 Rudolphus:
899 3230 1028 3270 Exstitit
1045 3238 1114 3274 qui-v

0 3301 1 3321 3
55 3270 118 3307 1--5·
145 3281 210 3307 eq,
229 3271 304 3312 dam
321 3274 412 3314 nostro
433 3284 558 3316 tempore
584 3282 615 3309 in
636 3280 775 3312 clericali
798 3279 925 3322 habitu,
952 3281 1025 3314 dum
1044 3284 1112 3323 iure

233 3324 403 3365 culparetur
416 3326 542 3367 quodam
561 3332 702 3369 crimine,
731 3335 851 3373 contigit
860 3339 894 3363 ut
913 3329 1041 3373 sumeret
1064 3343 1111 3366 au-

235 3374 335 3408 dacter
350 3376 467 3415 judicio
490 3382 721 3412 examinationis
746 3381 855 3413 donum
890 3380 1087 3421 Eucharistiae
1101 3407 1110 3422 ,

235 3423 345 3458 Calicis
364 3427 500 3465 videlicet
511 3428 672 3471 sanguinis
687 3428 796 3471 Christi
807 3456 814 3464 .
840 3435 901 3466 Cui
911 3437 1050 3474 protinus
1057 3440 1113 3476 per

1898 142 2000 196 231'

1181 227 1308 259 medium
1330 224 1456 258 umbilici
1481 226 1580 269 egredi
1608 225 1676 269 visa
1701 223 1819 266 estpars
1841 224 2064 269 candMffma,

1180 287 1270 318 quam
1286 274 1473 319 sumpserat,
1508 274 1639 319 ejusdem
1655 273 1795 318 sacrificii
1816 299 1827 315 ‚
1863 275 1945 309 dans
1961 277 2067 318 procul

1181 325 1268 360 dubio
1278 322 1408 366 >cz-idem
1421 327 1564 362 indicium
1571 333 1672 366 'reatus
1678 323 1848 369 J‘e‘indigne*
1851 330 2046 368 percipientis
2056 350 2066 361 .

1181 376 1259 408 Illico
1301 378 1372 408 vero
1420 378 1559 418 confitens
1601 376 1687 419 ‚quod
1729 374 1816 418 prius
1872 385 2067 420 negaverat,

1180 427 1421 470 dignepoenituit.
1450 427 1493 460 Et
1505 426 1546 467 de
1570 424 1706 469 Juditha
1723 420 1876 465 'Bavariae
1897 426 2066 469 ‚Due-issa,

1180 475 1212 508 δε
1223 474 1414 517 Abrahamo
1427 476 1618 519 Frifingenfi
1629 477 1792 523 Episcopo
1801 474 1914 517 scribit
1931 476 2065 517 ,Ditmaae

1180 537 1232 559 rus
1250 526 1428 569 Episcopus
1447 525 1739 570 Merseburgenfis:
1768 525 1913 571 Juditba
1936 531 1975 565 jn
2010 525 2068 568 sua

1179 577 1327 610 viduitate
1338 581 1519 609 continenter
1529 582 1642 609 vivens
1654 599 1665 615 ‚
1690 574 1924 618 cum‘Abraham
1945 571 2075 620 Epist&

1175 634 1250 667 pum
1255 634 1324 668 prae
1336 626 1595 668 caeterisdilzgeret
1610 650 1621 665 ,
1642 627 1753 666 invido
1763 629 1882 670 vulgari
1901 625 2068 667 demedi-

1181 676 1358 710 laniabatur
1372 701 1380 709 .
1409 678 1491 719 ,ραι
1515 687 1578 709 cum
1601 677 1638 708 de
1657 675 1713 709 bac
1737 677 1800 710 luce
1824 683 1966 721 migraret
1981 701 2000 718 ,⁴
2023 683 2063 717 jn

1178 727 1226 759 die
1246 723 1440 768 despofitionis
1456 723 1522 768 suae
1540 725 1583 765 'ab
1605 726 1704 759 eodem
1718 725 1852 764 antistite
1863 723 1981 769 Miffam
2000 739 2070 772 can-v

1178 785 1263 809 tante
1287 788 1310 809 ic
1333 784 1536 819 expurgatur.
1570 780 1646 809 Ante
1664 781 1890 809 communionem
1914 784 1940 808 is
1961 771 2071 819 „versus

1178 828 1222 859 ad
1231 827 1375 870 Populum
1386 849 1396 864 ‚
1420 824 1490 867 >queo
1501 830 1608 861 merita
1627 828 1691 867 ejus
1708 826 1829 867 fuerint
1844 849 1855 866 ,
1883 827 2070 866 circumstan-

1178 876 1258 909 tibus
1267 877 1387 917 ‘indixit
1402 900 1408 909 .
1426 879 1482 909 Hoc
1497 899 1507 915 ,
1529 882 1632 919 [inquit
1648 876 1784 910 delicium
1796 901 1807 916 ,
1832 887 1889 918 quo
1905 876 2069 917 *de-firmata,

1171 926 1256 969 fuit,
1289 925 1320 968 fi
1334 926 1398 964 haec
1419 937 1552 969 ,unquam
1573 926 1728 969 commisit,
1755 926 1858 968 faciat
1878 932 2068 968 omnipotens

1181 980 1272 1010 Pater
1285 978 1360 1018 Filii
1370 975 1480 1022 suimet
1489 981 1631 1019 Corporis
1647 979 1680 1019 ἐν
1691 980 1711 1011 5
1713 983 1852 1023 anguinis
1868 976 2004 1020 salutare
2026 989 2069 1011 re-

1179 1028 1309 1061 medium
1321 1026 1395 1060 mibi
1400 1033 1561 1069 provenire
1571 1025 1765 1069 adjudicium
1781 1053 1791 1067 ,
1819 1031 1853 1063 (35
1867 1029 1912 1063 ad
1931 1028 2068 1067 ,debitam

1182 1080 1407 1111 damnationem
1421 1102 1431 1118 ‚
1454 1084 1625 1121 animaeque
1640 1080 1705 1119 eius
1718 1081 1764 1112 ad
1766 1087 1943 1121 perpetuam
1956 1077 2069 1121 saerlva·

1179 1136 1304 1162 tionem.
1333 1132 1379 1161 Et
1390 1137 1460 1161 tunc
1469 1139 1534 1161 cum
1562 1124 1688 1171 corporis
1709 1132 1744 1163 (ν’
1763 1126 1874 1162 'inentis
1900 1135 2068 1163 innocentia

1175 1177 1297 1221 sumpsit
1307 1183 1421 1212 unicum
1433 1179 1548 1212 cunetis
1556 1178 1697 1220 fidelibus
1710 1181 1889 1213 remedium.
1917 1181 2072 1215 Credtdm

1180 1241 1234 1272 que
1258 1230 1389 1271 Populus
1402 1253 1413 1270 ‚
1438 1236 1581 1271 quamvis
1614 1228 1680 1273 sero
1695 1254 1706 1270 ,
1744 1232 1778 1265 Θ
1799 1241 1863 1263 cum
1887 1230 2071 1263 detrac‘iione

1180 1280 1289 1320 injusta
1310 1281 1383 1320 plus
1410 1285 1438 1314 ei
1460 1279 1577 1322 profuit
1599 1306 1611 1322 ‚
1645 1292 1736 1323 quam
1775 1292 1875 1315 nocere
1908 1280 2068 1321 statuerit.

1181 1329 1276 1364 Etde
1299 1331 1463 1374 Gregorio
1485 1331 1623 1374 septimo
1646 1331 1809 1366 Pontifice
1822 1356 1833 1372 ,
1859 1343 1896 1365 ac
1918 1331 2072 1365 Henrico

1181 1380 1510 1423 quattollmperatore
1522 1405 1533 1421 ‚
1561 1382 1706 1416 invicem
1718 1381 1805 1415 varie
1816 1380 2044 1415 accusantibus
2058 1403 2070 1419 ‚

1182 1430 1291 1463 scribit
1318 1429 1509 1470 Lambertus
1539 1430 1821 1474 Scafnaburgenfis
1848 1445 1856 1464 :
1885 1434 1974 1472 Papa
1998 1429 2074 1473 Mis·

1175 1479 1282 1527 sarum
1289 1478 1432 1522 fhlemnia
1438 1479 1600 1518 celebravit
1621 1503 1631 1518 ‚
1650 1480 1837 1522 confec‘laque
1843 1480 1934 1522 sacra
1946 1480 2069 1513 oblatio-

1182 1542 1240 1569 ne,
1277 1533 1389 1572 Regem
1414 1541 1481 1562 cum
1496 1539 1608 1565 caetera
1633 1554 1643 1569 ,
1681 1542 1749 1572 quae
1762 1531 1912 1573 frequens
1935 1532 2073 1570 aderat,

1181 1580 1371 1612 multitudine
1382 1580 1427 1611 ad
1437 1581 1537 1612 Altare
1551 1576 1712 1619 evocavit,
1736 1579 1903 1623 preferens
1897 1591 1952 1622 que
1976 1591 2076 1619 manu,

1183 1637 1300 1671 Corpus
1315 1631 1499 1662 Dominicum
1511 1654 1522 1669 ,
1548 1632 1615 1674 Ego
1629 1654 1639 1670 ‚
1677 1636 1776 1672 inquit
1788 1655 1799 1671 ‚
1819 1633 1890 1672 jam
1907 1631 2026 1672 pridem
2048 1632 2070 1662 ἂ

1181 1689 1211 1712 te
1224 1703 1234 1719 ‚
1262 1678 1378 1721 tuisque
1399 1678 1574 1720 fautoribus
1603 1677 1721 1713 litteras
1743 1687 1866 1723 accepi,
1894 1680 2001 1723 quibus
2025 1691 2072 1713 me

1183 1728 1370 1771 insimulabas
1384 1730 1487 1763 Sedem
1496 1729 1683 1771 apostolicam
1688 1738 1744 1771 per
1756 1733 1955 1764 simoniacam
1969 1736 2074 1763 Haere-

1176 1785 1230 1821 fim
1253 1780 1393 1822 occupaffi’
1406 1805 1416 1820 ‚
1443 1781 1477 1813 6
1499 1781 1570 1812 aliis
1591 1779 1773 1823 quibusdam
1796 1790 1861 1815 tam
1882 1791 1954 1815 ante
1978 1783 2071 1823 quam

1179 1828 1239 1871 post
1250 1837 1398 1871 acceptum
1411 1828 1627 1872 Episcopatum
1651 1830 1825 1864 criminibus
1850 1837 1951 1871 vitam
1974 1842 2073 1863 macu-

1181 1879 1247 1922 lasse
1260 1904 1270 1920 ‚
1295 1891 1363 1921 quae
1373 1879 1448 1913 mihi
1457 1878 1614 1922 secundum
1621 1878 1700 1923 scita
1726 1884 1881 1914 canonum
1904 1893 2019 1914 omnem
2028 1881 2074 1913 ad

1183 1931 1276 1962 sacros
1290 1931 1416 1962 Ordines
1427 1931 1563 1972 acceffum
1572 1930 1772 1970 pbstruxerint
1781 1956 1788 1962 .
1817 1936 1862 1964 Et
1873 1934 1939 1965 licet
1962 1933 2072 1964 multo·

1181 1991 1248 2016 rum
1261 1981 1430 2012 idoneorum
1442 1981 1520 2012 certe
1531 1979 1644 2020 testium
1658 1980 1888 2021 adstipulatione
1898 1987 2007 2014 crimen
2027 1993 2072 2015 re-

1173 2029 1281 2071 fellere
1290 2041 1397 2071 queam
1410 2054 1421 2069 ,
1447 2041 1547 2070 eorum
1563 2029 1674 2073 scilicet
1696 2037 1747 2073 qui
1773 2042 1888 2065 omnem
1900 2037 1977 2064 vitae
1997 2042 2072 2065 meae

1171 2080 1219 2115 vab
1231 2085 1350 2117 ineunte
1359 2079 1670 2121 a’tateinstitu'tionem
1688 2083 1879 2124 ,integerrime
1901 2091 2067 2122 noverunt,

1180 2132 1214 2163 o·
1241 2141 1338 2163 eorum
1363 2135 1414 2173 qui
1437 2142 1513 2169 ,meae
1551 2131 1595 2163 ad
1620 2131 1835 2173 Episcopatum
1869 2136 2071 2174 promononis

1182 2180 1317 2214 Audiam
1337 2179 1464 2221 fuerunt
1477 2204 1487 2220 ‚
1513 2191 1562 2224 ego
1587 2189 1689 2215 tamen
1703 2205 1713 2220 ,
1741 2193 1777 2215 ne
1802 2181 1932 2216 humano
1966 2183 2072 2225 potius

1180 2242 1270 2272 quam
1296 2232 1402 2263 divino
1428 2231 1535 2263 videar
1562 2236 1619 2264 niti
1643 2231 1804 2271 testimonio
1828 2257 1838 2272 ,
1870 2243 1905 2267 ut
1938 2231 2068 2275 satisfa-

1180 2280 1282 2313 c‘lionis
1314 2282 1479 2323 compendio
1504 2292 1618 2315 omnem
1643 2282 1778 2315 omnibus
1809 2280 1953 2325 scandali
1985 2283 2071 2326 scru-

1175 2331 1282 2372 pulum
1302 2333 1339 2364 de
1364 2333 1459 2365 medio
1484 2331 1643 2373 auferam,
1679 2344 1739 2366 ecce
1777 2337 1894 2375 Corpus
1933 2337 2067 2366 Domini-

1178 2393 1263 2420 cum,
1288 2383 1367 2424 quod
1383 2383 1558 2428 sumpturus
1584 2394 1650 2423 ero,
1679 2389 1710 2415 in
1735 2390 1974 2426 experimentum
2011 2390 2067 2416 mi-

1178 2431 1209 2464 bi
1246 2431 1332 2465 hodie
1364 2431 1421 2473 fiat
1460 2438 1631 2466 innocentia»
1669 2446 1743 2468 meae
1765 2457 1776 2473 ‚
1810 2444 1843 2469 ut
1880 2441 2066 2476 omnipotens

1179 2486 1256 2514 Deus
1266 2482 1319 2525 suo
1337 2494 1385 2518 me
1408 2481 1495 2517 hodie
1510 2483 1626 2524 judicio
1647 2485 1704 2517 vel
1722 2483 1860 2527 absolvat
1880 2484 1984 2526 objecit
2008 2490 2065 2517 cri⁴

1175 2529 1269 2567 minis
1282 2531 1465 2575 suspicione,
1485 2532 1516 2574 fi
1520 2538 1657 2567 innocens
1667 2534 1737 2574 lim,
1765 2536 1818 2568 vel
1833 2533 1994 2577 subitanea
2015 2539 2064 2568 in-

1175 2580 1295 2622 terimat
1304 2593 1395 2616 morte
1406 2607 1416 2622 ,
1436 2582 1468 2624 fi
1475 2594 1557 2616 reus.
1581 2587 1653 2618 Haec
1673 2586 1707 2618 (9⁶
1718 2586 1797 2624 alia,
1807 2594 1841 2617 ut
1846 2583 1977 2627 solemne
1997 2585 2035 2624 est
2047 2609 2061 2625 ‚

1170 2632 1327 2674 praefatus
1340 2633 1435 2666 verba
1447 2633 1598 2672 terribilia
1610 2658 1620 2674 ‚
1645 2634 1751 2676 quibus
1767 2638 1864 2669 Deum
1874 2634 1973 2678 causae
1990 2634 2058 2678 suae

1174 2684 1360 2725 aequiffimum
1366 2685 1393 2725 J
1397 2685 1509 2716 adicem
1521 2706 1531 2722 ‚
1556 2686 1776 2718 &innocentiae
1787 2685 1953 2727 assertorem
1977 2682 2062 2726 ades-

1167 2731 1200 2776 se
1206 2732 1385 2775 precabatur
1398 2757 1409 2772 ,
1431 2741 1551 2775 partem
1564 2738 1710 2769 Dominici
1729 2739 1873 2777 ,Corporis
1891 2740 2002 2775 accepit
2026 2734 2061 2766 &

1172 2785 1313 2817 comedit.
1340 2785 1415 2826 ,Qua
1435 2778 1584 2825 'libes-rime*
1606 2783 1787 2827 absumpta,
1825 2796 1889 2818 cum
1928 2784 2059 2826 Populus

2088 913 2147 944 Lib.
2159 924 2185 943 2·

2093 1335 2133 1364 A.
2146 1341 2230 1367 1077·

1172 2840 1204 2866 in
1220 2837 1272 2867 Dei
1281 2835 1385 2867 laudes
1397 2858 1408 2873 ,
1434 2838 1608 2871 innocentiae
1619 2837 1685 2875 cius
1709 2836 1934 2879 *congratulatus
1945 2858 1955 2875 ‚
2003 2834 2064 2867 all-
2100 2837 2101 2844 ¹

1171 2885 1314 2926 quamdiu
1348 2884 1529 2927 acclamaffet
1551 2908 1563 2925 ,
1611 2886 1735 2918 tandem
1760 2892 1921 2928 ‘impetrato
1945 2883 2063 2926 filentio

1172 2933 1327 2977 conversus
1349 2936 1395 2968 ad
1414 2938 1541 2978 Regem;
1580 2939 1646 2968 Fac
1672 2947 1737 2978 ergo
1762 2959 1772 2975 ‚
1808 2941 1905 2977 inquit
1927 2959 1938 2975 ,
1975 2935 2064 2976 Fili,

1166 2984 1197 3026 fi
1197 2986 1298 3026 placet
1308 2986 1389 3026 quod
1397 2979 1546 3025 mefacere
1557 2984 1659 3024 vidisti
1670 3010 1675 3016 .
1690 2985 1815 3019 Verum
1829 2996 1879 3018 rea
1892 2984 2062 3022 conscienn

1174 3035 1218 3067 tia
1229 3034 1401 3076 torquebat
1423 3035 1551 3079 Regem
1562 3059 1572 3074 ‚
1600 3036 1741 3078 ideoque
1752 3034 1955 3069 tremendam
1967 3033 2063 3077 hujus

1175 3084 1379 3127 purgationis
1409 3085 1495 3118 viam
1526 3084 1704 3118 'admittere
1735 3095 1804 3118 non
1835 3084 1898 3119 fuit
1939 3086 2058 3120 ausus.

1173 3132 1331 3168 Notanda
1344 3134 1417 3167 sunt
1428 3132 1552 3173 verba,
1587 3138 1625 3167 Ut
1632 3132 1757 3176 solemne
1775 3135 1831 3175 est:
1861 3135 2061 3178 Exprimunt

1174 3185 1346 3218 consuetos
1373 3182 1461 3216 istius
1489 3185 1695 3228 purgationis
1743 3184 1839 3218 ritus.
1879 3186 1923 3219 Et
1960 3186 2063 3220 istius·

1175 3234 1266 3268 modi
1293 3232 1440 3276 exempla
1469 3234 1541 3267 sunt
1567 3234 1651 3277 apud
1681 3236 1836 3278 antiquos
1861 3234 1962 3280 longe
1987 3236 2058 3280 plu·

1173 3296 1206 3318 ra
1231 3309 1237 3317 .
1275 3282 1378 3317 Porro
1401 3284 1433 3317 in
1459 3284 1565 3323 solum
1586 3283 1802 3319 humanarum
1822 3283 2055 3328 probationum

1173 3332 1335 3374 descitum
1361 3332 1508 3368 adhibita
1536 3336 1660 3379 semper
1687 3334 1751 3369 fuit
1783 3337 1952 3370 tremenda
1989 3334 2055 3367 haec

1177 3383 1351 3429 purgatio,
1376 3382 1514 3427 ideoque
1540 3384 1690 3430 Gregorii
1727 3386 1877 3429 septimi,
1916 3386 1981 3427 ipsa
2007 3383 2054 3416 usi

1175 3436 1275 3470 etiam
1321 3435 1355 3468 in
1415 3434 1549 3470 istorum
1597 3446 1868 3481 argumentorum
1925 3432 2021 3474 copia
2041 3455 2054 3473 ι

1898 3492 2005 3517 exem-
