2352 3736
93 194 152 226 Ub-
176 203 204 229 3.

94 238 168 272 Cap.
194 242 235 263 ιι.

541 126 629 156 DE
700 111 740 159 S,
810 110 1143 154 LEONIS

271 192 453 228 &andrinus
478 206 488 225 .·
516 195 560 230 De
582 194 654 234 pilis
681 200 779 225 autem
806 197 851 227 ita
877 193 998 225 videtur
1025 215 1032 223 .
1071 194 1151 222 Viro·

272 254 339 276 rum
366 244 488 284 quidem
514 251 603 284 caput
629 253 665 276 ne
667 240 707 283 fit
718 239 862 284 hirsutum
875 265 885 281 ,
913 241 1058 283 nififme
1074 240 1151 281 pilos

268 291 379 334 crispos
393 291 520 327 habeat.
550 297 657 328 Intorti
668 301 766 325 autem
783 291 885 332 capilli
913 303 949 323 ne
970 293 989 323 ῐι
1003 294 1097 332 capite
1107 296 1152 323 ni-

271 348 364 377 mium
375 343 573 375 demittantur
583 365 594 381 ‚
619 349 653 374 in
664 353 774 375 comam
784 340 952 375 muliebrem
964 340 1131 374 delabentes
1140 363 1147 370 .

271 392 384 431 Plures
396 393 486 426 istius
497 394 635 426 tonsurae
647 392 803 425 utilitates
824 399 992 427 enumerat
1005 414 1015 429 ‚
1040 391 1073 423 ὅς
1100 389 1151 423 ad-

270 442 321 476 dit
346 442 387 476 de
404 442 592 485 capillatura
619 441 813 478 mulierum:
844 442 1009 472 Alienorum
1035 439 1153 480 capillo-

272 504 340 527 sum
366 491 556 535 appoſjtiones
580 490 654 534 fient
671 493 788 528 omnino
796 491 988 531 rejicienda,
1014 491 1153 526 &exter-

272 555 330 575 nas
342 553 441 575 comas
453 547 547 584 capiti
557 540 696 577 adhibere
715 539 752 579 est
767 541 898 573 maxime
910 545 1034 580 impium
1047 561 1057 576 ,
1084 548 1152 579 quae

274 597 395 628 mortuis
403 593 477 634 pilis
488 596 622 624 cranium
634 592 782 624 induunt.
810 593 867 621 Cui
877 594 955 622 enim
967 598 1087 621 manum
1099 592 1153 619 im-

267 648 357 683 ponit
385 642 564 682 Presbyter?
590 644 648 673 Cui
661 641 830 673 benedicit?
855 643 929 671 Non
947 639 1063 670 mulieri
1088 647 1152 678 quae

273 701 382 727 ornata
392 689 432 728 est
441 713 451 729 ‚
475 689 535 733 scd
547 691 653 723 alienis
663 690 779 731 capillis
792 712 802 729 ,
817 690 850 722 (st
858 697 914 732 per
928 688 992 719 illos
1003 687 1098 719 alieno
1108 698 1151 718 ca-

273 741 353 782 piti.
383 740 522 774 Alienos
544 740 679 782 capillos
696 739 830 773 damnat
856 739 890 770 in
904 737 979 770 solis
988 735 1151 775 foeminis,

273 790 362 833 quod
381 791 473 824 istam
488 789 587 823 nossri
599 790 700 825 saeculi
712 788 896 824 foeditatem
909 795 988 819 tunc
1000 785 1034 819 in
1046 785 1152 829 AEgy-

274 851 334 883 pto
350 840 409 873 viri
421 840 550 883 penitus
565 838 754 883 ignorarint.
764 837 808 873 Et
819 835 860 868 de
872 835 966 869 variis
976 834 1152 868 monacho-

274 899 347 923 rum
359 890 506 925 moribus
518 888 626 924 scribit
637 887 673 918 in
687 885 870 920 Catholicae
892 885 966 921 fidei
981 886 1154 927 expositio·

224 951 237 965 1·
275 951 319 973 ne
331 940 463 972 Sanctus
475 935 698 982 Epiphanius:
725 937 864 978 ‚Quidam
887 936 1046 975 prolixiore
1073 947 1153 970 coma

271 989 378 1030 palam
403 988 438 1019 Θ·
463 992 499 1018 in
520 991 648 1018 omnium
675 986 760 1017 oculis
782 986 965 1025 procedunt.
993 984 1152 1018 Etinfra:

275 1037 441 1069 Nonnullis
458 1038 603 1078 prolixior
617 1045 697 1067 coma
719 1035 831 1076 placuit
844 1059 853 1073 ,
874 1032 1035 1075 sam‘lloris
1049 1033 1153 1068 videli-

158 1108 169 1119 ι
219 1107 232 1123 ,ι
274 1095 318 1119 cet
337 1086 466 1126 Instituit·
492 1083 598 1128 causa.
626 1087 664 1116 Id
673 1086 751 1127 quod
779 1083 888 1126 suapte?
901 1085 1073 1124 voluntate,
1097 1083 1154 1123 line

93 1466 168 1503 cip.
189 1475 233 1501 32·

91 1696 148 1728 lib
165 1700 213 1726 8ο.

88 1740 162 1775 Εερ.
184 1741 215 1766 ί.

89 2006 164 2044 Cap„
183 2014 215 2039 7.,

89 3176 211 3213 Cas-33.

274 1137 438 1180 Evangelii
453 1139 604 1177 Praecepto
612 1143 665 1168 aut,
679 1133 867 1176 Apostolorum
881 1134 1089 1175 approbatione
1098 1134 1152 1175 fa-

273 1193 362 1219 ciunt.
392 1191 479 1218 Nam
491 1185 634 1226 Apostolus
652 1185 764 1219 Paulus
768 1183 901 1224 formam
913 1184 1053 1225 ejusmodi
1063 1192 1153 1225 atquc

274 1235 567 1270 cultumabdicavit.
595 1234 648 1267 Ex
668 1234 730 1268 isto
752 1244 950 1278 gregeerant
972 1233 1018 1265 illi
1033 1232 1150 1266 Mona·

272 1286 327 1319 chi
345 1310 355 1325 ,
368 1286 475 1328 quiex
488 1286 624 1319 OrIente
636 1285 670 1318 in
685 1283 832 1317 Africam
845 1282 971 1318 advenae
984 1283 1150 1318 novellum

274 1334 369 1368 isthic
384 1334 650 1368 Monachismum
665 1333 891 1376 inquietabant
906 1357 916 1372 ‚
934 1334 966 1366 &
979 1333 1021 1365 de
1033 1332 1153 1375 quibus

274 1384 384 1418 scribit
411 1385 446 1418 in
476 1384 559 1418 libro
590 1386 630 1417 de
642 1383 891 1416 Monachorum.
914 1393 1011 1425 opere
1021 1384 1153 1417 Saucius

274 1434 498 1478 Augustinus:
526 1435 574 1467 Illi
585 1435 721 1467 venalem
730 1432 964 1472 circumferentes
978 1431 1152 1473 hypocrisim,

273 1490 376 1517 timent
404 1496 440 1518 ne
466 1485 554 1518 vilior
579 1483 727 1516 habeatur
752 1481 836 1524 tonsa
859 1481 1006 1524 sanc‘l'itas
1027 1506 1037 1520 ‚
1063 1483 1153 1522 quam

274 1543 410 1574 comata,
435 1542 467 1566 ut
479 1534 618 1568 videlicet
645 1539 699 1576 qui
719 1544 765 1565 eos
791 1534 899 1571 videt,
925 1536 1062 1571 antiquos
1089 1529 1152 1568 istos

272 1597 346 1627 quos
373 1587 494 1627 legimus
519 1589 622 1626 cogitet
648 1605 659 1619 ‚
704 1582 867 1612 Samuelem
893 1580 927 1612 Θ·
951 1587 1074 1612 caeteros
1100 1583 1152 1619 qui

271 1645 334 1666 non·
356 1633 553 1665 tondebantur
585 1655 591 1662 .
630 1629 767 1671 Utique,
801 1629 974 1660 Nazaraeos
992 1652 1000 1659 ,
1040 1627 1151 1669 Pergit

271 1683 309 1716 in
335 1681 477 1716 Panario
503 1682 637 1714 Sanetus
675 1675 878 1719 Epiphanius
906 1687 912 1706 :
949 1674 1003 1714 Est
1031 1675 1065 1707 ὁ*
1090 1676 1152 1706 alia

272 1732 400 1765 vivendi
406 1729 512 1770 forma
531 1739 566 1761 ac
577 1725 734 1770 disciplina
746 1750 757 1765 ,
783 1736 843 1766 qua
856 1725 1021 1758 venerandi
1027 1723 1151 1765 fratres,

272 1776 358 1820 nostri
369 1789 493 1814 utuntur
504 1803 514 1818 ‚
541 1783 593 1822 qui
617 1782 649 1809 in
662 1773 870 1818 Mesopotamia
883 1774 1058 1807 domicilium
1076 1773 1149 1815 fixe-

272 1840 365 1864 runt.
392 1833 456 1873 ‚Qui
481 1830 513 1862 Θ
539 1839 635 1861 comas
650 1826 820 1861 muliebrem
846 1831 878 1858 in
887 1826 1005 1857 modum
1026 1830 1149 1865 promit·

272 1890 342 1914 tunt
353 1906 360 1913 .
388 1881 540 1914 Affirmat
550 1878 644 1911 istam
656 1878 797 1911 formam
806 1876 868 1910 esse
879 1874 920 1909 ab
932 1874 1081 1910 Ecclesiae
1090 1875 1150 1908 Ca-

271 1930 408 1965 thoiicae
430 1930 464 1963 &
490 1927 726 1972 Apostolorum
747 1926 894 1960 dostrina
923 1926 1047 1968 prorsus
1072 1924 1148 1957 alie-

270 1992 347 2014 nam
361 2004 371 2020 ,
396 1990 492 2022 atque
505 1979 676 2022 adjungit:
706 1981 743 2008 In
765 1975 953 2017 Apostolorum
979 1973 1147 2015 constitutio-

273 2031 358 2063 nibus
373 2032 484 2062 Divino
488 2026 621 2070 sermone
632 2028 664 2060 (a
676 2027 809 2069 dogmate
817 2024 1033 2069 praescribitur,
1046 2037 1081 2059 ne
1091 2036 1147 2059 me-

271 2085 400 2113 retricius
412 2079 507 2111 cultus
519 2079 552 2111 (5
561 2085 683 2110 ornatus
696 2074 853 2119 usurpetur
865 2101 875 2116 ,
899 2087 932 2108 ac
939 2084 994 2117 per
1006 2087 1149 2118 arrogan-

270 2137 345 2162 tiam
373 2130 406 2162 (tr
414 2127 527 2169 fastum
540 2126 680 2167 affeliata
690 2128 829 2169 quaedam
848 2126 974 2167 justitiae
985 2124 1099 2169 species
1114 2131 1146 2158 in

271 2180 410 2222 congreffu
424 2180 458 2211 (Ἐγ
468 2176 669 2220 consuetudine
675 2176 867 2219 praeferatur.
894 2177 974 2209 Illud
986 2182 1064 2209 enim
1078 2180 1146 2208 Na-

269 2235 378 2262 zaraeis
389 2230 550 2261 dumtaxat
561 2228 594 2259 ob
601 2227 731 2271 figuram
741 2226 924 2270 congruebat.
948 2227 985 2259 Sa
991 2228 1096 2259 nilum
1110 2226 1144 2259 &

267 2280 424 2313 devotum
436 2278 665 2312 Nazaraeorum
688 2288 783 2320 caput
801 2275 1002 2320 significabat
1027 2275 1144 2309 mundi

267 2340 382 2362 votum
407 2329 440 2363 &
450 2339 623 2363 venturum
635 2338 732 2371 caput
745 2325 912 2360 Christum
936 2326 1120 2360 Dominum
1133 2339 1144 2359 .-

267 2379 362 2413 Istius
409 2389 464 2421 per
512 2377 646 2421 capillos
685 2375 853 2419 coopertio
904 2375 1143 2419 repraesentabat

269 2427 364 2471 hujus
391 2428 618 2461 absconditum
647 2427 766 2460 saeculo·
788 2450 799 2466 ‚
837 2426 871 2459 &
898 2426 1042 2468 antiquae-
1062 2426 1144 2469 legis

1215 110 1448 157 Nom
1516 114 1814 157 Acrrs.
1913 127 2016 174 427

1206 189 1280 233 sunt
1303 195 1382 227 viriq
1410 189 1513 238 Qod
1537 201 1590 233 per·
1610 189 1771 226 abolitum
1781 188 2007 224 Nazaraeorum
2027 195 2081 227 Sa-

1212 250 1410 276 cramentum
1430 241 1574 275 viderent
1594 241 1625 273 se
1648 251 1717 273 non
1733 240 1819 283 posse
1838 239 1990 280 defendi,
2017 241 2082 276 bla-

1214 299 1357 323 terarunt
1369 291 1399 324 se
1413 302 1480 324 non
1489 291 1551 324 effe
1565 290 1670 328 viros,
1696 289 1834 330 ideoque
1845 289 1886 322 ad
1898 289 1928 326 se
1949 300 2015 323 non
2026 299 2080 324 ex-

1213 338 1301 373 tendi
1325 340 1553 382 Apostolicam
1574 340 1703 383 legem,
1729 338 1881 372 acunffls
1903 348 1982 373 tunc
2006 339 2081 374 viris

1212 389 1397 423 constanter
1418 389 1636 424 observatam.
1667 388 1708 423 Et
1733 386 1812 422 hinc
1838 389 1872 420 in
1899 389 1973 422 illos
1999 388 2081 423 rea&

1213 440 1370 475 exclamat
1394 440 1526 479 Sanctus
1541 439 1766 490 Augustinus:
1793 439 2007 475 Odementiam
2025 436 2083 483 βπ*

1206 491 1359 532 gularem..
1676 507 1679 510 ’

1261 537 1365 572 Porro
1385 537 1548 573 hodiernae
1559 538 1894 573 RomaniClementis
1916 537 2083 582 Apostoli·-

1212 600 1255 621 cae
1269 588 1530 623 Constitutiones
1550 588 1616 623 haec
1636 588 1776 624 habent:
1804 588 2083 623 Pulchritudinema

1214 641 1276 670 Deo
1286 638 1431 670 tributam
1448 650 1483 672 ne
1494 637 1614 682 insuper
1625 650 1709 673 ornes
1722 663 1733 679 ,
1759 644 1833 681 quin
1839 639 1940 681 potius
1951 646 2083 680 tempera

1213 695 1278 720 eam
1290 687 1416 726 modeste
1428 689 1514 729 apud
1521 688 1651 721 homines
1665 712 1675 728 ‚
1704 695 1760 722 non
1769 691 1905 730 capillum
1926 694 2060 722 nutriens
2070 711 2083 728 ,

1213 739 1269 768 imo
1291 735 1477 779 conscindens
1500 738 1737 778 &concerpens‚
1765 750 1803 770 ne
1816 747 1913 780 pexus
1934 740 1968 772 (Ὗ
1987 746 2083 772 coma-

1213 795 1281 826 tus,
1307 794 1361 822 aut
1379 792 1537 830 unguentis
1559 785 1704 820 delibutus
1718 810 1730 826 ‚
1756 797 1808 820 eas
1833 789 1970 820 mulieres
1991 789 2034 820 ad
2051 795 2081 821 te

1209 837 1345 878 pellicias
1353 861 1364 877 ,
1389 847 1457 878 quae
1461 835 1500 877 fic
1510 842 1597 880 capi,
1607 845 1660 869 aut
1672 843 1775 878 capere
1780 835 1878 879 solent
1887 860 1894 868 .
1925 836 1967 869 Et
1977 835 2060 869 infra
2073 849 2081 867 :

1214 885 1303 925 Tibi,
1330 891 1381 928 qui
1392 886 1493 927 fidelis
1515 898 1546 919 es
1568 886 1693 920 &bomo
1703 888 1780 926 Dei,
1807 896 1864 918 non
1883 887 1950 920 licet
1971 890 2084 919 nutrire

1213 946 1323 969 comam
1336 958 1346 974 ‚
1371 937 1405 970 &⁶
1417 941 1449 968 in
1459 947 1548 968 unum
1558 938 1686 979 colligere
1700 960 1708 969 .
1735 940 1807 970 Haec
1815 941 1893 969 enim
1903 937 2024 970 luxuria
2034 934 2083 976 est,

1213 987 1410 1019 &mollimen
1445 990 1552 1028 Neque
1573 985 1694 1029 effusam
1714 985 1846 1029 gestare,
1873 995 1964 1027 neque
1985 983 2085 1028 discri-

1214 1040 1379 1076 minatam,
1406 1046 1496 1077 neque
1512 1034 1613 1076 facere
1635 1043 1668 1068 ut
1691 1034 1834 1079 tumescat
1855 1061 1861 1067 .
1888 1040 1996 1077 Neque
2018 1044 2083 1067 eam

1214 1087 1361 1126 carpendo
1384 1087 1417 1118 &
1430 1084 1585 1128 crispando
1598 1085 1749 1127 formare.
1778 1089 1884 1128 Neque
1890 1085 2007 1127 flavam
2017 1086 2086 1118 red-

1214 1135 1284 1167 dere
1294 1160 1303 1171 ,χ
1331 1135 1512 1172 Proceram
1534 1136 1592 1168 viri
1605 1145 1735 1170 comam
1757 1135 1926 1169 dumtaxat
1948 1136 1989 1168 de
2000 1134 2087 1169 vani-

1216 1195 1304 1224 tate,
1330 1196 1397 1217 non
1423 1184 1463 1218 de
1476 1186 1619 1220 affectata
1640 1195 1696 1219 aut
1716 1185 1875 1219 ostentata
1895 1181 2013 1227 justitia
2038 1195 2090 1218 ar-

1215 1234 1284 1277 guit
1300 1259 1310 1273 ,
1341 1234 1479 1278 ideoque
1501 1232 1565 1267 haec
1585 1234 1602 1267 a
1625 1234 1764 1269 laudatis
1785 1245 1840 1279 per
1862 1232 2087 1278 Epiphanium

1217 1283 1521 1318 Constitutionibus
1539 1286 1612 1320 sunt
1624 1294 1680 1321 aur,
1702 1284 1825 1324 alcerae,
1853 1294 1909 1319 aut
1931 1283 2085 1319 alteratae-

1220 1333 1258 1366 Et
1271 1333 1304 1367 in
1328 1334 1386 1369 suo
1401 1344 1547 1377 tempore
1566 1333 1737 1379 grassantia
1760 1334 1984 1370 adolescentiae
2005 1334 2088 1368 vitia

1215 1383 1450 1423 concionatur,
1478 1384 1511 1417 in
1534 1384 1799 1429 quinquagesima
1823 1385 1916 1428 super
1936 1386 2089 1419 sancium

1218 1431 1410 1467 Matthaeum
1422 1433 1573 1467 Homilia
1594 1434 1727 1468 Sanctus
1738 1436 1877 1478 Joannes
1895 1433 2090 1476 Chrysosto-

1217 1493 1287 1515 mus
1302 1494 1309 1514 z
1335 1485 1401 1526 Ego
1412 1484 1542 1517 arbitror
1553 1495 1713 1526 numquam
1726 1483 1815 1527 fuisse
1826 1488 2022 1517 Romanorum
2033 1486 2089 1515 Im-

1212 1538 1379 1571 peratorem
1388 1554 1398 1569 ,
1406 1531 1492 1576 quise
1500 1541 1622 1573 propter
1632 1533 1765 1574 trophaea
1771 1533 1828 1576 sua
1834 1534 1985 1573 jac‘iarets,
1995 1543 2090 1574 quan-

1214 1589 1282 1611 tum·
1296 1579 1370 1613 luxu
1377 1582 1497 1622 perditi
1522 1579 1713 1622 adolescentes
1723 1583 1757 1614 ob
1767 1583 1920 1615 calceorum
1931 1591 2067 1615 ornatum
2079 1605 2090 1621 ,

1213 1628 1247 1658 ob
1269 1629 1360 1666 vestes
1384 1628 1457 1669 scite*
1477 1629 1673 1668 construcvas,
1698 1631 1733 1662 ob
1744 1630 1895 1673 caesariem
1915 1638 1948 1666 in
1971 1632 2090 1665 modum

1208 1676 1282 1716 pilae
1307 1674 1431 1718 tonfhris
1455 1685 1537 1718 opere
1556 1675 1803 1713 circumducvam‘.
1834 1682 1876 1714 Et
1889 1682 1921 1714 in
1933 1681 2090 1725 octogesv

1213 1736 1265 1757 ma
1288 1725 1421 1768 stptima
1443 1727 1599 1764 Homilia,
1623 1727 1782 1765 declamat
1807 1729 1952 1764 adversus
1970 1730 2089 1765 Mona·

1211 1773 1348 1811 chorum
1359 1775 1438 1811 vitia
1451 1789 1463 1811 .·,
1482 1778 1581 1820 Aliqui
1592 1780 1757 1823 religionem
1769 1781 1819 1823 esse
1827 1788 1940 1822 putant
1950 1791 2007 1813 non
2015 1789 2088 1822 par-

1211 1837 1284 1858 vam
1292 1850 1304 1866 ,
1336 1826 1456 1867 capillos
1468 1832 1559 1868 capiti
1571 1833 1684 1861 nutrire
1698 1853 1708 1869 ‚
1733 1831 1812 1872 quod
1820 1842 1858 1864 ex
1866 1828 2024 1871 prohibitis
2035 1830 2084 1870 est,

1211 1878 1245 1909 et
1256 1886 1314 1908 non
1321 1884 1459 1917 parvum
1468 1878 1592 1909 dedecus
1603 1876 1724 1918 adfert.
1753 1879 1796 1913 Et
1809 1881 1846 1914 in
1861 1881 1958 1914 tertio
1970 1881 2087 1914 sermo-

1211 1936 1251 1958 ne
1270 1925 1311 1958 de
1332 1926 1449 1959 Sanno
1470 1924 1634 1969 Propheta
1656 1926 1717 1968 Job
1734 1928 1865 1961 scribit:
1893 1934 1985 1962 Nunc
2005 1936 2084 1963 inter

1203 1975 1311 2016 flentes
1330 1976 1415 2009 multi
1438 1981 1570 2008 nutriunt
1589 1987 1720 2017 comam,
1747 1978 1796 2011 ille
1816 1986 1919 2011 autem
1936 1978 2082 2020 abscidit.

1209 2027 1333 2071 Quare?
1358 2026 1397 2059 Id
1415 2032 1554 2060 nimirum
1577 2026 1615 2069 est
1629 2026 1806 2070 propositum
1826 2033 1851 2062 ei
1877 2035 1928 2071 qui
1946 2027 2023 2068 flet,
2049 2039 2083 2063 ut

1207 2082 1389 2110 contrariam
1409 2083 1440 2110 in
1454 2078 1591 2120 formam
1612 2078 1762 2119 constituat
1786 2078 1939 2112 habitum.
1969 2078 2022 2111 Ubi
2035 2078 2082 2111 ho«

1210 2136 1332 2160 noratur
1350 2139 1429 2160 coma
1439 2153 1455 2168 „
1471 2126 1583 2172 signum
1605 2127 1642 2167 est
1662 2129 1750 2170 fletus
1771 2130 1904 2162 tonderi.
1932 2129 1987 2161 Ubi
2006 2130 2080 2163 vero

1208 2178 1363 2219 tondetur,
1379 2177 1495 2221 fignum
1502 2178 1589 2219 fletus
1602 2178 1640 2219 est
1650 2187 1707 2211 non
1717 2180 1832 2212 tonderi
1842 2204 1854 2211 .,
1877 2178 1986 2222 Ubique
1997 2186 2079 2213 enim

1206 2229 1226 2260 ἃ
1233 2226 1371 2266 flentibus
1384 2234 1528 2261 contraria
1535 2226 1665 2271 sumitur
1671 2229 1771 2273 figura
1782 2254 1788 2261 .
1801 2230 1931 2263 &mistus
1941 2229 2004 2272 Job
2016 2229 2079 2263 fuit

1207 2276 1383 2318 Idumaeus,
1409 2277 1445 2311 &.
1469 2278 1503 2311 in
1526 2278 1739 2322 prosperitate·
1752 2279 1899 2323 occipitii
1920 2280 2085 2315 caesariem,

1205 2327 1287 2360 aluit
1300 2351 1312 2367 ,
1336 2337 1432 2371 atque
1451 2328 1687 2363 attonfionem.
1715 2327 1782 2363 Pro
1794 2329 1934 2363 Levitici
1955 2328 2077 2370 verbis,

1207 2380 1243 2408 In
1264 2379 1424 2410 rotundum
1439 2389 1501 2411 non
1519 2380 1715 2412 attondebitis
1729 2390 1841 2413 comam
1851 2404 1866 2420 ‚r
1888 2378 2078 2413 Theodore·

1206 2438 1256 2460 tus
1278 2427 1358 2471 legit
1371 2452 1387 2467 ,,
1409 2432 1481 2461 Non
1494 2427 1618 2470 facietis
1631 2427 1734 2473 Sisoen
1752 2441 1791 2463 ex
1803 2440 1888 2463 coma·
1905 2436 2015 2472 capim
2027 2440 2078 2463 ve-

269 2479 382 2512 multis
405 2476 595 2511 scematibus
609 2479 726 2510 tectum
750 2475 957 2519 mysterium.
985 2475 1064 2509 Hoc
1078 2475 1141 2517 iam
1196 2475 1272 2517 stri,
1299 2478 1653 2521 atqueinterpretatur:
1679 2477 1775 2522 Sisoen
1789 2482 1915 2522 quidam
1935 2485 2078 2521 interpre-

266 2529 332 2561 toti
356 2528 480 2561 mundo
500 2528 706 2571 praedicatum
730 2521 950 2560 &revelatum
963 2526 1008 2558 est
1019 2548 1034 2563 ‚.
1054 2525 1142 2559 ideo-

268 2589 331 2620 que
344 2588 440 2610 nemo
453 2578 592 2620 amplius
602 2577 697 2620 poffit
711 2571 808 2619 caput
825 2575 898 2618 pilis
909 2576 1014 2608 velare
1028 2575 1140 2608 ‚Hinc

270 2628 306 2658 ὃς.
318 2627 464 2660 Nazaraei
478 2628 538 2660 suo
549 2637 696 2669 tempore
707 2625 916 2669 deponebant
928 2627 1075 2659 votivam
1085 2635 1142 2658 cae-

270 2675 383 2708 satiem
398 2687 404 2704 ε
430 2674 478 2708 Ita
488 2676 506 2707 a
521 2687 608 2710 novo
619 2676 835 2709 Testamento
848 2675 1035 2709 faciendam*
1048 2673 1142 2708 Chri-

271 2723 367 2757 stiani
403 2723 548 2763 mysterii
594 2726 825 2759 revelationem
859 2723 1139 2768 praenuntiabant.

270 2773 457 2807 Mosaicum
478 2772 614 2806 istorum
624 2774 813 2815 capillorum
833 2775 1076 2808 Sacramentum
1088 2786 1142 2808 eo·

270 2824 349 2859 dem
369 2823 470 2856 modo
488 2831 659 2865 exponunt
670 2823 805 2855 Sanctus
816 2824 953 2857 Ifidorus
968 2824 1140 2867 Hispalen-

271 2875 309 2907 fis
320 2873 522 2916 Episcopus,
549 2871 650 2904 &alii
674 2871 807 2904 Latini.
834 2870 938 2905 Porro
958 2874 1043 2908 solos
1064 2873 1140 2907 istos

271 2922 478 2960 Monach0s‚
508 2921 616 2955 nullos
633 2921 943 2954 Laicosdenutritis
958 2923 1083 2964 cap-illis
1094 2936 1140 2957 ar-

271 2974 347 3019 guit
369 2973 501 3007 Santius
523 2968 746 3014 Epiphanius:
774 2970 878 3016 Quod
899 2972 1015 3013 nempe
1026 2973 1139 3006 Orien·

272 3023 365 3063 talis,
391 3022 449 3056 ubi·
468 3022 524 3056 ille
546 3021 659 3056 docuit
672 3046 682 3061 ,
708 3019 881 3054 dioeceseos
897 3021 1138 3063 populusistam

272 3072 487 3116 petulantiam
511 3072 687 3115 ignorarit.
716 3070 805 3103 Etin
829 3068 894 3103 hoc
913 3070 1047 3104 cardine
1066 3084 1140 3114 pen-

272 3121 329 3155 det
348 3122 410 3154 alia
430 3132 485 3163 per
495 3121 647 3156 Sanstum
670 3119 892 3164 Augustinum
912 3118 1048 3154 adducta
1068 3121 1140 3156 isto·

272 3182 343 3204 rum
365 3170 609 3204 Monachorum
636 3171 757 3213 ineptia
780 3181 787 3200 ε
808 3170 889 3211 Jam
911 3169 989 3202 illud
1009 3193 1019 3210 ,
1038 3169 1070 3211 fi
1084 3173 1139 3205 dici

270 3220 361 3263 potest
373 3243 383 3258 ,
411 3222 502 3260 quam
521 3221 672 3253 ridiculum
694 3219 732 3259 est
745 3243 755 3259 ‚
782 3220 861 3261 quod
870 3218 970 3262 rursus
981 3225 1139 3255 inveniunt

274 3268 516 3310 addefenfionem
540 3275 665 3303 crinium
669 3268 805 3312 ficorum.
832 3273 954 3309 Virum,
980 3275 1137 3312 inquiunt,

269 3319 418 3363 prohibuit
441 3317 584 3359 Apostolus
601 3319 706 3355 babere
723 3329 833 3352 comam
857 3344 863 3350 .
894 3321 958 3362 ‚Qui
980 3328 1079 3352 autem
1094 3319 1136 3363 se-

1203 2533 1261 2559 tati
1267 2525 1340 2569 sunt
1348 2528 1470 2569 capillos
1483 2530 1518 2560 de
1534 2529 1680 2569 industria
1692 2528 1798 2572 crispos
1806 2530 1925 2571 salios.
1951 2532 2017 2573 Ego
2029 2539 2079 2562 ve·

1202 2579 1233 2608 ro
1249 2576 1377 2616 existimo
1387 2577 1447 2620 lege
1463 2579 1548 2611 aliud
1560 2580 1700 2612 interdici
1712 2604 1723 2610 .,
1745 2583 1832 2612 Nam
1844 2586 1933 2612 moris
1945 2579 1983 2619 est
1995 2577 2080 2620 apud

1201 2631 1319 2661 Graecos
1340 2633 1443 2668 capita
1455 2635 1612 2669 puerorum
1635 2640 1692 2662 non
1715 2630 1864 2663 attondere
1877 2653 1887 2668 ,
1909 2627 1970 2670 sed
1986 2628 2075 2667 finere

1199 2677 1319 2716 capillos
1324 2682 1462 2717 promitti
1472 2701 1485 2716 2
1508 2679 1543 2709 &
1556 2677 1606 2709 bos
1613 2678 1713 2718 postea
1724 2678 1906 2710 daemonibus
1918 2678 2057 2710 dedicare
2066 2701 2073 2709 .

1201 2726 1352 2758 Affirmat
1364 2725 1426 2758 effe
1437 2736 1561 2759 morem
1572 2728 1728 2770 gentilem
1742 2740 1749 2758 :
1778 2726 1880 2774 Quod
1894 2726 2010 2770 nempe
2023 2739 2075 2761 ve·

1200 2776 1223 2808 ri
1239 2773 1419 2808 Christiani
1438 2776 1536 2809 etiam
1549 2775 1695 2819 parvulos
1707 2777 1779 2811 suos
1799 2777 1972 2811 tonderent
1985 2777 2074 2818 juxta.

1201 2824 1392 2859 mandatum
1414 2823 1567 2868 Apostoli
1592 2851 1598 2857 .
1621 2826 1747 2861 Laxata
1774 2836 1881 2860 tamen
1902 2826 2072 2870 disciplina

1201 2874 1374 2917 postmodo
1400 2876 1537 2918 permisit
1559 2877 1701 2919 parvulis
1734 2877 1852 2922 longos
1877 2878 2072 2918 cincinnos,

1199 2926 1232 2958 &
1251 2924 1393 2968 ipsorum
1416 2926 1556 2967 primam
1574 2928 1758 2968 tonsuram,
1786 2938 1940 2970 tanquam
1962 2927 2077 2972 pslm'b

1199 2976 1279 3015 tias,
1306 2975 1403 3008 alicui
1419 2976 1526 3009 sancto
1537 2975 1709 3010 dedicabat
1720 3002 1731 3009 .

1249 3025 1359 3057 Etiam
1381 3025 1414 3057 in
1429 3023 1566 3058 Abbatis
1583 3025 1748 3068 Apollinis
1762 3027 1891 3062 laudem
1916 3027 2070 3062 scribitin

1201 3074 1352 3108 Laufiaca
1367 3071 1498 3108 historia
1510 3074 1675 3110 Palladius
1686 3076 1984 3121 Helenopolitanus
1996 3077 2071 3121 Epi-
2085 3090 2157 3127 029,
2168 3092 2215 3124 52,-

1201 3125 1315 3166 scopus
1341 3136 1349 3155 :
1377 3125 1480 3165 Apollo
1503 3125 1627 3157 multum
1653 3126 1881 3167 reprehendebat
1904 3140 1952 3162 eos
1979 3151 1989 3167 ‚
2019 3133 2069 3170 qul

1198 3184 1307 3208 comam
1328 3174 1516 3206 nutriebant.
1547 3175 1589 3208 Et
1603 3176 1637 3208 in
1655 3178 1763 3210 nescio
1785 3189 1882 3221 quem
1904 3177 2069 3212 imbellem

1199 3224 1408 3256 &comatum
1431 3224 1569 3257 militem
1595 3225 1756 3267 joannem
1781 3226 1888 3261 scribit
1913 3227 1954 3262 ad
1977 3228 2067 3260 suum

1199 3274 1325 3306 fratrem
1343 3273 1476 3307 Sanetus
1500 3274 1647 3316 Synefius
1661 3276 1878 3311 ptolomaidis
1898 3278 1930 3310 in
1952 3275 2067 3307 Penta-

1201 3323 1266 3364 poli
1292 3321 1488 3366 Episcopus:
1516 3325 1629 3357 Nullus
1650 3327 1808 3367 capillum,
1834 3333 1905 3369 quin
1929 3324 2063 3362 Cynedus
2082 3325 2201 3363 EP·¹04·'

273 3368 348 3412 ipsos
357 3368 686 3409 castraveruntpropter
696 3380 817 3411 regnum
829 3370 976 3404 calorum
987 3394 997 3410 ‚
1001 3371 1072 3410 jam
1082 3382 1138 3405 non
1191 3371 1231 3414 fit
1241 3396 1252 3415 ,
1255 3371 1345 3415 fovet
1357 3398 1364 3405 .
1392 3372 1494 3410 Hunc
1506 3375 1630 3407 versum
1641 3375 1776 3411 affirmat
1788 3377 1848 3412 eise
1858 3386 1925 3410 non
1939 3383 2068 3415 prover·⁴

372 3418 478 3460 Chiist.
493 3421 571 3463 Lupi
582 3422 666 3461 Opcr.
679 3421 755 3452 Tom.
766 3423 815 3454 IV.

1493 3423 1528 3456 H
1555 3421 1577 3456 h
1603 3421 1625 3456 h
1676 3436 1698 3461 2
1905 3422 2016 3464 bium,
