2352 3736
63 485 138 522 Cap.
160 492 186 519 7.

70 2707 125 2745 Ep·
139 2716 206 2744 322.

73 2992 155 3033 Epist.
163 2996 209 3023 66.

72 3295 122 3336 Ep.
145 3309 205 3329 ιον..

561 182 626 212 De
661 166 854 213 Reum
889 169 1267 214 ANTIsrrruM
1301 175 1756 211 NOMINATIONE.

240 256 409 299 Principum
420 260 452 288 in
463 254 560 297 aliquo
570 256 758 287 minuendam
763 264 901 297 putemus
910 277 921 293 ,
948 253 1001 286 vel
1008 259 1111 287 contra

238 305 412 350 Religiosum
423 316 530 340 morem
550 309 647 349 Regni
660 306 777 348 aliquid
791 304 975 347 sentiendum
992 299 1111 342 perfica-

236 357 358 389 'deamus
371 382 381 396 ‚
403 354 460 398 sed
470 364 503 389 ut
512 356 659 394 clartffime
671 355 879 394 demonstretur
900 359 932 384 in
943 349 1111 393 hujusmodi

237 417 269 439 re
283 407 421 439 divinam
425 411 560 450 gratiam
564 404 691 447 sufficere
701 429 712 444 ,
737 404 898 436 humanam
922 404 991 434 vero
1007 408 1110 442 poten-

238 462 333 496 tiam,
359 455 415 497 m'fi
430 456 475 488 illi
499 454 654 498 consonet,
680 452 756 486 nibil
772 454 889 486 valere.
918 453 1110 494 ,Quapropter

238 510 271 539 in
286 504 381 548 sacris
409 508 536 538 Patrum
558 502 728 536 Canonibus
747 527 757 542 ,
783 501 834 534 ubi
853 502 994 543 plurimae
1013 499 1110 544 causae

238 564 494 589 commemorantur
514 579 525 594 ‚
543 552 605 594 fine
630 550 733 593 quibus
753 550 936 593 Episcopalis
962 553 1110 584 ordinatio

238 610 328 638 irrita
352 605 489 638 habenda
508 602 564 643 est,
588 602 624 633 de
644 600 699 632 hac
718 613 750 633 re
763 601 841 634 nibil
860 606 1009 634 invenitur
1021 599 1109 644 inser-

238 665 318 688 tum.
346 651 565 687 Affirmateffi:
579 650 716 684 modicae
735 652 767 684 ὃς
778 663 869 685 novae-
881 676 891 692 ,
920 663 986 684 non
998 661 1106 683 tamen

237 705 367 748 penitus
376 702 495 736 nullius
504 701 548 734 rei
561 699 695 733 titulum
711 723 718 732 .
750 701 829 744 Ejus
850 701 1027 735 medullam
1037 711 1108 743 ape-

237 754 282 788 rit
302 755 336 787 in
353 750 491 785 laudatis
503 750 544 784 ad
556 750 738 794 Hugonem
752 751 1006 796 Lugdunensem
1028 750 1109 783 litte·

237 804 281 837 ris
299 800 446 835 laudatus
465 801 522 834 Ivo
535 814 545 832 :
572 804 665 844 Reges
683 809 740 842 per
751 800 949 844 Episcopatus
973 800 1106 838 conceffio-

237 863 304 886 nem
323 849 400 883 nibil
401 849 557 893 spirituale
574 849 632 892 sed
644 851 755 883 donare
769 853 930 884 intendunt
944 875 954 890 ,
975 849 1034 893 sed
1043 859 1108 881 tan·

237 912 299 934 tum
324 907 403 933 votis
427 905 592 942 petentium
613 924 623 939 ,
651 901 765 942 utique
790 901 878 934 Cleri
911 900 945 933 δε
967 900 1108 944 populi,

234 961 364 983 annuere
375 974 384 989 ,
410 959 462 983 aut
481 951 573 983 villas
584 948 793 989 Ecclefiastitas
805 974 815 989 ,
842 953 875 984 Θ
885 951 948 983 alia
961 955 1109 984 exteriora

234 1000 328 1038 bona,
358 1012 425 1042 quae
447 1002 484 1032 de
503 1005 614 1044 Regum
636 1002 834 1044 munificentia
855 1000 991 1034 obtinent
1014 1000 1112 1033 Eccle-

227 1049 301 1091 fiae,
328 1055 338 1081 i
353 1049 394 1090 fis
415 1050 530 1083 Elec‘lis
542 1051 705 1083 concedere.
734 1050 810 1084 Rex
833 1061 911 1095 ergo
933 1050 1107 1084 &ele-stio-

234 1111 308 1133 nem
322 1124 332 1139 ‚
348 1100 514 1143 Elefflque
528 1102 693 1143 personam
712 1099 967 1142 comprobabat,
979 1101 1012 1134 &
1024 1097 1109 1133 hanc

232 1149 363 1192 insuper
382 1150 424 1183 de
445 1150 593 1184 Ecclefiae
617 1150 860 1192 posieffionibus
898 1149 1109 1189 investiebat,

233 1199 374 1243 ideoque
386 1211 452 1233 non
467 1199 595 1243 penitus
612 1199 678 1232 fine
697 1201 786 1233 causa
799 1199 964 1235 dicebatur
987 1200 1034 1233 illi
1050 1201 1110 1232 im-

234 1249 342 1292 pertiri
360 1249 608 1292 Episcopatum.
639 1249 721 1295 Qae
738 1251 851 1284 omnia
866 1250 975 1284 locum
989 1249 1110 1283 habent

233 1298 330 1334 etiam
343 1299 376 1332 in
396 1298 598 1337 Abbatibus,
624 1299 862 1332 &Abbatiffis.

284 1348 441 1382 Notanda
454 1350 527 1382 sunt
539 1349 644 1383 Sansti
658 1349 770 1382 lvonis
781 1349 873 1383 verba
886 1363 893 1382 z
916 1354 999 1382 Votis
1009 1358 1110 1392 peten-

234 1404 309 1431 tium
324 1409 456 1431 annuere.
487 1397 711 1432 Praesentatam
725 1399 814 1432 enim
827 1399 883 1433 fibi
901 1400 1089 1433 elestionem
1100 1423 1111 1439 ,

234 1448 404 1491 Electique
423 1449 590 1490 personam
608 1448 683 1481 Rex
707 1459 749 1482 ex
771 1447 871 1482 caufis
893 1449 1033 1482 omnino
1056 1461 1112 1492 po-

233 1506 316 1531 terat
338 1497 491 1531 refutare.
520 1497 612 1531 Hinc
623 1498 711 1531 sexta
732 1497 934 1538 Pmffienfis,
961 1499 994 1532 ὅ(
1008 1501 1112 1532 sccun-

234 1546 274 1580 da
288 1547 553 1592 Aquisgranensis
573 1547 726 1590 Synodus
738 1547 912 1581 Ludovico
936 1547 996 1581 Pio
1011 1549 1113 1590 Impe-

235 1596 335 1630 ratori
356 1598 531 1641 suggerunt
549 1597 583 1630 δε
606 1596 786 1639 supplicant
802 1622 813 1638 ,
840 1608 875 1631 ut
900 1599 932 1631 in
947 1598 1041 1631 bonis
1053 1598 1113 1632 Ec-

235 1646 400 1680 clesiarum
425 1646 616 1681 Restoribus
642 1648 880 1682 constituendis
897 1648 1049 1682 adhibeat
1071 1649 1113 1682 se-

234 1695 350 1731 dulum
383 1696 523 1731 studium
555 1698 589 1731 δε
619 1698 850 1732 solertiffimam
886 1698 1090 1742 diligentiam
1104 1722 1114 1737 ‚

234 1746 441 1781 considerans
473 1747 624 1780 Ecclefiae
655 1747 854 1791 dignitatem
883 1772 893 1787 ,
923 1748 1115 1781 Christiana:

235 1796 315 1830 fidei
341 1796 469 1843 felicem
479 1797 594 1831 statum
610 1822 620 1837 ,
647 1798 803 1831 &animae
813 1799 871 1832 suae
885 1796 1021 1831 salutem
1039 1796 1115 1831 inde

236 1845 378 1888 pendere
398 1871 405 1878 .
433 1846 477 1880 Et
497 1846 582 1890 apud
603 1847 760 1889 Jacobum
788 1848 999 1881 Sirmondum
1023 1857 1111 1882 extat

237 1896 371 1939 antiqua
391 1897 530 1930 formula
543 1921 552 1935 ‚
580 1907 643 1938 qua
667 1896 821 1930 Vilitator
842 1899 923 1931 olim
937 1899 1114 1941 Episcopus

237 1946 382 1979 vacantis
402 1945 548 1978 Ecclefiae
570 1945 702 1979 Clerum
726 1948 757 1980 &
775 1948 932 1990 populum
958 1948 997 1981 ad
1020 1948 1112 1991 digni

236 1994 391 2037 Episcopi
411 1995 602 2029 elediionem
626 1995 799 2029 adhortans
829 1997 967 2030 addebat
989 1996 1115 2031 &hanc

237 2043 413 2078 clausulam
425 2059 435 2077 :
461 2047 494 2077 Si
507 2045 590 2086 forte=
604 2047 710 2086 aliquis
730 2055 785 2087 per
797 2046 923 2086 vestrum
931 2053 1091 2088 praemium
1108 2071 1117 2086 ,

239 2103 293 2126 aut
300 2103 355 2136 per
366 2096 497 2135 aliquam
510 2105 603 2128 artem
620 2095 799 2139 malitiosam
810 2122 820 2137 ,
847 2097 926 2130 banc
937 2100 956 2129 5
957 2098 1040 2130 edem
1044 2095 1115 2140 sub-

238 2150 333 2184 ripere
353 2154 475 2177 conatus
490 2145 586 2186 fuerit
601 2170 611 2185 ‚
636 2145 732 2179 &hoc
745 2145 830 2179 vobis
849 2145 1112 2189 consentientibus,

239 2202 272 2224 ue
298 2200 329 2225 in
350 2196 432 2226 illum
452 2195 547 2228 eleeiio
568 2202 695 2235 veniat,
722 2195 772 2229 boc
795 2208 981 2239 nequaquam
1001 2195 1114 2238 consen-

238 2248 343 2274 tiernus
379 2245 462 2276 vobis
486 2269 495 2283 ‚
518 2244 575 2287 sed
598 2248 708 2277 Domno
727 2251 903 2288 Imperatori
926 2246 1115 2279 annuntiabi-

240 2303 323 2330 mus,
354 2294 388 2325 *ἵν
408 2295 456 2325 ille
460 2293 527 2333 fine
547 2297 603 2327 ullo
621 2297 746 2335 periculo
761 2320 770 2335 ‚
798 2298 905 2329 &cum
925 2297 1044 2328 licentia
1055 2300 1114 2329 Ca-

239 2352 348 2373 nonum
364 2366 372 2380 ,
399 2345 596 2385 undecumque
620 2347 653 2377 δ’
667 2352 830 2387 cuicumque
845 2348 956 2379 Clerico
970 2348 1093 2379 voluerit
1104 2371 1114 2387 ,

239 2392 312 2423 dare
319 2398 447 2432 poterit.
476 2395 612 2435 Tuncque
633 2397 735 2427 merito
757 2397 778 2427 ἅ
799 2395 883 2428 vobis
896 2396 1047 2437 auferetur
1064 2405 1116 2438 po-

240 2440 328 2481 testas
348 2443 495 2484 eligendi,
520 2450 593 2484 wia
618 2448 713 2477 Deum
734 2445 891 2485 offindistt's
911 2471 921 2486 ,
949 2448 982 2479 (ν
1006 2445 1117 2489 vosmet

248 2491 495 2525 abominationem
512 2492 681 2533 exhibuistis
708 2519 714 2526 .
746 2496 918 2529 Canonem
940 2519 950 2534 ‚
975 2497 1031 2539 qui
1055 2497 1116 2530 isto

243 2541 276 2572 in
299 2542 372 2574 casu
390 2542 533 2586 eligendi
556 2545 608 2576 seu
634 2545 830 2579 nominandi
858 2546 908 2587 jus
928 2545 968 2580 ad
989 2547 1116 2591 Regem

242 2588 397 2625 devolvat
413 2617 424 2631 ‚
451 2593 550 2635 usque
572 2591 637 2626 huc
660 2594 799 2639 ignoro.
827 2596 900 2630 Esse
921 2607 988 2629 non
1007 2596 1116 2630 Cano-

249 2649 322 2671 nem
345 2663 356 2678 ,
385 2641 436 2675 sed
457 2644 658 2677 Francorum
689 2645 820 2689 Regum
846 2646 1115 2681 consuetudinem

247 2687 360 2742 rectius
387 2691 507 2734 scripsit
529 2694 668 2736 Ioannes
692 2695 777 2737 Papa
799 2698 929 2729 odiavus
947 2721 953 2727 .
982 2696 1115 2741 indigni

245 2745 376 2769 interim
394 2738 578 2775 electionem
603 2744 674 2778 Rex
691 2747 812 2788 semper
834 2747 960 2788 pauit,
989 2746 1059 2779 imo
1082 2748 1116 2781 δε

244 2784 356 2818 debuit
376 2789 558 2824 exfiafflare.
585 2793 677 2827 Hinc
699 2796 790 2829 enim
806 2795 997 2840 Philippum
1019 2798 1115 2831 Fran-

245 2846 358 2868 corum
370 2835 495 2880 Regem
510 2863 519 2876 ‚
545 2842 599 2882 qui
619 2844 824 2879 foediffimum
852 2846 1008 2888 Juaenem
1023 2848 1114 2889 Joan-

246 2894 323 2918 nem
335 2884 570 2920 Aurelianensis
582 2892 720 2928 Ecclefia
734 2896 872 2929 elestum
887 2909 952 2930 non
978 2898 1115 2931 excusse·

246 2944 294 2967 rat
315 2958 325 2974 2
353 2936 534 2978 8ῐὲνῖΠῖΜὲ
554 2941 658 2982 arguit
680 2966 691 2981 ²
720 2945 754 2978 &
785 2945 890 2988 ipsum
922 2948 1031 2979 excuti
1062 2959 1115 2989 per

246 2983 427 3027 Hugonem
439 2986 693 3029 Lugdunensem
710 2991 886 3029 Primatem
898 2997 1114 3038 expostulavit

247 3032 379 3067 Sanctus
399 3034 458 3068 lvo
491 3036 669 3081 Episcopus
686 3039 909 3079 Carnutensis.
940 3047 1114 3080 EtGualo·

248 3094 324 3116 nem
339 3083 553 3119 Belluacenfis
574 3088 719 3122 Ecclefiae
739 3091 871 3127 electum
884 3119 894 3134 ‚
919 3094 999 3129 dum
1019 3107 1115 3131 aetnu-

249 3133 272 3165 li
281 3142 429 3168 excutere
440 3145 570 3169 tentant
583 3161 592 3176 ‚
619 3138 659 3171 de
671 3140 777 3173 servili
790 3152 906 3185 genere
926 3147 1115 3180 accusarunt

249 3182 334 3225 apud
345 3183 487 3217 eundem
506 3186 633 3232 Regem
645 3213 655 3227 ‚
682 3190 830 3234 purgavit
851 3202 958 3226 autem
972 3196 1005 3227 in
1032 3195 1115 3228 litte-

248 3233 291 3266 ris
301 3232 341 3266 ad
353 3232 534 3269 Manaffem
546 3236 752 3272 Remensium
765 3241 1012 3284 Metropolitam
1026 3244 1113 3278 idem

247 3282 331 3316 lvo.-
357 3282 447 3326 quod
470 3294 585 3328 nempe
607 3288 679 3322 Rex
698 3299 739 3321 ex
760 3290 858 3325 causis
880 3302 1033 3326 excutere
1054 3294 1112 3328 ele-

247 3333 316 3366 stos
326 3344 364 3366 ac
373 3334 510 3368 refutare
520 3337 658 3371 omnino
671 3340 773 3381 posset
785 3365 791 3371 .

297 3382 406 3424 Dico,
434 3387 487 3417 Ex
508 3384 617 3426 caufis.
650 3387 748 3422 Recte
770 3389 859 3423 enim
880 3392 921 3425 ad
933 3392 1114 3427 Manassem

249 3433 354 3478 pergit
372 3431 448 3467 Ivo:
476 3434 591 3468 Habeat
610 3438 690 3470 Deus
710 3444 742 3471 in
750 3440 876 3482 Ecclefia
890 3440 948 3484 sua
961 3449 1114 3486 principa-

342 3482 452 3522 chrisi.
467 3487 545 3527 Lupi
558 3490 644 3528 Oper.
658 3490 733 3521 Tom.
746 3494 797 3523 IV.

1150 3513 1155 3538 l
1172 3507 1242 3531 cere
1258 3520 1264 3528 .

1883 179 1903 211 Ι
1919 180 1939 224 3
1947 180 1983 218 9

1169 253 1237 286 liter
1247 254 1325 295 quod
1330 252 1423 295 suum
1434 252 1473 293 est
1485 278 1495 294 ‚
1521 252 1630 286 habeat
1640 257 1707 285 Rex
1715 251 1864 294 posteriori
1876 249 2046 294 ordinopofi

1171 305 1264 335 Deum
1284 304 1363 344 quod
1372 304 1430 345 fibi
1455 305 1477 335 ἆ
1500 304 1561 336 Deo
1581 303 1735 345 concessum
1754 304 1810 341 est.
1839 302 1884 337 Et
1904 303 2043 337 iterum:

1172 356 1244 384 Non
1255 354 1323 385 licet
1343 353 1473 397 Regibus
1494 350 1701 396 Episcoporum
1713 353 1864 387 eleHiones
1883 354 1986 395 aliqua
1997 365 2047 386 ra-

1172 407 1249 434 tione
1263 404 1421 443 impedire.
1453 403 1587 447 Utique
1609 404 1688 438 citra
1702 403 1888 447 legitimam
1898 405 2027 438 causam
2038 428 2047 435 .

1173 451 1255 496 Agit
1276 451 1425 487 adversus
1443 452 1565 486 diuum
1589 452 1716 498 Regem
1737 452 1928 497 Philippum
1947 474 1958 490 ‚
1981 454 2049 487 lau-

1171 502 1238 534 dati
1262 502 1423 536 Gualonis
1442 502 1636 536 electionem
1670 515 1712 537 ex
1732 503 1849 538 frivola
1881 502 2049 537 calumnia

1171 553 1287 586 cassare
1296 562 1452 585 conatum
1465 576 1476 591 ‚
1503 552 1651 584 adversus
1663 564 1759 596 quern
1771 555 1872 588 etiam
1884 553 1919 587 in
1931 552 2048 588 litterIS

1171 601 1212 634 ad
1226 602 1427 636 Rodericum
1438 600 1694 634 Cabiloneusem
1719 602 1918 647 Episcopum
1931 626 1942 643 ,
1967 602 2050 636 &in

1173 651 1289 685 litteris
1303 651 1343 685 ad
1355 650 1582 685 Humbertum
1597 650 1869 694 Lugdunensium
1879 653 2052 695 Metropo-

1171 700 1263 734 litam
1274 701 1383 734 scribit
1404 700 1491 744 Papa
1504 700 1685 745 Gregorius
1696 701 1868 743 septimus:
1897 706 1963 736 Rex
1974 702 2052 735 obla⁴

1171 760 1212 783 tae
1236 749 1317 783 nobis
1334 749 1597 793 suaepromiffionis
1615 761 1744 790 memor,
1771 750 1936 784 electionem
1958 756 2051 784 Mati-
2068 755 2098 784 L.
2112 762 2135 783 1.
2155 754 2205 790 Ep.

1167 799 1334 843 sconensem
1355 812 1412 833 non
1424 800 1520 844 sblum
1532 812 1588 833 non
1598 801 1742 842 impediat
1754 823 1765 839 ,
1786 798 1914 842 sedeum
1925 825 1936 841 ‚
1963 813 2050 842 quem
2068 801 2115 832 35·
2130 796 2177 832 3⁶·

1173 850 1279 890 debet,
1305 849 1447 893 assensum
1468 850 1605 892 praebeat
1627 875 1633 881 .
1663 851 1707 883 Et
1730 851 1854 884 rursum
1878 863 1889 883 .·
1918 851 2010 893 ,Quod
2023 850 2054 891 ſs

1165 899 1267 941 facere
1277 903 1419 939 noluerit,
1448 900 1653 933 indubitanter
1665 905 1782 934 noverit
1803 912 1855 934 nos
1863 898 1942 933 hanc
1952 900 2053 933 Eccle-

1166 949 1217 991 fiae
1234 956 1353 983 ruinam
1376 962 1564 992 nequaquam
1593 953 1703 984 diutius
1719 951 1891 984 toleraturos
1904 974 1915 990 ‚
1938 947 1992 992 sed
2013 958 2053 983 ete⁴

1170 999 1347 1033 authoritate
1370 1003 1458 1033 Beat.
1480 1001 1597 1042 Apostol.
1620 1004 1705 1034 Petri
1724 1002 1856 1034 &Pauli
1878 1001 1986 1033 duram
2007 1006 2054 1033 in-

1172 1050 1342 1084 obedientia·
1353 1057 1567 1084 contumaciam
1588 1055 1739 1084 Canonica
1749 1051 1932 1085 authoritate
1950 1056 2053 1084 coerci-
2112 1049 2131 1060 ³

1170 1108 1249 1133 turos
1272 1126 1279 1132 .
1307 1102 1394 1145 Regi
1432 1101 1577 1135 minatur
1594 1101 1706 1136 duram
1739 1101 2054 1135 excommunicatio-

1173 1161 1268 1190 nem,
1296 1161 1447 1193 potenter
1470 1152 1648 1186 asseverans
1668 1151 1857 1186 Canonicas
1881 1150 2055 1185 elestiones

1170 1199 1188 1232 ὲ
1204 1200 1353 1244 Regibus
1372 1201 1417 1234 ob
1439 1211 1531 1245 turpe
1544 1203 1717 1244 praesertim
1746 1201 1906 1236 Simoniae
1927 1201 2055 1234 lucrum

1172 1261 1240 1283 non
1259 1251 1345 1293 posse
1355 1251 1465 1285 caffari
1478 1276 1485 1283 .
1514 1252 1557 1285 Et
1578 1252 1619 1286 de
1630 1253 1781 1286 Henrico
1805 1260 1922 1294 quarto
1939 1249 2057 1294 Augu-

1173 1299 1243 1339 sto,
1270 1301 1304 1334 ὅ(
1318 1301 1453 1335 Ecclesia
1476 1300 1659 1336 Trevirenfi
1682 1302 1790 1336 varios
1814 1302 1864 1335 illi
1888 1300 2058 1335 successive

1173 1348 1292 1383 eledios
1303 1352 1528 1394 praesentante,
1537 1351 1648 1386 scribit
1659 1363 1819 1397 magnum
1832 1351 1938 1395 Belgii
1953 1349 2060 1384 Chro-

1175 1399 1276 1433 nicon
1298 1414 1309 1433 .-
1335 1405 1402 1434 Rex
1425 1425 1436 1441 ‚
1461 1411 1600 1443 quotquot
1621 1402 1812 1444 nominaffent
1838 1426 1849 1441 ‚
1876 1401 1988 1433 nullum
2001 1398 2057 1441 sibi

1170 1451 1288 1491 placere
1313 1451 1395 1482 dixit
1415 1474 1421 1481 .
1449 1451 1561 1483 Nullus
1598 1457 1677 1484 enim
1698 1463 1795 1484 eorum
1824 1451 2059 1484 benevolentiam

1176 1501 1241 1540 eJ'us
1265 1500 1358 1542 digna
1379 1504 1532 1532 taxatione
1549 1507 1760 1541 praevenerat.
1790 1501 1833 1534 Et
1854 1500 2060 1539 Leonatem‚
2080 1524 2129 1556 Fol
2166 1533 2218 1553 Γ,

1179 1548 1380 1582 piscariensis
1391 1549 1584 1582 Monasterii
1598 1549 1734 1584 eleCium
1746 1576 1756 1590 ,
1784 1562 1881 1593 quem
1893 1549 2059 1595 Rogerius
2134 1546 2139 1552 '
2186 1544 2230 1557 ‘¹'

1177 1597 1293 1632 Siciliae
1305 1598 1379 1631 Rex
1392 1598 1459 1632 sine
1469 1600 1562 1633 causa
1577 1599 1840 1640 refutarat‚fuiffe
1852 1601 1893 1635 ab
1907 1599 2062 1645 Eugenio

1178 1649 1276 1682 tertio
1291 1673 1301 1688 ‚
1313 1648 1483 1683 Anastasio
1494 1660 1622 1693 quarto,
1638 1652 1672 1685 &
1689 1651 1838 1684 Adriano
1850 1659 1967 1694 quarto
1978 1650 2066 1684 Pon·

1179 1698 1322 1731 tificibus
1334 1699 1503 1733 defensum
1516 1724 1526 1739 ‚
1553 1701 1784 1735 confirmatum
1795 1723 1807 1739 ‚
1832 1703 1864 1734 ὅ(
1875 1701 1941 1735 sedi
1955 1699 2064 1734 Abba-

1179 1748 1250 1781 tiali
1285 1748 1418 1783 tandem
1431 1749 1618 1792 impositum
1632 1751 1724 1796 Rege
1746 1751 1854 1784 invito
1869 1775 1879 1790 ‚
1906 1751 2063 1785 scribitin

1179 1797 1353 1833 Chronico
1366 1797 1478 1833 Abbas
1491 1800 1650 1834 Berardus
1664 1826 1671 1832 .
1701 1801 1800 1834 Plura
1813 1799 1929 1835 adduci
1944 1800 2066 1844 possint
2081 1792 2142 1831 {³012
2166 1796 2236 1831 4995

1177 1847 1335 1891 ejusmodi
1349 1850 1497 1892 exempla
1511 1875 1517 1882 .

1227 1899 1265 1931 In
1278 1910 1412 1933 extante
1431 1901 1515 1942 apud
1531 1899 1723 1934 Matthaeum
1745 1901 1838 1935 Paris
1863 1900 2012 1944 Epistola
2023 1900 2065 1935 ad

1178 1949 1339 1991 Ioannem
1364 1949 1495 1994 Angliae
1520 1951 1647 1994 Regem
1661 1951 1770 1984 scribit
1794 1951 1950 1985 Pontifex
1965 1952 2066 1986 Inno-

1177 1999 1306 2031 centius
1324 2001 1454 2032 tertius:
1482 2003 1574 2041 Super
1584 2001 1769 2034 elec‘lionibus
1781 2003 1866 2043 apud
1875 2003 1980 2036 Sedem
1991 2006 2066 2044 Apo-

1169 2046 1302 2087 stolicam
1313 2050 1490 2090 approbatis
1506 2061 1563 2083 non
1577 2050 1728 2092 consuevit
1750 2050 1877 2094 assensus
1890 2055 2065 2093 Principum

1178 2099 1351 2139 expediat-i.
1382 2100 1548 2133 Defuncto
1570 2101 1725 2135 Hubetto
1751 2102 1979 2135 Cantuariensi
2003 2100 2066 2135 Ar·
2083 2104 2210 2132 Adi-08.

1177 2147 1388 2192 chiepiscopo
1413 2173 1423 2187 ‚
1451 2150 1662 2183 Cathedrales
1690 2150 1852 2183 Monachi
1877 2150 1923 2185 ob
1945 2151 2066 2186 discor-

1176 2197 1251 2231 dem
1261 2196 1302 2230 de
1316 2200 1372 2232 suo
1385 2199 1555 2241 Superiore
1581 2201 1614 2233 ὃς
1625 2201 1751 2242 Joanne
1776 2200 1972 2235 Norvicenfi
1985 2201 2065 2245 Epi-

1177 2248 1275 2290 scopo
1294 2248 1487 2282 elediionem
1505 2249 1671 2293 litigantes
1702 2250 1930 2294 Apostolicam
1946 2251 2066 2288 Sedem

1176 2300 1369 2331 accesserant
1392 2322 1403 2338 ‚
1429 2298 1463 2331 &
1486 2301 1602 2333 cassata
1636 2301 1706 2334 illic
1732 2310 1867 2345 utraque
1901 2302 2064 2336 elediione

1176 2348 1390 2390 processerant
1403 2348 1525 2383 ibidem
1539 2362 1579 2383 ex
1595 2352 1697 2385 totius
1711 2350 1905 2385 Conventus
1917 2363 2065 2395 compro-

1176 2397 1271 2432 misso
1283 2398 1323 2431 ad
1337 2410 1454 2432 novam
1472 2423 1482 2438 ‚
1510 2409 1607 2443 atque
1618 2401 1657 2434 de
1672 2401 1861 2435 innocentii
1885 2402 1974 2437 tertii
1987 2413 2064 2436 con-

1176 2447 1247 2480 filio
1269 2448 1434 2492 elegerant
1469 2449 1671 2493 Stephanum
1697 2476 1707 2491 ‚
1737 2452 1918 2486 Dostorem
1951 2452 2066 2486 Parisi-

1177 2509 1256 2531 nurn
1282 2523 1293 2538 ,
1320 2499 1353 2532 ὃς
1375 2499 1532 2533 Romanae
1556 2501 1706 2535 Ecclefiae
1728 2502 1941 2536 Cardinalern
1964 2528 1971 2533 .
1999 2503 2064 2536 Re-

1175 2558 1274 2590 gem,
1301 2548 1492 2582 Norvicensi
1517 2549 1680 2594 Episcopo
1711 2553 1952 2595 patrocinatum
1967 2576 1978 2592 ‚
2006 2565 2065 2586 no·

1175 2597 1245 2631 lens
1254 2598 1421 2633 offendere
1435 2599 1594 2634 Pontifex
1610 2626 1620 2642 ,
1648 2601 1715 2644 ejus
1725 2603 1921 2636 consensum
1932 2600 2063 2645 Stepha-

1177 2658 1221 2681 no
1232 2649 1328 2691 petiit
1340 2674 1350 2688 ,
1379 2650 1490 2684 verum
1516 2662 1584 2685 non
1599 2652 1784 2694 impetravit
1797 2678 1804 2685 .
1833 2651 2034 2696 Stephanum
2051 2676 2062 2691 ,

1177 2698 1336 2741 utpotein
1351 2700 1460 2733 Gallia
1473 2700 1763 2736 studiisimbutum
1782 2727 1792 2742 ‚
1819 2701 1906 2736 dixit
1930 2701 1987 2735 fibi
1998 2702 2061 2734 esse

1177 2749 1355 2791 suspestum
1373 2773 1382 2790 ,
1410 2749 1489 2783 item
1513 2750 1530 2783 ὲ
1543 2752 1664 2785 minori
1688 2752 1860 2787 dumtaxat
1872 2750 2063 2784 Monacho-

1176 2809 1248 2831 rum
1262 2809 1349 2842 parte
1362 2823 1371 2838 ,
1401 2800 1602 2844 proindeque
1623 2813 1691 2835 non
1706 2802 1876 2836 Canonice
1897 2801 2033 2835 elestum
2048 2825 2059 2840 ‚

1174 2859 1270 2891 atque
1284 2850 1327 2882 ita
1340 2851 1433 2883 suum
1458 2850 1506 2884 illi
1530 2851 1690 2886 assensum
1714 2854 1900 2887 constanter
1923 2852 2061 2894 denega-

1176 2900 1241 2932 vit.
1269 2899 1353 2948 Qae
1370 2901 1483 2935 omnia
1507 2902 1623 2944 sprevit
1648 2902 1806 2936 Pontifex
1826 2914 1866 2935 ex
1880 2901 1944 2942 jam
1960 2900 2060 2935 addu-

1174 2950 1222 2982 δὶα
1236 2950 1363 2994 Regula
1375 2975 1385 2990 ,
1413 2952 1447 2984 ὅ(
1460 2951 1661 2994 Stephanum
1689 2954 1722 2985 in
1734 2952 1930 2994 Episcopum
1951 2951 2058 2984 conse·

1173 3000 1292 3032 cravit.
1323 3000 1416 3033 Dura
1439 3002 1499 3033 fuit
1524 3003 1580 3034 lis.
1611 3002 1797 3034 Etenimob
1822 3001 1940 3034 nimias
1951 3001 2054 3045 Regis

1173 3049 1361 3083 insolentias
1381 3061 1514 3083 ornnem
1540 3052 1696 3094 Angliam
1711 3050 1939 3084 Ecclesiastico
1960 3051 2061 3084 inter-

1172 3098 1260 3131 dic‘io
1278 3098 1458 3140 Stephanus
1471 3101 1636 3142 supposuit
1657 3124 1667 3139 ,
1695 3110 1791 3143 atque
1802 3101 1847 3134 ita
1858 3100 2058 3135 Ecclesiasti-

1171 3159 1207 3181 ca
1232 3147 1364 3181 libertas
1388 3149 1521 3181 tandem
1546 3148 1759 3191 triumphavit
1779 3175 1786 3182 .
1814 3151 1899 3183 Rem
1922 3161 2056 3184 omnem

1172 3198 1283 3231 multis
1296 3198 1433 3240 exponit
1448 3199 1591 3240 praefatus
1604 3197 1832 3239 Matthaeus,&
1844 3201 1983 3244 insignes
1991 3202 2058 3235 Ste-

1171 3248 1268 3290 phani
1284 3246 1527 3289 Archiepiscopi
1539 3249 1572 3281 ὃ(
1581 3249 1714 3291 Joannis
1723 3249 1824 3293 Regis
1835 3251 1875 3284 de
1885 3250 1947 3284 hac
1959 3263 1991 3285 re
2006 3251 2056 3284 lit-

1171 3308 1254 3330 teras
1266 3308 1365 3338 nuper
1379 3297 1555 3339 pu'olicavit
1577 3299 1680 3332 Lucas
1694 3299 1895 3334 Dacherius.
1927 3301 1971 3335 Et
1991 3301 2059 3334 lau-

1171 3346 1245 3380 data
1259 3345 1389 3390 Regula
1402 3358 1467 3380 non
1477 3359 1563 3381 caret
1577 3348 1801 3384 fundamento„
1831 3351 1963 3385 Etenim
1975 3351 2051 3383 dire-

1171 3398 1253 3429 ‹stam
1276 3397 1307 3429 ὃ(
1320 3396 1486 3439 probatam
1501 3398 1541 3432 ab
1552 3397 1744 3441 Apostolica
1765 3400 1847 3434 Sede
1861 3401 2054 3434 elestionem

1172 3446 1265 3479 nullo
1279 3448 1370 3491 padio
1379 3450 1535 3482 convenit
1562 3448 1647 3484 laico
1670 3450 1802 3494 Regum
1820 3450 1944 3495 judicio
1957 3447 2055 3495 subja}

1636 3499 1658 3533 S
1707 3511 1729 3536 2
1930 3497 2007 3532 CA-

2072 3323 2159 3353 Tom-
2170 3329 2196 3360 ς.
