2352 3736
560 145 625 176 DE
661 131 847 175 Recriix
884 131 1257 175 Aersrirt-JM
1296 126 1777 176 Noram-Armua.

245 217 287 252 ab
301 216 443 253 Urbano
454 213 597 251 secundo
607 214 795 250 concessum
808 213 900 247 fuisse
923 210 1119 247 nominandi

243 266 426 301 indultum.
443 265 491 302 At
502 273 624 303 certum
637 265 682 298 est
692 262 777 298 labi
794 262 995 306 Diplomatis
1006 284 1016 300 ,
1029 257 1118 303 quod

240 314 374 361 quidem
387 315 570 353 cardinalis
592 315 754 349 Batonius
777 314 917 347 affirmat
945 309 1120 348 fiffidum,

242 366 708 411 nullusapexistudinsinuat.
723 362 831 399 Etde
855 359 959 403 Regis
984 359 1124 392 Guiliel

241 417 470 453 miMalicurn
483 414 633 450 Adriano
654 422 770 460 quarto
794 410 956 445 Pontifice
983 433 994 450 ,
1023 419 1120 453 quem

241 468 421 502 Beneventi
453 466 618 501 detinebat
651 462 817 505 captivum
844 484 855 499 ‚
902 458 1121 494 Concordatis

243 517 351 553 scribit
364 518 498 553 Sanetus
508 512 699 551 Antoninus
711 508 983 554 Archiepiscopus
993 510 1125 545 Floren-

243 569 412 602 tinorum:
440 571 575 612 ,quatuor
602 562 744 604 capitula
754 562 901 596 Adrianus
921 561 1065 601 conceffit‚
1086 562 1123 594 de

244 618 475 656 ΕΙεὲΙίοηιόω,
501 611 710 657 Legationibus
733 636 745 655 ‚
786 611 1061 653 appellationibus,
1087 611 1121 646 2&

245 670 410 701 Conciliis.
447 663 510 699 Per
530 662 671 706 primum
694 660 735 695 de
760 660 974 696 electionibus
1000 660 1119 702 capitu-

247 719 314 752 lum
333 714 432 760 aliqui
468 711 658 757 intelligunt
686 712 873 748 facultatem
900 709 1116 745 nominandi.

246 767 388 808 Atipsos
399 763 463 798 labi
478 762 680 797 demostrant
695 762 796 806 Regis
810 762 842 794 in
857 761 945 794 dicto
970 760 1117 794 Concor-

244 817 320 851 dato
333 812 450 849 verba.-
478 815 522 846 De
532 812 715 846 elec‘lionibus
731 818 776 847 ita
788 811 866 854 fiat,
895 812 1004 843 Clerici
1014 821 1113 844 conve-

243 872 326 898 nient
339 870 371 898 in
380 861 536 905 personam
547 864 683 896 idoneam
704 886 714 901 ,
740 864 774 895 (9·
790 862 867 894 illud
884 866 961 892 inter
977 858 1009 903 se
1023 857 1104 902 secre

241 923 305 949 tum
328 913 474 947 habebunt
492 938 501 953 ‚
527 914 616 945 donec
627 910 784 955 pei-simam
807 912 890 944 illam
916 910 1115 943 Excellentiae

240 963 343 1004 noflrae
349 969 562 1006 pronuntient.
590 966 635 994 Et
646 961 795 1004 postquam
817 959 944 1003 persona
967 957 1113 999 Celst'tudi-

242 1012 492 1055 m'nostraefuerit
512 1011 664 1056 designata
674 1036 684 1052 ‚
703 1010 734 1053 fi
735 1010 863 1056 persona
873 1012 928 1043 illa
939 1012 974 1043 de
985 1011 1115 1051 prodito-

239 1064 320 1098 ribus
328 1066 380 1099 vel
391 1068 518 1099 inimicis
530 1062 630 1102 nostris
643 1063 695 1096 vel
703 1061 854 1095 haeredum
878 1060 1032 1100 nostrorum
1057 1071 1113 1092 non

233 1114 351 1157 fuerit,
367 1123 421 1147 aut
435 1112 663 1157 Magnificentiae
676 1111 778 1150 nostrae
791 1122 848 1144 non
859 1115 991 1144 extiterit
1005 1109 1113 1153 odiosa,

240 1166 293 1197 vel
301 1165 363 1199 alia
372 1169 404 1196 in
415 1175 449 1198 ea
461 1162 550 1205 causa
578 1173 635 1197 non
649 1161 768 1202 fuerit,
791 1169 849 1202 pro
870 1172 928 1202 qua
954 1171 1009 1192 non
1028 1160 1114 1192 debe-

240 1226 308 1247 mus
319 1214 473 1257 affentire,
497 1210 850 1258 affinsumpraestabimus
866 1235 874 1241 .
902 1210 1111 1245 Nominandi

238 1264 290 1308 jus
301 1263 356 1298 sibi
367 1262 452 1297 adeo
465 1272 532 1296 non
544 1271 674 1321 arrogat
683 1285 696 1303 ,
722 1270 759 1294 ut
772 1271 831 1294 nec
842 1259 998 1303 eligendae
1010 1260 1112 1303 perso-

238 1325 289 1347 nae
300 1312 557 1358 designationem
572 1335 582 1351 ,
609 1310 679 1345 imo
700 1321 761 1344 nec
780 1310 925 1356 eligendi
947 1309 1111 1343 licentiam

240 1363 436 1408 praetendat,
463 1362 516 1395 sed
540 1361 643 1396 solum
664 1360 817 1395 electioni
842 1370 880 1394 ac
902 1359 1015 1393 Electo
1036 1357 1114 1393 dan-

239 1413 319 1448 dum
330 1412 542 1447 consensum.
572 1407 693 1445 Ethoc
717 1408 967 1447 intererimina‚
989 1408 1033 1442 ob
1043 1420 1113 1453 quae

238 1463 446 1499 Fredericum
473 1460 649 1496 secundum
685 1458 875 1504 degradavit
913 1458 1113 1502 Lugdunen-

238 1513 279 1546 fis
304 1511 480 1555 synodus,
505 1520 710 1554 nequaquam
737 1508 933 1543 Antistitum
961 1509 1112 1545 nomina-

239 1563 348 1596 tiones
376 1560 528 1604 produxit
556 1559 771 1595 Innocentius
795 1562 957 1601 quartus,
983 1556 1037 1593 sed
1064 1555 1112 1591 so'
1136 1592 1138 1595 ,

238 1610 305 1645 lam
327 1610 539 1646 electionibus
562 1608 686 1645 illatam
707 1608 903 1645 violentiam
922 1606 1034 1651 utique
1057 1617 1111 1651 per

238 1658 499 1706 designationem
522 1660 678 1704 eligendae
699 1655 858 1704 persh‘nae.

239 1710 437 1745 nominandi
459 1710 650 1743 violentiam
675 1734 686 1750 ,
724 1709 741 1743 a
761 1707 857 1743 Patre
880 1709 937 1742 suo
962 1707 1117 1747 Helnrico

239 1762 333 1795 sexto
345 1760 542 1805 quandoque
555 1769 747 1795 attentatam
761 1758 951 1799 Fredericus
960 1758 1112 1799 solemnis

240 1822 290 1846 ter
299 1810 385 1854 apud
398 1810 625 1844 innocentium
637 1810 770 1844 tertium
780 1807 978 1844 antificem
990 1807 1121 1852 abiut-a?
1137 1820 1141 1826 ¹

240 1861 303 1902 rit,
331 1860 376 1894 est
389 1859 479 1904 supra
490 1860 672 1895 ostensum.
694 1858 821 1902 Verum
833 1857 1023 1903 posteriores
1040 1858 1111 1901 vejus
1136 1878 1138 1881 ·

240 1911 276 1944 in
298 1910 484 1943 Romanam
509 1909 681 1944 Ecclesiam
714 1907 879 1951 v'inlentiae
912 1908 1110 1952 Gregorium

237 1969 367 1993 nonum
379 1959 578 1994 Pontificem
591 1959 631 1994 ad
643 1970 710 1993 non
723 1959 822 2001 soiius
837 1959 1024 1994 Germaniae
1034 1983 1044 1999 ‚
1055 1958 1113 1992 fied:

238 2010 270 2044 &
283 2010 447 2050 utriusque
459 2010 577 2045 Siciliae
590 2010 804 2053 Episcopatus
824 2007 1048 2049 reservandos,
1051 2016 1056 2021 ¹
1076 2009 1109 2042 ὃ(

240 2059 464 2095 nominandos
497 2059 674 2103 Episcopos
690 2058 965 2104 comfflleruot,
1013 2063 1126 2102 imque

241 2110 285 2143 ita
309 2120 362 2153 per
382 2110 581 2144 Succeffores
599 2110 786 2145 Pontifices
799 2109 970 2145 &monica
992 2108 1114 2145 eleffio

240 2159 334 2202 plene
345 2158 399 2194 hic
409 2159 471 2193 fuit
486 2158 617 2194 tandem
631 2146 800 2195 extinstssss„
799 2158 970 2207 Eamque
991 2159 1138 2196 exsti-[n

241 2208 378 2242 &ionem
396 2209 548 2251 Synodus
560 2210 763 2250 Basileenfis,

241 2258 459 2292 servationum
472 2259 686 2301 improbatrix
697 2260 848 2293 acerrima
861 2283 871 2298 ,
896 2258 1044 2299 omnino,
1053 2259 1110 2303 im-

240 2306 392 2349 probavit
405 2331 416 2347 ,
441 2310 580 2341 statuens
592 2320 626 2340 ac
643 2310 782 2350 definiens
788 2308 958 2351 generalem·
978 2306 1110 2351 reservas

239 2362 347 2390 tionem
360 2362 487 2390 omnium
500 2356 689 2399 Ecclefiarum
712 2359 1003 2398 Metropolitanarum
1015 2383 1025 2398 ,
1052 2362 1108 2390 Ca-

240 2406 423 2441 thedralium
434 2432 443 2447 ‚
471 2408 700 2450 Collegiatarum
712 2433 720 2447 ,
751 2409 783 2441 (θ’
797 2407 1037 2448 Monasteriorum
1057 2420 1129 2450 ‚ac

240 2458 423 2501 dignitatum
433 2458 640 2495 eleeiivarum,
667 2466 723 2497 per
750 2461 914 2489 Romanum
939 2452 1130 2525 Pontificem!

241 2510 279 2541 de
289 2516 389 2539 caetero
408 2517 463 2538 non
469 2507 536 2548 fieri
549 2531 560 2546 ,
587 2506 712 2548 &sabla
723 2513 766 2539 uti
777 2518 831 2539 non
846 2508 946 2539 debere
959 2533 967 2547 ,
980 2465 1130 2550 reserva-l

243 2557 368 2589 tionibus
381 2562 412 2590 in
422 2565 536 2599 corpore
541 2559 624 2598 juris
636 2556 736 2600 claufis
749 2581 759 2596 ‚
787 2559 820 2591 Θ
833 2556 879 2588 his
890 2568 965 2598 quas
977 2563 1008 2590 in
1021 2563 1108 2590 terrIs

245 2608 382 2641 Romanae
395 2606 527 2648 Ecclefiae
538 2630 548 2646 ,
575 2613 688 2639 ratione
702 2607 806 2639 dircen
816 2604 869 2650 seu
889 2608 971 2640 utilis
986 2608 1109 2640 domimi

246 2656 372 2688 mediate
393 2658 447 2689 vel
465 2657 636 2690 immediate
654 2655 797 2699 subjectis
822 2656 890 2699 fieri
928 2663 1085 2700 contIgerit
1098 2681 1107 2696 ‚

241 2700 355 2746 semper
366 2712 512 2746 exceptis.
541 2707 587 2740 At
601 2709 678 2739 vero
692 2717 825 2749 ucraque
845 2706 954 2740 Sicilia
969 2706 1009 2740 ad
1029 2705 1106 2740 dire·

245 2754 331 2785 {tum
350 2752 502 2787 Romana»,
526 2756 672 2791 Ecclesiae
692 2756 875 2789 dominium
899 2756 1006 2790 lucide
1028 2766 1106 2789 tunc

244 2800 406 2843 spestabat
421 2825 431 2840 ‚
454 2803 590 2849 ideoque
609 2806 744 2848 perrexit
766 2805 919 2840 Pontifex
942 2806 1008 2839 illic
1033 2807 1105 2849 Epi-

245 2852 361 2893 scopos
375 2851 560 2885 nominare.
588 2856 629 2887 Et
642 2853 717 2888 hinc
729 2855 769 2889 de
781 2856 979 2890 Innocentio
989 2858 1103 2889 ostavo

244 2900 277 2933 δε
291 2898 462 2943 Alphonso
472 2901 587 2934 Siciliae
600 2904 689 2948 Rege
711 2915 822 2948 pacem
843 2904 1081 2938 stabilientibus
1094 2930 1103 2945 ‚

246 2950 383 2984 inistius
401 2950 465 2983 vita
489 2951 595 2984 scribit
616 2954 774 2988 Onufrius
798 2955 986 2988 Panuinus:
1016 2958 1103 2987 Pacis

246 3001 419 3033 conditiones
438 2999 563 3040 fuerunt
584 3024 593 3039 ,
626 3011 659 3033 ut
686 3006 750 3035 Rex
776 3007 920 3037 Romanae
954 3005 1021 3037 Sed}
1051 3017 1102 3037 an-

247 3060 334 3080 nuum
360 3050 489 3092 vec‘ltgal
510 3051 652 3091 penderet
675 3074 684 3087 ‚
727 3053 867 3094 Pontifex
889 3063 947 3096 pro
981 3054 1105 3087 arbitrio

247 3104 343 3130 omnia
362 3102 455 3142 Regni
478 3100 642 3131 sacerdotia
667 3099 863 3139 distribueret.
901 3103 1029 3145 Nempe
1050 3104 1105 3136 du-

247 3157 337 3181 rante
357 3147 443 3180 bello
470 3147 542 3181 Rex
560 3149 678 3191 papale
689 3150 881 3183 nominandi
896 3155 950 3192 jus
964 3158 1107 3193 inquieta-

246 3206 312 3229 rat.
378 3196 441 3229 uod
462 3197 510 3239 jus
536 3198 675 3231 firmavit
697 3198 796 3234 etiarn
807 3200 1019 3234 Sacro-sancta
1031 3202 1106 3235 Tri-

202 3248 208 3256 '
246 3246 379 3281 dentina
392 3247 562 3288 Synodus:
589 3250 697 3290 siquis
724 3250 837 3281 dixerit
853 3247 1013 3290 Episcopos
1027 3275 1036 3289 ‚
1056 3257 1107 3292 qui

245 3295 423 3329 authoritate
436 3298 562 3328 Romani
585 3297 735 3340 Pontificis
755 3299 933 3340 assumuntur
946 3323 955 3337 ,
982 3310 1037 3330 non
1058 3300 1107 3343 effe

245 3348 386 3389 legitimos
398 3348 431 3383 <tr
442 3356 527 3379 veros
539 3345 697 3389 Episcopo:
709 3373 719 3388 ‚
741 3346 796 3390 sed
810 3348 981 3390 figmentum
1008 3347 1108 3381 huma-

244 3394 534 3437 nurn,anathemafit
546 3421 552 3429 .
565 3396 629 3432 Pro
641 3397 731 3431 Italis
742 3397 994 3441 perpontificem
1010 3401 1112 3433 nomi·

895 1658 1000 1705 ngd
1021 1657 1110 1693 enim
1135 1657 1140 1661 ’

780 2195 1103 2252 &postolicarumxae
1134 2216 1137 2221 ¹

1161 2056 1556 2106 ·Μηεώαιιςξιτίῦαῃίῑε.

1159 2120 1187 2141 »a
1202 2107 1381 2146 Benediato
1392 2103 1590 2149 duodecimo
1603 2110 1764 2144 Pontifice
1790 2110 1959 2144 Eduardus
1985 2122 2048 2144 ter-

1158 2158 1236 2192 -rius
1256 2154 1527 2202 importuniffime
1547 2158 1717 2198 ambierit,
1744 2160 1788 2193 est
1814 2161 1904 2202 supra
1940 2161 2047 2195 osten-

1160 2208 1240 2243 'sum
1253 2232 1260 2241 .
1289 2208 1440 2242 Succeffit
1454 2207 1782 2243 Pseudo-Clementis
1802 2210 1927 2253 septimi
1950 2210 2045 2244 schis-

1891 140 1980 187 151

1187 212 1268 245 natis
1282 210 1600 258 Episcopisloquitur
1620 211 1765 245 adversus
1786 210 1991 247 Lutheranos
2013 212 2046 246 δε

1187 261 1387 295 Calvinistas
1403 287 1413 302 ,
1448 263 1622 308 garrientes
1643 262 1851 296 eanonicam
1875 263 2050 306 Episcopo·

1187 321 1255 344 rum
1268 311 1286 343 a
1298 311 1398 345 Clero
1410 313 1445 347 δε
1463 311 1586 355 populo
1595 311 1785 345 electionem
1796 313 1857 345 esse
1868 312 1945 354 juris
1967 313 2051 347 divi-

1184 361 1218 393 ni
1237 385 1244 392 .
1274 360 1400 398 Verum
1414 361 1582 396 Catholici
1603 361 1836 404 Hispaniarum
1862 362 1968 407 Reges
1990 373 2049 397 tra-

1185 409 1279 444 dusta
1300 410 1341 445 ad
1362 412 1392 447 se
1411 421 1544 454 utraque
1566 411 1676 446 Sicilia
1696 411 1872 454 Papalejus
1886 424 1951 446 non
1966 411 2051 447 nihii

1184 459 1334 494 contrahi
1348 460 1560 497 obtinuerunt
1573 485 1578 492 ·
1592 462 1627 496 In
1640 460 1970 506 Siciliaelnsula,quod
1984 464 2052 497 Ro-

1185 521 1286 544 manae
1300 512 1445 545 Ecclefiae
1465 511 1619 544 directum
1641 512 1826 546 dominium
1850 510 2050 555 praetendant

1183 562 1244 594 esse
1265 561 1467 600 extinctum,
1495 560 1670 594 nominant
1704 561 1880 605 Epist-opos
1913 574 2047 606 omnes;

1182 610 1215 642 in
1239 610 1360 655 Regno
1384 609 1627 654 Neapolitano,
1655 611 1743 652 quod
1763 612 1918 648 dire-etum
1942 613 2050 647 Sancti

1181 659 1267 693 Petri
1281 660 1469 696 dominium
1488 660 1560 693 istic
1571 660 1766 702 agnoscant,
1806 663 1980 698 nominant
2002 665 2051 697 so·

1182 711 1229 742 los
1240 711 1418 753 quosdam,
1445 710 1537 752 juxta
1549 710 1664 743 fastam
1674 720 1748 745 cum
1768 709 1928 746 pontifice
1949 712 2053 747 distri-

1180 759 1369 794 butionem.
1397 759 1578 793 Nominare
1590 758 1736 801 solebant
1748 759 1831 792 solos
1855 762 1918 794 sere
1933 763 2049 806 Hispa-

1179 821 1258 850 ηος,
1283 811 1382 853 usque
1407 809 1445 843 ad
1471 809 1616 851 Philippi
1650 808 1781 842 secundi
1804 819 1879 841 cum
1912 821 2050 854 utroque

1181 861 1297 902 Regno
1312 857 1520 895 Concordata
1532 883 1542 898 ,
1569 856 1685 901 quibus
1697 859 1737 892 ad
1762 859 1931 903 indigenas
1951 861 2050 895 etiam

1178 920 1265 946 certo
1279 921 1416 942 numero
1428 920 1482 943 aut
1495 907 1609 942 ordine
1621 909 1839 943 nominandos
1861 908 1916 942 ille
1939 910 1970 942 se
1992 911 2046 944 ad-

1178 959 1322 994 strinxit.
1349 957 1476 994 Eodem
1490 959 1587 993 ferme
1597 959 1666 1001 jure
1678 960 1751 994 Rex
1762 959 1927 1003 gaudetin
1942 961 2048 993 Duca-

1177 1021 1212 1043 tu
1227 1009 1483 1043 Mediolanensi„
1514 1009 1613 1056 Qod
1625 1010 1705 1042 olim
1730 1009 1915 1042 Mediolani
1941 1010 2048 1043 Duces

1177 1059 1264 1093 aPio
1287 1059 1429 1097 secundo
1451 1058 1635 1098 Pontifice‚
1661 1060 1694 1092 &
1717 1059 1904 1092 Ludo-sicus
1925 1059 2047 1094 duode-

1172 1111 1282 1143 cimus
1293 1111 1491 1144 Francorum
1507 1109 1579 1142 Rex
1593 1109 1609 1142 a
1624 1109 1711 1152 Julio
1733 1109 1874 1142 secundo
1897 1108 2046 1144 obtinere

1152 1156 1154 1158 ’
1179 1171 1245 1193 non
1261 1160 1387 1203 potuit,
1413 1159 1591 1202 Hispanica
1618 1160 1718 1201 pietas
1742 1158 1874 1192 tandem
1898 1159 2047 1201 impetra-

1178 1211 1239 1243 vit,
1268 1210 1348 1257 Qo
1363 1209 1539 1252 plenojure
1551 1210 1650 1242 etiam
1662 1207 1783 1253 gaudet
1795 1209 1827 1241 in
1839 1210 1965 1242 cunctis
1980 1210 2041 1242 Ec-

1177 1259 1278 1293 clefiis
1301 1260 1485 1295 indiarum.
1522 1258 1719 1294 Cristianam
1745 1259 1834 1292 enim
1851 1258 1950 1293 fidem
1974 1260 2043 1295 illic

1178 1309 1350 1353 plantavit.

1225 1358 1432 1393 Nominandi
1452 1360 1500 1401 jus
1527 1356 1650 1393 dudum
1684 1357 1916 1401 praetenderunt
1947 1359 2048 1393 etiam

1176 1407 1283 1452 Reges
1298 1409 1503 1452 Anglorum.
1532 1408 1662 1441 Etenim
1687 1409 1705 1440 a
1726 1409 1819 1442 Patre
1841 1410 1899 1442 suo
1923 1409 2047 1452 Joanne

1175 1458 1370 1499 abjuratam
1364 1468 1397 1489 in
1411 1458 1598 1491 Canonicas
1610 1456 1778 1491 electiones
1791 1459 1983 1493 violentiam
2003 1469 2050 1492 re-

1174 1508 1324 1560 sumpsit
1320 1507 1353 1540 <Sc
1366 1506 1534 1561 insigniter
1545 1507 1637 1539 auxit
1648 1507 1814 1541 Henricus
1838 1508 1972 1549 tertius,
1994 1508 2048 1542 ad-

1162 1551 1282 1592 {iternis
1302 1545 1406 1601 quem
1412 1554 1556 1600 Samius
1581 1555 1776 1590 Edmundus
1807 1555 2046 1592 Cantuariensis

1163 1605 1470 1651 :taeduepiscopuffi
1508 1617 1615 1655 novus
1650 1604 1802 1640 Thomas
1835 1608 1995 1651 Martyr,
2030 1607 2049 1643 ὲ

1162 1657 1343 1702 ,Gregorio
1352 1667 1448 1691 nono
1455 1652 1813 1707 Pontifice‘gnpetravit
1826 1657 2048 1702 Rescriptum,

1163 1715 1207 1744 -ut
1231 1718 1350 1742 omnes
1371 1703 1586 1758 Episcopatus
1608 1708 1642 1743 ἀ
1661 1707 1811 1742 Abbatiae
1830 1732 1840 1749 ‚
1879 1708 1961 1743 ultra
1984 1721 2049 1744 me·

1170 1757 1265 1793 dium
1289 1767 1416 1792 annum
1440 1767 1630 1799 vaeanoeS,
1638 1758 1709 1805 jure
1731 1758 1892 1793 devoluto
1914 1757 1954 1793 ad
1982 1759 2050 1793 Pri-

1162 1802 1273 1842 ..maris
1301 1806 1559 1850 emunitatis
1572 1809 1786 1853 prouffionem
1820 1809 2048 1854 pertinerent.
2052 1853 2061 1858 ,

1160 1856 1308 1899 Riduna
1329 1857 1552 1904 Gra-giarium,
1586 1859 1708 1902 quod
1696 1871 1714 1892 a
1736 1860 1829 1903 Rege
1851 1860 1886 1894 in
1909 1858 2047 1894 humani

1171 1903 1243 1943 diei
1251 1919 1374 1945 metum
1383 1909 1826 1958 circumscriptusDecretum
1837 1911 1929 1944 suum
1942 1920 2048 1945 recan-

1171 1957 1250 1992 tavit
1262 1980 1277 1998 ,
1290 1959 1451 2008 atqpaita
1467 1955 1655 1995 Canoniaeas
1666 1960 1839 1995 elee'tiones
1860 1961 1973 1996 multis
1994 1973 2047 1995 ex-

1171 2008 1313 2051 posuerit
1335 2007 1610 2050 calamitatibus,
1631 2010 1820 2055 graviffime
1843 2011 2047 2055 reprehendit

1583 2060 1708 2108 Qod
1700 2071 1776 2094 item
1792 2061 2047 2103 nominandijus
2067 2074 2099 2102 Α
2130 2081 2213 2106 1240.

1169 2268 1221 2292 ma
1233 2255 1387 2292 adversus
1401 2257 1579 2294 Urbanum
1595 2259 1720 2292 sextum
1732 2258 1931 2294 Pontificem
1944 2285 1954 2301 ‚
1988 2260 2044 2305 qui

1158 2306 1368 2351 'adherentes
1377 2307 1635 2353 abiAmglorum
1651 2308 1759 2353 Reges
1773 2311 1891 2344 veritus
1902 2311 2047 2345 offende-

1169 2366 1232 2397 rc,
1250 2357 1321 2391 laedi
1336 2358 1519 2402 gravissime
1534 2359 1566 2392 δε
1580 2358 1644 2391 fere
1663 2360 1814 2403 extingui
1838 2362 1979 2403 permisit
2002 2372 2046 2395 re·

1177 2407 1369 2441 servationes
1389 2407 1542 2452 Papales,
1580 2407 1648 2441 imo
1667 2410 1700 2444 ὃς
1722 2409 1823 2453 Regis
1845 2411 2046 2446 nominatio·

1177 2469 1231 2491 nes
1245 2457 1429 2492 introduci.
1459 2458 1645 2492 Elestiones
1657 2458 1725 2502 post
1738 2459 1916 2494 extinstum
1928 2462 1945 2494 a
1959 2462 2051 2496 Con·

1177 2507 1336 2541 fiantiensi
1362 2507 1500 2551 Synodo
1520 2507 1664 2542 Schisma
1685 2510 1797 2553 reponi
1821 2509 1861 2543 ab
1892 2511 2047 2550 Heni-ico

1175 2557 1267 2590 sexto
1282 2557 1374 2601 Rege
1387 2557 1559 2601 postulavit
1576 2558 1742 2592 Martinus
1755 2559 1912 2604 quintus,
1934 2561 2044 2595 verum

1172 2606 1283 2640 dolosa
1296 2607 1522 2650 quorundam,
1534 2608 1660 2642 facilius
1672 2608 1689 2641 a
1705 2609 1817 2653 Rege,
1832 2622 1929 2654 quam
1940 2611 1957 2645 a
1971 2612 2046 2646 Cle-

1171 2656 1369 2691 rieleetione
1381 2656 1438 2691 fibi
1453 2658 1685 2702 spondentium
1702 2659 1933 2703 Episcopatus,
1945 2661 2045 2695 ambi·
2067 2682 2098 2708 Α

1172 2707 1219 2739 tio
1233 2707 1309 2740 fecit
1323 2707 1414 2740 illum
1431 2720 1498 2741 non
1512 2706 1676 2742 exaudiri.
1698 2709 1748 2743 Ita
1758 2709 1947 2752 Polydorus
1970 2711 2046 2744 Vir-

1172 2756 1270 2800 gilius
1281 2756 1314 2789 &
1325 2755 1485 2791 Nicolaus
1497 2758 1726 2802 Harpsfeldius
1733 2759 1907 2792 testantur
1931 2760 2042 2794 Etiam

1171 2806 1210 2839 de
1224 2805 1377 2840 Eduardo
1390 2807 1487 2840 tertio
1500 2808 1616 2852 Rege,
1643 2809 1793 2843 adversus
1813 2809 1981 2843 Romanas
1997 2821 2044 2843 re-

1172 2855 1366 2890 servationes
1378 2867 1435 2899 pro
1450 2857 1630 2891 Canonicis
1642 2857 1876 2892 electionibus
1869 2870 1902 2892 in
1926 2870 2045 2894 vanum

1171 2904 1337 2939 laborante
1359 2930 1368 2945 ,
1407 2906 1516 2940 scribit
1539 2907 1691 2942 Thomas
1715 2906 2039 2951 Walsinghamensis:

1172 2959 1230 2987 Hoc
1244 2952 1422 2997 adscribitur
1430 2956 1602 2999 aliquibus,
1630 2956 1970 2999 quiftiebantsepotius
1989 2967 2044 3000 per
2064 2949 2122 2977 ¹⁵0¹·
2158 2954 2217 2978 ¹3³³·

1170 3007 1335 3037 Romanam
1355 3008 1480 3038 Curiam
1502 3031 1512 3047 ,
1550 3018 1640 3048 quam
1662 3015 1717 3047 per
1745 3007 1911 3039 elec‘iionem
1933 3010 1978 3040 ad
1998 3010 2044 3041 di·

2137 2690 2166 2710 1
2157 2692 2219 2717 7³⁴-

1165 3058 1298 3096 gnitates
1312 3053 1499 3095 Episcopales
1507 3061 1674 3096 promoveri
1683 3078 1691 3086 .
1718 3054 1859 3089 Proinde
1870 3057 2043 3091 nominan-

1159 3103 1203 3136 >di
1228 3103 1432 3145 privilegium
1455 3104 1580 3147 Anglia
1610 3114 1778 3146 nunquam
1810 3102 1926 3140 habuit
1947 3131 1956 3146 ‚
1988 3108 2042 3143 sed

1172 3152 1275 3196 Regia
1288 3152 1444 3184 violentia
1454 3152 1498 3185 est
1512 3152 1581 3186 illic
1602 3153 1637 3186 in
1658 3153 1893 3189 Ecclesiasticas
1915 3156 2044 3192 electio-

1172 3212 1226 3235 nes
1235 3201 1386 3244 grassata

1223 3250 1330 3284 Etiam
1343 3250 1516 3285 Scotorum
1538 3252 1647 3297 Reges
1668 3253 1732 3287 sine
1751 3254 1946 3301 privilegio,
1975 3257 2041 3291 Ro-

1173 3311 1265 3333 mana
1287 3299 1424 3333 Ecclesia
1446 3301 1672 3343 connivente,
1704 3306 1885 3340 nominasse
1909 3305 2042 3351 Episco-

1174 3361 1231 3392 ρος
1246 3349 1279 3381 &
1294 3347 1459 3388 Abbates‚
1485 3352 1620 3386 affirmat
1634 3327 1757 3387 H’eeior
1769 3354 1923 3390 Boetius
1948 3356 2041 3401 Qo-

1174 3399 1274 3433 modo
1295 3399 1374 3435 item
1392 3398 1558 3443 poloniae,
1596 3401 1761 3439 Bohemiae
1769 3428 1795 3454 ,
1837 3406 2039 3447 Hungariae,
2059 3393 2208 3430 A01473·

1862 3454 1990 3494 Daniae,
