2352 3736
109 758 168 799 Ep,
196 772 241 797 ²⁷·

104 1747 156 1786 ερ.
197 1756 243 1784 25.

115 2735 179 2768 Lib.
209 2746 233 2765 1·

122 2779 175 2814 2212.
204 2785 253 2812 ²9·

120 2913 174 2967 {pL
197 2911 259 2965 ἰῇ.

358 164 427 211 9‘6

281 234 477 286 facultatibus
501 234 703 277 Ecclefiasticis
718 258 728 274 ‚
752 235 848 274 juxta
869 230 948 272 quod
962 225 1108 268 Apostolus
1130 226 1167 258 de

280 296 349 337 ‘lege
362 294 434 325 dictt
446 314 456 330 ‚
469 293 542 321 Non
553 285 702 320 obturabis
712 296 743 317 os
755 284 823 316 bovi
835 281 1011 315 trituranti,
1028 274 1166 336 salanum

284 343 402 386 prabeo
424 365 435 381 ,
460 348 495 372 ut
515 337 696 375 Presbyteros
716 344 772 366 non
786 333 924 374 gravetis
936 352 943 358 .
972 325 1079 360 Dedit
1103 325 1164 360 Ar-

288 389 519 426 chi—Diaconis
533 385 681 431 speciales
703 388 877 424 proventus
902 378 936 411 &
959 376 1168 422 pinguiorem

289 439 523 485 Praebendam,
548 447 617 481 quae
627 430 813 467 sanstiffima
839 427 1040 462 constitutio
1060 428 1170 461 etiam-

288 487 512 534 numltigetin
534 484 644 520 multis
666 478 838 520 Ecclesiis‚
870 488 1009 522 quarum
1031 476 1170 520 proinde

287 535 554 577 Archi-Diaconi
566 534 631 567 fine
641 530 734 576 gravi
745 529 885 564 crimine
898 536 1062 572 nequeant
1073 526 1171 561 Paro-

288 590 411 629 thiales
423 584 633 626 Presbyteros
643 579 872 615 exactionibus
883 589 1014 623 gravare
1025 601 1034 611 .

339 635 522 674 Adversum
535 632 717 668 Cestrenses
739 628 1028 664 Archi-Diaconos
1049 626 1171 670 scripsit

287 690 328 726 ad
352 688 496 730 ipsorum
526 684 726 727 Episcopum
758 680 952 725 stigandum
968 678 1070 714 etiam
1093 678 1170 712 San-

286 742 352 775 ctus
364 737 566 771 Lansrancus
579 732 704 767 Primas
715 730 976 766 Cantuariensis:
994 729 1102 761 Clerici
1114 728 1172 760 vil-

283 791 384 824 larum
396 786 559 829 nostrarum
570 808 579 825 ‚
593 789 645 827 qui
658 784 691 817 in
702 780 799 822 vestra
813 779 935 822 Dioecefi
942 778 1071 820 existunt
1084 802 1094 819 ‚
1105 788 1171 819 que-

278 835 515 881 ftinobissunt,
542 836 621 878 quod
630 831 954 874 vestrtArcht-Diaconi
973 833 1098 871 repertis
1128 839 1169 861 oc-

283 888 441 932 cafionibus
446 891 591 930 pecunias
601 884 640 917 ab
650 890 693 918 eis
706 886 863 926 exquirunt
878 905 889 922 ,
916 882 950 915 Θ
962 881 982 912 ἃ
995 876 1171 922 quibusdam

278 942 351 984 jam
373 946 546 981 acceperunt
564 961 570 967 .
598 935 786 979 Exaggerat
807 932 958 971 facinus,
984 930 1018 964 δε
1041 929 1147 972 pergit
1160 942 1170 961 :

284 991 471 1023 Mandamus
481 994 582 1030 itaque
594 985 679 1019 vobis
691 1009 702 1025 ,
728 992 761 1017 ut
774 983 852 1016 male
874 988 996 1022 accepta
1010 978 1073 1020 fine
1095 979 1172 1012 dila-

284 1045 365 1073 tione
377 1039 464 1073 reddi
479 1037 635 1080 jubeatis,
661 1037 696 1069 <it
721 1032 864 1074 Ministrt's
888 1030 1013 1071 vestris,
1040 1040 1076 1062 ne
1098 1029 1172 1062 ulte-

284 1096 349 1124 rius
362 1086 590 1131 idpraesumant
604 1110 614 1126 ,
637 1084 803 1129 servanda
813 1082 971 1116 charitatis
978 1078 1076 1119 studio
1094 1086 1170 1120 pro·

284 1138 430 1171 bibentis.
459 1139 503 1171 Et
517 1138 551 1171 in
563 1136 717 1170 Auscenfi
729 1133 869 1177 Synodo
881 1131 991 1166 statuit
1013 1140 1071 1173 pro
1094 1128 1170 1161 San-

283 1186 706 1223 &iOrientiiMonasterio
730 1182 918 1218 Cardinalis
941 1182 1047 1223 Hugo
1070 1178 1170 1211 Blan-

282 1250 342 1272 ΕΗΒ
355 1262 366 1278 2
394 1238 538 1283 Legatus
552 1235 734 1271 Alexandri
755 1232 912 1269 secundi:
940 1229 1170 1264 Archi-Diacono

285 1289 490 1322 interdicimus
502 1312 512 1328 ‚
539 1293 670 1321 conviva
681 1296 758 1318 more
770 1284 963 1323 symbolorum
973 1286 1005 1312 in
1029 1276 1169 1317 Monaste-

283 1344 323 1371 rii
336 1337 469 1377 Ecclefiis
476 1343 585 1379 peragi
599 1361 610 1377 ‚
620 1344 673 1369 aut
684 1341 716 1367 tn
730 1334 836 1366 honore
846 1335 910 1374 ejus
924 1330 1040 1372 aliquid
1047 1327 1165 1372 usurpa-

283 1394 423 1421 rirontra
432 1384 673 1429 consuetudinem
683 1392 831 1418 veterem.
860 1383 897 1417 ln
912 1382 976 1415 suis
997 1379 1038 1413 ad
1059 1376 1166 1423 praedi-

281 1439 368 1471 stam
379 1435 504 1471 laudati
515 1435 693 1470 Lanfranci
707 1431 887 1477 Epistolam
901 1429 1043 1466 Scholiis
1063 1430 1168 1464 Lucas

280 1485 467 1521 Dacherius
487 1485 668 1529 publicavit
690 1484 854 1527 insignem
876 1480 1078 1524 Epistolam,
1103 1490 1167 1523 qua

282 1534 634 1572 Archi-Diaconomm
649 1533 738 1568 &suo
759 1531 868 1567 Sanffl
892 1530 981 1565 Petri
1001 1529 1166 1565 Monaste-

280 1586 332 1621 rio
341 1586 527 1622 exactiones
539 1584 703 1628 compesci
716 1593 770 1627 per
783 1580 975 1617 Paschalem
985 1579 1165 1614 secundum

279 1647 378 1682 rogat
388 1637 523 1672 Sanctus
535 1636 594 1670 Ivo
606 1634 788 1679 Episcopus
813 1630 1024 1667 Carnutenfis
1036 1654 1043 1661 .
1070 1628 1115 1662 Et
1126 1628 1165 1663 ad

279 1686 420 1730 Ioannis
441 1685 650 1720 Carnutensis
670 1682 827 1727 Episcopi
849 1681 1038 1716 officialem
1056 1678 1166 1713 scribit

278 1736 395 1771 Petrus
420 1735 578 1771 Blesensis
600 1748 613 1768 .·
649 1735 712 1767 sm
736 1738 809 1774 quia
834 1741 987 1764 munerum
1014 1729 1166 1770 cupiditas

275 1786 431 1832 subvertit
443 1797 490 1820 cor
501 1794 583 1818 tuum
592 1808 603 1825 ,
630 1791 665 1817 ut
673 1782 762 1826 fieres
773 1783 912 1824 Officialls
928 1777 1084 1822 Epfiopt.
1113 1780 1167 1811 To·

279 1848 315 1872 ta
325 1837 467 1879 Offictalls
478 1841 603 1870 intentio
614 1833 653 1874 est
663 1857 675 1875 ,
703 1840 737 1866 ut
749 1833 793 1865 ad
802 1840 873 1874 opus
887 1829 1026 1873 Episcopi
1029 1826 1054 1872 s
1050 1839 1098 1862 uae
1114 1830 1166 1871 ju-

280 1885 445 1931 rifilic‘i'ioni
453 1886 612 1929 commiffas
623 1881 807 1927 miserrimas
821 1893 890 1916 oves
906 1879 990 1924 quasi
1000 1886 1063 1913 trice
1080 1880 1164 1913 illius

280 1938 407 1972 tondeat
428 1961 441 1978 ,
466 1944 604 1979 emungat
623 1959 635 1976 ,
649 1931 804 1968 excoriet.
834 1932 883 1974 Isti
909 1929 981 1975 sunt
1008 1927 1166 1972 Episbopo-

281 1999 349 2021 rum
365 1985 553 2032 sanguisugae
575 2012 586 2028 ‚
613 1993 783 2019 evomentes
809 1983 943 2016 alienum
964 1979 1162 2024 sangumem,

281 2049 368 2081 quem
379 2037 515 2072 biberunt
528 2062 535 2070 .
563 2034 746 2071 Grassantia
753 2044 834 2069 tunc
847 2034 881 2068 in
894 2032 962 2067 istis
972 2029 1164 2065 hominibus

280 2089 430 2122 facinora
455 2098 553 2132 atque
589 2086 719 2131 flagitia
758 2083 911 2119 describit
939 2080 1110 2126 insigniter
1129 2081 1164 2114 &

281 2137 434 2173 damnat.
464 2136 570 2186 Qod
581 2136 685 2180 ipsum
696 2134 846 2169 fecerunt
857 2134 892 2167 in
902 2130 1084 2166 Senonenfi
1107 2130 1163 2172 Sy-

282 2188 372 2223 nodo
383 2185 661 2231 Archiepiscopus
684 2185 806 2220 ibidem
826 2181 1026 2232 Tristandus
1049 2180 1090 2215 de
1113 2182 1164 2224 Sa·

281 2238 388 2277 lazar,
412 2238 491 2272 &in
505 2237 622 2284 litteris
633 2236 673 2271 ad
687 2231 872 2271 Adrianum
896 2234 1024 2267 sextum
1049 2230 1165 2265 Ponti-

281 2288 378 2322 ficem
388 2288 507 2322 Germa
513 2298 631 2322 norum
642 2286 819 2321 Procerum
831 2285 1028 2320 Conventus
1038 2280 1167 2315 Nuren-

254 2374 262 2382 ‚
281 2336 466 2383 burgensis.
494 2339 551 2373 Est
587 2337 708 2372 vitium
733 2336 921 2369 Hincmaro
946 2331 1047 2376 longe
1082 2332 1164 2365 anti-

284 2388 380 2431 quius
390 2413 399 2421 .
427 2388 563 2423 Etenim
572 2386 658 2432 apud
667 2382 879 2419 Monachum
889 2381 1093 2416 Marculfum
1110 2392 1164 2415 ex-

284 2446 332 2472 tat
344 2438 467 2472 vetusta
478 2439 659 2472 Gallicanae
673 2435 821 2470 Ecclefiae
833 2432 974 2468 formula
988 2456 999 2473 ,
1012 2443 1077 2475 qua
1090 2432 1163 2465 Mo·

286 2488 418 2521 nasterii
430 2488 599 2521 Fundator
610 2495 755 2520 removet
768 2485 801 2518 &
813 2482 1055 2517 circumscribit
1078 2481 1165 2515 Pon-

284 2537 412 2571 tificum
426 2538 460 2570 &
482 2536 780 2570 Ecclesiasticorum
801 2532 1006 2568 Officialium
1026 2531 1166 2566 exactio·

285 2598 364 2627 nes,
391 2586 546 2630 exquisita
558 2585 691 2619 &lauta
702 2583 875 2621 convivia,
902 2581 1043 2626 gratiosa
1059 2582 1110 2615 vel
1121 2582 1169 2614 in-

286 2637 401 2671 sidiosa
427 2636 618 2670 munuscula
631 2658 641 2674 ,
667 2633 866 2668 caballorum
904 2632 1033 2674 praestus
1044 2656 1054 2672 ‚
1082 2642 1166 2675 para·

286 2686 401 2721 vereda
414 2711 425 2727 ‚
451 2688 485 2720 &
496 2685 621 2730 quasvis
630 2683 819 2729 angarias&
841 2682 1026 2716 funfliones
1037 2705 1045 2714 .
1074 2681 1168 2728 Qin

289 2737 360 2771 imo
371 2738 405 2771 &
416 2737 557 2770 Lucium
569 2735 686 2769 Pelusii
715 2731 1030 2768 Archi-Diaconum
1043 2757 1053 2772 ‚
1079 2731 1169 2775 quod

290 2790 431 2821 divt'num
435 2785 601 2830 sacrarium
610 2794 668 2828 per
677 2788 843 2818 avaritiam
854 2788 1070 2816 contaminaret
1081 2806 1092 2822 ‚
1117 2790 1170 2824 per

292 2843 490 2871 nummariam
514 2847 657 2870 manuum
681 2832 886 2876 impositionem
904 2832 960 2874 fibi
997 2840 1170 2877 aggregaret

219 2904 235 2918 ο
292 2896 377 2930 opes,
407 2887 562 2932 atqueita
573 2885 742 2920 columbas
765 2883 800 2917 in
821 2883 966 2918 Ecclesia
984 2883 1139 2917 venderet
1158 2906 1169 2923 ,

294 2938 434 2984 graviter
444 2937 551 2983 arguit
562 2934 698 2971 Isidorus
709 2934 872 2969 Pelufiota
886 2957 894 2965 .
908 2931 1023 2976 AEque
1036 2931 1170 2966 damnat

295 2987 472 3022 Eusebium
499 2987 700 3031 Episcopum
722 3009 732 3025 ,
758 2983 848 3028 quod
869 2983 927 3017 ista
949 2982 1169 3026 permitteret.

298 3035 422 3068 Eadem
436 3038 573 3072 notatin
597 3035 786 3078 Pansophio
809 3032 1086 3067 Archi-Diacono
1101 3057 1111 3073 ,
1137 3033 1169 3066 &

298 3084 438 3118 Marone
460 3087 662 3121 OEconomo.
692 3085 820 3120 Eodem
834 3094 980 3127 tempore
993 3082 1170 3117 Provinciae

298 3133 416 3167 Praeses
429 3133 588 3175 Cyrenius
610 3135 770 3171 vendebat
787 3134 900 3167 omnia
922 3132 1030 3166 civilia
1049 3133 1169 3180 judicia

299 3192 397 3226 atque
407 3182 532 3222 officia,
557 3184 642 3216 &ita
666 3184 887 3219 vendebantur
909 3185 994 3218 sacra
1016 3184 1048 3217 &
1068 3183 1169 3226 profa-

298 3244 361 3266 na.
378 3232 470 3264 Hinc
483 3231 730 3273 Rempublicam
742 3236 775 3268 in
788 3236 917 3269 ruinam
929 3243 1052 3269 currere
1062 3233 1169 3268 lauda-

298 3292 354 3317 tus
367 3280 504 3316 Isidorus
515 3291 582 3316 non
596 3280 657 3317 suit
672 3282 753 3315 vane
767 3285 946 3320 ominatus.

594 152 866 195 SECUNDA
903 147 1307 190 Paoorumns
1343 142 1788 207 Dlsscltrnno,

1405 297 1755 356 CAPUT
1825 305 1941 352 XV.

1229 438 1447 504 Exponitur
1482 441 1603 487 varia
1639 436 1910 509 Episcoporum
1946 439 2095 492 exafflo
2109 476 2123 489 .

1330 575 1417 612 Uod
1431 577 1588 624 Episcopi
1599 580 1700 615 Clero
1715 582 1749 616 &
1762 582 1888 626 populo
1902 583 1961 616 suo
1977 580 2124 618 collectas

1357 628 1391 662 &
1402 628 1586 665 exactiones
1595 630 1745 666 indicant
1755 656 1767 672 ,
1799 633 1844 667 est
1858 630 2053 678 Apostolica
2074 630 2122 664 in-

1356 678 1484 714 stitutio
1496 704 1508 720 ,
1533 691 1570 715 ut
1582 681 1686 725 liquet
1699 693 1740 716 ex
1752 684 1850 718 variis
1862 683 1943 718 locis
1955 682 2124 728 Apostoli·

1232 738 1344 762 carum
1359 729 1583 772 Epistolarum
1600 757 1607 763 .
1633 732 1683 766 Ita
1698 733 1837 768 sestertia
1861 744 1994 769 centum
2015 733 2120 769 millia

1229 779 1428 814 nummum&
1440 780 1530 815 Cleri
1543 782 1578 815 δε
1588 783 1702 826 populi
1713 783 1761 817 sui
1775 784 1957 819 collatione
1968 784 2120 829 collegit,

1229 829 1262 862 δε
1277 828 1476 865 redimendis
1485 829 1730 867 &barbarorum
1751 834 1942 878 captivitate
1966 834 2121 869 fidelibus

1229 877 1398 915 Numidiae
1423 881 1577 916 fratribus
1597 883 1638 917 ad
1661 883 1807 927 ipsorum
1829 884 2012 929 Episcopos
2032 886 2119 919 misit

1230 929 1364 964 Sanetus
1378 930 1583 975 Cyprianus,
1595 933 1719 968 addens
1730 934 1764 967 in
1775 934 1893 969 ssmiles
1907 960 1918 976 ‚
1930 946 2013 978 quos
2025 936 2119 970 Deus
2158 924 2188 955 ⁹⁰
2213 918 2259 946 ⁶⁰⁸

1230 989 1351 1014 avertat
1362 1001 1372 1018 ‚
1383 982 1470 1015 casus
1480 982 1599 1017 similia
1609 983 1746 1018 subfidia
1756 986 1897 1020 omnino
1909 997 1976 1021 non
1990 985 2119 1020 defutu-

1230 1040 1280 1063 ra.
1308 1029 1495 1066 Earundem
1505 1034 1714 1068 exactionum
1734 1036 1890 1070 meminit
1913 1037 1948 1071 in
1969 1036 2055 1071 libro
2075 1036 2117 1071 de

1228 1077 1306 1122 fuga
1316 1080 1351 1112 in
1363 1082 1587 1123 persecutione
1600 1107 1611 1123 ‚
1637 1084 1671 1117 &
1683 1085 1717 1117 in
1730 1085 1817 1120 libro
1828 1085 1870 1121 de
1884 1086 2018 1131 iejuniis
2037 1087 2120 1121 Ter-

1231 1129 1387 1162 tullianus
1401 1153 1412 1170 ,
1439 1130 1621 1176 adjungens
1632 1143 1706 1166 eam
1716 1135 1979 1176 Conferendarum
1993 1136 2118 1179 stipium

1227 1177 1400 1218 industriam
1413 1179 1630 1225 ffcapturam
1641 1177 1802 1230 nestrorum
1821 1184 2036 1227 Episcoporum
2046 1210 2058 1227 ,
2081 1196 2117 1219 ut

1227 1227 1374 1272 regnasua
1379 1228 1480 1273 secure
1494 1231 1563 1272 frui
1572 1230 1683 1275 possent
1700 1231 1757 1275 fitb
1783 1234 1901 1268 obtentu
1918 1237 2116 1277 procurandi.

1228 1279 1330 1325 Qod
1356 1290 1476 1324 nempe
1503 1282 1587 1316 ultra
1622 1283 1839 1329 neceffitatem
1862 1285 2055 1330 exigerent,
2079 1296 2119 1321 ae

1229 1329 1306 1363 inde
1318 1328 1559 1366 luxuriarentur
1570 1356 1577 1364 .
1609 1332 1734 1376 Lapsus
1748 1334 1788 1367 ad
1803 1334 2008 1369 Montanum
2032 1335 2118 1370 Ter-

1229 1380 1390 1414 tullianus
1427 1380 1574 1424 loquitur
1601 1383 1635 1417 in
1672 1382 1879 1418 orthodoxos
1908 1385 2086 1429 Episcopos
2108 1411 2122 1428 ‚

1229 1429 1369 1473 ideoque
1391 1431 1499 1465 forsan
1521 1433 1740 1467 calumniatur
1761 1460 1768 1466 .
1797 1434 1886 1468 Nam
1905 1435 1940 1470 δε
1963 1436 2120 1470 Sanstum

1229 1478 1469 1522 Athanasium,
1498 1481 1587 1524 quod
1613 1481 1765 1524 subjectas
1787 1484 1841 1517 sibi
1864 1485 2022 1519 Ecclesias
2043 1486 2121 1520 exa·v

1224 1524 1390 1564 trionibus
1400 1541 1530 1566 vexaret
1542 1556 1552 1573 ,
1579 1531 1665 1576 apud
1678 1533 1912 1568 Constantium
1926 1534 2122 1580 Augustum

1227 1580 1387 1614 acriter&
1401 1580 1480 1615 falso
1491 1583 1656 1616 accusavit
1669 1583 1765 1617 factio
1779 1584 1961 1619 Eusebiana
1974 1610 1982 1617 .
2009 1583 2120 1633 Qdd

1227 1628 1306 1674 quid
1318 1629 1356 1663 fit
1374 1655 1385 1672 ,
1408 1631 1525 1666 abusus
1537 1633 1695 1667 Ecclefias
1707 1633 1844 1668 tandem
1856 1635 2000 1670 omnino
2017 1646 2121 1670 occu-

1228 1681 1316 1723 pavit
1338 1704 1344 1712 .
1372 1679 1508 1715 Etenim
1531 1683 1768 1726 Hispaniarum
1794 1684 1997 1729 Episcopus,
2023 1684 2114 1730 quod

1227 1740 1295 1763 non
1306 1728 1413 1766 solum
1427 1729 1622 1773 parochias,
1650 1733 1704 1767 sed
1732 1733 1870 1778 ipsarum
1892 1736 2022 1780 insuper
2040 1735 2116 1770 Cle-

1227 1779 1312 1813 ricos
1326 1779 1432 1814 servili
1446 1791 1534 1815 more
1555 1793 1760 1826 premerent,
1786 1783 1932 1826 adeoque
1953 1785 1988 1819 in
2012 1785 2114 1820 Clero

1226 1830 1284 1864 suo
1309 1840 1423 1864 contra
1449 1829 1604 1876 Apostoli
1630 1832 1822 1868 mandatum
1845 1835 2116 1876 dominarentur,
2132 1849 2204 1879 cm,
2227 1860 2254 1878 ι,

1228 1889 1321 1915 notat
1334 1880 1473 1915 secunda
1494 1880 1647 1925 Synodus
1658 1883 1902 1919 Bracharensis.
1931 1885 2035 1934 Qod
2059 1895 2116 1930 per

1228 1929 1482 1966 Parochiassuas
1495 1943 1562 1967 non
1577 1931 1828 1968 Sacerdotaliter
1837 1933 2025 1968 desaevirent
2040 1958 2052 1974 ‚
2078 1936 2115 1969 δι’
2125 1962 2156 1992 ,Ε
2270 1969 2272 1971 .

1228 1981 1394 2015 Εκεᾶοτὶς
1405 1984 1513 2024 potius
1524 1993 1622 2030 quam
1635 1983 1788 2028 Episcopi
1809 1995 1929 2018 nomen
1954 1993 2119 2019 meterem·
2130 1970 2204 2031 033]
2223 1973 2269 2037 ’ξ’

1225 2041 1296 2071 tur,
1322 2032 1459 2066 affirmat
1479 2033 1553 2068 terti
1595 2032 1782 2068 Toletana.
1809 2033 1914 2082 Qod
1936 2034 2043 2078 ipsum
2066 2044 2202 2075 macari.
2223 2052 2250 2080 ς.

1227 2090 1342 2124 petunt
1355 2083 1490 2129 septima
1504 2108 1515 2124 ‚
1585 2083 1709 2118 decima
1721 2085 1829 2118 sexta.
1860 2084 1951 2118 Idem
1967 2084 2083 2120 vitium
2097 2109 2110 2125 ,

2135 1165 2208 1204 Cap.
2223 1172 2269 1201 ¹3·

1226 2131 1396 2174 praesertim
1419 2134 1508 2176 quod
1528 2134 1569 2168 ad
1591 2134 1834 2178 consignandos
1856 2133 1998 2169 infantes
2008 2135 2110 2180 egres²

1225 2181 1246 2213 fi
1276 2179 1411 2215 Clerum
1433 2183 1473 2216 ad
1497 2183 1683 2227 sumptuosa
1697 2183 1753 2219 sibi
1785 2184 1926 2228 paranda
1953 2185 2111 2230 convivia.

1224 2230 1481 2274 compellerent,
1507 2233 1644 2269 damn-‘at
1661 2233 1904 2283 in‘Siculorum
1918 2233 2113 2278 Epist-opis,

1225 2282 1259 2315 δε
1285 2291 1370 2316 certa
1391 2282 1603 2318 Concordata
1630 2278 1732 2332 inter)¹⁹
1741 2278 2003 2333 partes—stabilit·
2024 2284 2116 2320 Pela-

1225 2331 1299 2375 gius
1325 2331 1508 2373 secundus,
1534 2345 1605 2378 quae
1626 2325 1983 2379 rigide*ser'vari⁹‘ji1ffit'
2008 2334 2113 2369 etiam

1229 2381 1399 2424 proximus
1433 2382 1516 2427 ejus‘
1535 2384 1693 2418 successor
1730 2385 1912 2430 Gregorius
1938 2372 2084 2430 Milkfi'us
2103 2407 2111 2415 .

1232 2430 1381 2465 Abusum
1403 2432 1437 2465 in
1465 2433 1630 2468 Orientali
1651 2434 1794 2470 Ecclesia
1815 2421 2112 2479 graffanterissiim-
2130 2458 2207 2495 Cap·
2225 2467 2270 2488 H·

1231 2480 1320 2515 navit
1341 2482 1442 2516 etiam
1464 2493 1596 2527 quartus
1616 2484 1736 2518 Canon
1747 2484 1887 2526 septimae
1899 2482 2112 2526 Synodissst
2132 2499 2181 2536 Ep.
2206 2508 2251 2532 ²4·

1230 2531 1381 2575 septimus
1415 2532 1562 2569 decimus
1597 2532 1740 2568 secundae
1774 2532 2002 2567 cabilonensis
2027 2531 2112 2566 :⁹171-

1229 2591 1354 2615 ventum
1363 2581 1420 2624 est,
1447 2585 1525 2625 quod
1531 2589 1563 2616 in
1574 2581 1750 2627 quibusdam
1769 2583 1840 2617 Iocis
1865 2582 2034 2623 Presbyteri
2043 2583 2113 2616 duo·

1229 2633 1321 2665 denos
1337 2634 1390 2665 vel
1408 2635 1608 2675 quaterdenos
1634 2634 1774 2668 denarios
1802 2631 1959 2676 Epiftopis
1987 2638 2020 2666 in
2047 2635 2077 2666 c‘e

1225 2680 1293 2726 sum
1329 2688 1419 2716 annis
1438 2682 1561 2727 singulis
1588 2686 1723 2726 darent,
1748 2683 1828 2727 quod
1846 2688 1970 2726 penitus
1995 2644 2130 2716 abole'

1231 2734 1303 2766 dum
1324 2733 1376 2776 effe
1401 2735 1583 2767 decernimus
1605 2759 1612 2766 .
1640 2735 1674 2768 ln
1703 2734 1857 2768 Romana
1894 2734 1948 2767 sua
1974 2732 2113 2777 Synodo

1231 2782 1400 2828 Eugenius
1420 2784 1578 2818 secundus
1588 2785 1692 2819 emisit
1702 2783 1974 2819 huncCanonem
1985 2796 1996 2816 .·
2023 2783 2116 2816 Nulli

1231 2831 1437 2878 Eptftoporum
1447 2836 1536 2868 liceat
1555 2836 1575 2866 ἃ
1594 2833 1726 2878 subJedJo
1744 2836 1912 2875 sacerdote,
1932 2835 1986 2868 vel
2002 2835 2023 2866 ἃ
2043 2843 2110 2875 quo-

1230 2883 1301 2917 libet
1328 2884 1459 2925 clerico,
1487 2885 1522 2918 (τ’
1541 2890 1607 2927 piis
1627 2886 1697 2918 locis
1721 2887 1854 2918 dationes
1878 2884 1960 2918 ultra
1981 2886 2109 2917 Parrum

1224 2934 1341 2975 statuta
1360 2939 1476 2978 exigere
1487 2959 1498 2976 ,
1525 2944 1577 2969 aut
1594 2934 1774 2978 superposita
1791 2942 1822 2968 tn
1833 2939 1967 2980 angariis
1976 2931 2088 2974 inferre
2100 2955 2108 2963 .

1232 2985 1379 3019 Clericos
1402 2985 1536 3020 alendos
1560 2986 1642 3020 dicit
1667 2985 1708 3020 ab
1730 2985 1914 3030 Episcopo,
1941 2994 2011 3017 ⁰0¹¹
2023 2983 2111 3024 expi·

1216 3014 1345 3068 'landos
1370 3058 1377 3065 .
1415 3034 1522 3070 Addit
1544 3035 1730 3070 immobiles
1751 3034 1917 3082 praesertim
1940 3031 2113 3065 Parochia·
2129 3037 2200 3073 Cap.
2222 3037 2265 3064 16.

1231 3084 1310 3118 lium
1326 3084 1540 3120 Ecclesiarum
1560 3098 1608 3121 res
1621 3085 1661 3120 ab
1684 3086 1755 3129 ipsis
1774 3095 1842 3119 non
1864 3082 1952 3126 posse
1979 3081 2111 3116 invadi.

1232 3134 1364 3167 Missis&
1379 3135 1409 3169 se
1421 3135 1635 3171 Ecclefiarum
1657 3131 1884 3170 visitatoribus
1898 3155 1909 3172 ‚
1934 3141 1970 3166 ut
1981 3131 2015 3165 in
2037 3132 2113 3166 istas

1232 3183 1469 3228 Episcoporum
1488 3188 1675 3221 exustiones
1694 3184 1868 3227 diligenter
1892 3182 2113 3226 inquirerent,

1233 3234 1375 3279 injungit
1390 3236 1425 3269 in
1439 3238 1538 3271 tertio
1558 3239 1616 3271 suo
1636 3232 1820 3276 Capitulari
1844 3232 1916 3276 pius
1936 3234 2113 3276 Imperator

1232 3284 1440 3319 Ludovicus.
1470 3287 1648 3322 Deeodem
1662 3282 1786 3317 excessu
1803 3307 1813 3322 ‚
1840 3283 1887 3316 uti
1911 3293 1984 3317 vera
2005 3281 2114 3317 Simo-

1234 3335 1306 3374 nia,
1336 3336 1551 3371 Hincmarum
1563 3332 1811 3367 Laudunensem
1835 3332 2034 3376 Episcopum
2054 3330 2113 3365 du-

1218 3358 1265 3416 lre
1280 3386 1461 3427 perstrinxit
1475 3387 1507 3418 in
1521 3383 1759 3427 quinquaginta
1786 3381 2112 3427 quinque-Capitum

1219 3420 1381 3484 {Epistola
1404 3436 1603 3471 Hincmarus
1620 3432 1848 3479 .Metropolita
1861 3431 2051 3486 Remensis‚
2075 3429 2112 3463 ἃ

1993 3489 2062 3524 ejus

2130 2765 2205 2802 Cap.
2220 2769 2266 2795 26.
