2352 3736
106 1196 166 1226 Lib.
190 1208 213 1226 1.

152 1259 158 1264 '
188 1246 214 1272 3'
269 1263 442 1307 adjungit:
469 1261 515 1293 Ibi
536 1259 596 1303 ipso
610 1259 716 1302 sciente
736 1285 746 1300 ‚
775 1266 876 1291 contra
900 1257 1074 1299 Propofitum
1100 1263 1165 1291 Mo.-

100 1882 160 1914 lib.
182 1887 209 1914 6.

96 1925 147 1961 Ep.
172 1932 215 1960 15.

104 2870 192 2899 Anno

102 2918 113 2939 2
124 2920 134 2938 ι
144 2919 189 2943 17-

552 144 642 172 ΒΕ
715 129 753 171 S.
826 127 1157 170 LEONIS

267 226 363 261 atque
372 214 598 259 prosequitur3
625 215 702 247 Cum
710 215 780 255 jam
786 211 919 255 satiatus
940 211 1095 251 existeret,
1123 212 1157 244 (0⁰

269 353 535 401 &orasonvcrtih
565 370 698 406 Cumque
709 363 784 396 bunc
804 361 1011 396 &Monachus
1036 367 1159 395 mirare-

267 427 340 457 tur,
366 418 399 451 (7
414 418 505 449 oculos
516 421 548 448 in
560 426 624 448 eum
649 414 782 449 inhianti
808 411 979 452 curiofitatis
1008 409 1158 445 aviditate

267 466 426 512 defigeret,
451 472 497 499 ait
509 470 615 499 Comes
634 478 645 510 ‚j
675 466 872 508 guiacarnes
883 464 1030 508 tanquiim
1054 465 1159 493 Laicus

268 516 432 557 comedisti,
456 510 730 561 piscemftdriquam
755 510 916 545 Monachus
937 522 987 545 cur
999 511 1129 544 attendis
1148 510 1160 541 ἒ

271 567 369 600 Plane
372 566 403 607 fi
408 565 458 599 boc
469 565 524 598 tibi
537 567 650 599 licuerit
661 588 672 602 ,
696 562 865 604 verficulum
879 563 964 596 illum>
973 562 1093 604 congrue
1116 560 1160 591 de-

269 617 407 651 cantabis
420 629 431 649 .·
460 619 544 648 Meus
558 613 594 654 est
607 614 731 646 Galaad
741 637 751 653 ‚
779 615 813 646 (τ
825 623 905 646 meus
928 611 967 651 est
990 609 1139 652 Manaffes
1150 634 1157 641 .

271 669 363 700 Porro
370 665 400 706 fi
404 664 542 698 carnibus
554 662 738 706 abstinuiffl’s
750 687 760 703 ,
783 661 874 704 piscis
887 660 939 701 iste
947 659 1003 693 tib!
1013 659 1051 692 de
1075 660 1161 692 indu-

263 717 341 756 stria
346 713 531 759 servabatur
545 738 555 753 ‚
574 713 630 757 sed
639 719 710 755 quia
721 712 865 746 carnibus
877 715 1043 752 appetitum
1061 716 1159 741 carnis

271 764 393 807 implesti
405 789 415 804 ‚
435 763 539 805 fauces
550 773 617 796 tuas
625 761 716 806 piscis
730 762 776 795 bic
794 759 858 803 post
872 762 1015 792 alimenta
1032 761 1160 792 carnalis

270 815 412 859 ingluviei
434 826 492 847 non
514 812 665 855 transibis.
692 813 742 846 Ita
767 809 930 844 carnalem
954 808 1162 843 Monachum

270 864 361 899 dedit
387 863 531 898 ludibrio
557 867 659 896 totius
684 861 821 894 mensae.
851 859 904 892 Ex
931 857 1048 902 quibus
1075 859 1161 893 lucet

271 910 373 949 carnis
391 912 623 947 abstinentiam
646 920 724 944 tunc
746 911 839 944 omni
862 909 1064 943 Monasterio
1089 909 1160 942 fuis

270 965 301 998 fe
325 963 503 997 solemnem
519 985 529 1000 ,
555 962 588 995 &
614 960 802 994 servandam
829 960 930 993 etiam
955 968 1048 992 ex-tra
1077 960 1164 993 clau·

268 1012 368 1046 strum
394 1037 401 1044 .
443 1011 536 1045 Hinc
563 1012 653 1044 enim
679 1011 712 1044 ὃς
739 1009 972 1046 Hildebertum
998 1009 1161 1044 Cenoma-

268 1064 403 1096 nensem
426 1062 626 1105 Episcopum
652 1084 662 1099 ,
699 1060 788 1102 quod
828 1060 989 1103 Ioannem
1017 1060 1160 1094 Fratrem

268 1113 410 1152 laicum,
436 1112 552 1145 utilem
573 1110 835 1147 caementarium,
864 1111 894 1142 sc
918 1109 1027 1143 invito
1038 1110 1162 1144 detine-

269 1173 318 1196 ret
333 1186 343 1201 ‚
368 1163 506 1207 graviter
531 1161 673 1204 queritur
687 1160 770 1203 apud
784 1158 970 1193 paschalem
983 1160 1160 1194 secundum

269 1211 468 1246 Pontificem
493 1210 668 1244 Goffredus
695 1209 808 1244 Abbas
824 1208 1099 1248 Vindocinenfis,
1126 1211 1158 1243 &

269 1312 358 1345 naabi
376 1337 386 1352 ‚
408 1311 544 1345 carnibus
570 1309 718 1352 vescitur,
744 1310 777 1343 (τ
797 1307 1161 1351 οωηῐηόιΚεέιιΙιῙαηᾶα

269 1367 433 1395 contrarius
446 1387 456 1401 ,
479 1364 638 1403 perniciem
661 1366 770 1394 animae
793 1358 855 1402 suae
878 1366 910 1392 in
920 1365 1019 1392 carnis
1031 1367 1161 1400 turpitu-

270 1415 340 1445 dine
365 1421 500 1454 operatur
512 1436 520 1443 .

319 1462 424 1496 Lucet
439 1487 450 1502 ,
462 1462 595 1505 inquam
608 1486 618 1501 ‚
631 1460 724 1494 istam
735 1460 840 1504 legem
851 1459 926 1493 solis
940 1459 1074 1493 infirmis
1087 1459 1161 1492 fuis-

270 1514 302 1547 se
312 1512 484 1546 relaxatam
499 1525 510 1544 .·
538 1513 571 1546 ὃς
588 1510 757 1544 memorati
783 1511 865 1543 inter
884 1508 1108 1552 quadrupedes
1128 1509 1161 1541 δε

270 1563 403 1606 bipedes
428 1561 623 1596 discriminis
651 1559 774 1593 nullam
795 1569 874 1591 tunc
905 1556 1018 1589 vixisse
1040 1568 1162 1590 memo·

267 1614 350 1646 riam
368 1636 375 1642 .
404 1612 447 1645 Et
461 1621 569 1644 revera
579 1608 753 1642 discrimen
767 1606 831 1640 hoc
840 1616 924 1640 caret
940 1606 1033 1639 firmo
1049 1603 1161 1639 funda-

266 1669 384 1695 mento
396 1685 403 1693 .
430 1659 535 1703 Ipsum
549 1658 589 1692 ad
603 1656 709 1692 cordis
733 1657 887 1689 duritiam
910 1656 1080 1688 dumtaxat
1102 1655 1161 1688 dis-

267 1710 446 1755 pensatorie
459 1708 592 1743 indulsit
606 1709 635 1741 S.
653 1704 864 1743 Benedistm,
891 1704 1032 1746 ideoque
1044 1703 1161 1737 melior

268 1759 444 1804 postmodo
456 1757 628 1800 disciplina
641 1754 759 1789 merito
770 1753 943 1798 abrogavit
953 1778 963 1793 ,
991 1765 1029 1787 ac
1050 1753 1156 1787 altissi-

268 1809 320 1844 me
331 1809 488 1853 sepelivit.
501 1806 604 1854 Qod
620 1816 730 1840 tamen
748 1803 813 1838 haec
826 1803 1022 1837 abstinentia
1033 1815 1100 1837 non
1113 1803 1158 1837 ita

268 1860 394 1894 dudum
406 1858 476 1902 post
491 1857 576 1891 Petri
591 1854 745 1890 Damiani
759 1865 904 1896 tempora
914 1853 1011 1887 fuerit
1020 1853 1158 1897 graviter

266 1906 549 1950 laesa,demonstrat
560 1905 750 1940 venerabilis
763 1904 849 1938 Petri
861 1904 1011 1937 Mauritii
1026 1903 1157 1937 Clunia·

267 1959 368 1993 censis
382 1957 522 1992 Abbatis
534 1956 574 1990 ad
588 1957 660 1989 suos
675 1955 799 1988 Fratres
815 1954 979 1996 Epistola:
1006 1953 1157 1994 abstinent

267 2006 357 2053 eausa
370 2011 424 2041 Dei
436 2006 491 2049 ipfi
497 2011 580 2039 mimi
589 2007 642 2039 vel
651 2007 725 2038 lixae
749 2007 768 2037 ιί
785 2003 923 2038 carnibus
947 2008 1024 2036 omni
1046 2004 1157 2036 sabba·

267 2059 319 2092 tho
330 2083 339 2099 ‚
368 2056 514 2097 abstinent
526 2054 642 2098 insuper
649 2056 783 2096 plerique
801 2057 957 2101 Laicorum
969 2059 1048 2086 omni
1070 2065 1157 2095 quar-

269 2114 303 2141 ta
313 2133 323 2149 ‚
350 2106 494 2147 abstinent
503 2107 627 2148 quidam
638 2115 674 2139 ex
686 2103 752 2147 ipsis
770 2110 860 2137 eriam
872 2109 950 2136 omni
958 2101 1088 2146 secunda
1102 2108 1160 2137 Fe·

269 2163 330 2192 ria.
361 2161 397 2189 At
411 2161 538 2190 Fratres
554 2154 640 2195 nostri
652 2157 671 2187 5
701 2155 824 2188 Ordinis
837 2179 846 2193 ,
873 2153 1004 2193 caeiestis
1019 2152 1157 2195 Propofiti

268 2206 406 2241 Monacbi
417 2231 428 2246 ‚
453 2207 487 2239 Θ
499 2205 550 2239 hoc
563 2203 769 2248 cluniacenses
781 2227 792 2242 ‚
813 2202 913 2247 spreto
938 2207 1018 2243 Deo,
1045 2203 1157 2244 abjeHo

264 2258 376 2301 pudore
388 2281 398 2297 ,
409 2265 501 2289 totum
511 2280 521 2295 ,
539 2265 572 2288 ut
583 2255 691 2288 dicitur
706 2279 716 2294 ‚
728 2263 841 2287 annum
853 2278 863 2293 ,
887 2254 968 2286 nulla
970 2261 1082 2295 praeter
1088 2251 1158 2296 sex-

267 2318 332 2342 tam
355 2314 479 2348 excepta
501 2309 593 2338 Feria
604 2330 614 2345 ,
640 2309 672 2337 in
694 2302 883 2346 absumendis
908 2304 1044 2336 carnibus
1068 2310 1157 2336 conti-

269 2366 363 2391 nuant
374 2371 385 2390 .-
411 2366 460 2389 nec
469 2354 519 2388 hoc
525 2354 632 2399 saltem
654 2356 777 2392 occulte,
799 2352 855 2396 sed
860 2355 966 2395 palam
1003 2355 1036 2387 (rr
1044 2354 1159 2395 publice?

262 2407 414 2450 facientes
426 2431 433 2437 .
451 2404 533 2439 Non
547 2406 614 2439 fine
625 2407 717 2438 causa
726 2404 806 2438 dicit
819 2415 826 2435 ε
854 2407 899 2437 Et
914 2402 965 2436 hoc
988 2406 1159 2437 Cluniacen-

264 2455 314 2499 ses
324 2481 331 2488 .
343 2456 560 2490 cluniacense
571 2455 661 2489 enim
674 2453 876 2488 Coenobium
888 2453 949 2487 fuit
962 2454 1044 2487 olim
1058 2453 1158 2498 longe

268 2506 497 2540 sanstiffimum
509 2530 519 2545 ‚
547 2504 686 2548 ideoque
697 2515 820 2538 certum
832 2504 876 2538 est
891 2504 994 2546 ipsum
1018 2515 1086 2537 non
1111 2505 1155 2538 so·

268 2556 339 2590 lum
353 2555 525 2589 declinasse
538 2579 545 2587 .
558 2555 756 2589 Duodecimi
767 2554 871 2588 saeculi
884 2554 1037 2598 vigesimo
1047 2555 1155 2588 secun-

270 2605 316 2639 do
327 2617 415 2640 anno
426 2604 538 2639 Petrus
548 2605 672 2648 accepit
687 2604 895 2640 Abbatialem
919 2603 1035 2638 sedem
1045 2627 1052 2634 .
1073 2604 1154 2649 Qo

271 2665 362 2688 anno
373 2677 385 2693 ‚
408 2656 442 2689 ὅ(
453 2665 516 2696 qua
528 2655 696 2689 occasione
706 2655 836 2698 coeperit
848 2654 914 2688 haec
935 2652 1132 2688 deformatio
1141 2677 1152 2694 ,
1164 2652 1168 2722 Ι

272 2704 410 2747 ignoro.
436 2703 576 2738 Videtur
585 2703 651 2746 ejus
671 2705 842 2738 exordium
863 2715 932 2737 non
958 2704 1025 2738 fine
1042 2703 1154 2738 funda-

272 2762 386 2786 mento
397 2752 509 2795 colligi
521 2764 561 2786 ex
575 2754 722 2788 Roberto
748 2753 879 2788 Abbate
901 2754 1068 2788 Montenli
1081 2779 1091 2794 ,
1117 2726 1167 2789 ini

272 2801 452 2846 appendice
465 2801 504 2833 ad
517 2802 715 2846 Sigebertum
735 2803 1004 2838 Gemblacensem
1018 2816 1025 2836 ε
1054 2796 1167 2847 Πρωὶ-Ι

273 2864 330 2885 nus
347 2855 468 2885 Pontius
480 2850 580 2884 Abbas
590 2851 796 2890 Cluniacensss,
804 2855 869 2888 crim
880 2854 968 2887 vellet
978 2854 1022 2886 ad
1029 2864 1152 2896 unguem
1164 2858 1166 2880 i

273 2909 411 2944 corrigere
420 2900 541 2944 exceffus
549 2906 581 2933 in
592 2901 653 2933 cibo
665 2925 675 2941 ‚
687 2903 720 2934 Θ
730 2907 762 2933 in
773 2901 875 2939 vestitu
885 2904 1080 2943 quorumdam
1093 2896 1166 2959 ΜωΙ

273 2952 430 2985 nachorum
442 2975 452 2991 ,
477 2957 528 2992 qui
539 2949 684 2983 exteriora
701 2949 828 2992 ejusdem
852 2950 1014 2990 Monasterii
1037 2959 1151 2996 negotia

272 3001 445 3036 sraelabam
457 3025 467 3041 ,
489 2998 711 3044 insurrexerunt
723 3006 755 3032 in
766 3011 831 3033 eum
840 3025 849 3040 ‚
867 3002 901 3034 <vs
910 2999 1050 3042 crescente
1053 3001 1150 3043 fimul-

273 3060 338 3085 tate
348 3049 437 3094 accus
431 3059 554 3084 averunt
568 3062 633 3084 eum
645 3055 678 3082 in
685 3047 847 3091 praesbntia
859 3048 1012 3092 Pascbalis
1025 3053 1150 3086 Secundi

275 3103 371 3142 Papae
381 3102 418 3134 de
427 3099 603 3143 quibusdam
609 3100 787 3143 graviffimis
801 3101 938 3140 capitulis
952 3124 961 3138 ,
970 3101 1037 3134 licit
1040 3100 1127 3142 falsis
1141 3127 1149 3135 .

273 3149 389 3193 ,Quibus
403 3151 467 3182 cum
477 3151 686 3194 dedignaretur
705 3147 898 3191 respondere,
926 3150 1023 3183 dicens
1043 3160 1094 3184 nec
1114 3152 1151 3185 de

273 3197 450 3242 accusatione
460 3211 556 3233 eorum
560 3198 594 3243 se
603 3211 705 3233 curare
715 3223 725 3239 ‚
736 3209 826 3240 neque
835 3200 872 3232 de
885 3197 1011 3232 abbatia
1022 3224 1029 3231 .
1056 3201 1151 3242 Confi-

273 3249 364 3283 debas
375 3253 451 3281 enim
461 3250 495 3282 ό·
505 3255 536 3281 in
548 3249 625 3282 bona
637 3247 810 3290 conscientia
819 3271 830 3287 ‚
840 3250 875 3282 δ’
885 3254 917 3280 in
922 3260 1027 3291 genere
1038 3261 1045 3280 ε
1070 3257 1153 3292 utpo.

274 3309 304 3332 tc
312 3298 397 3340 filius
407 3301 536 3330 Comitis
548 3298 746 3342 Mergulenfis.
776 3303 876 3332 Invito
888 3300 974 3339 Papa
995 3298 1150 3333 Abbatiam

273 3349 442 3390 relinquens
453 3371 464 3387 ,
477 3345 694 3389 Hierosolymam
703 3353 852 3389 perrexit.
864 3352 902 3381 At
911 3348 954 3380 illi
963 3349 1106 3383 durantes
1117 3356 1149 3384 in

270 3397 328 3444 sua
341 3398 459 3431 malitia
469 3421 479 3438 ,
507 3397 651 3440 elegerunt
654 3396 709 3439 fibi
721 3397 861 3433 Abbatem
871 3402 1020 3444 Hugonem
1029 3423 1041 3442 ,
1068 3401 1149 3435 Prio-

371 3446 477 3489 christ.
492 3450 571 3493 Lupi
583 3451 671 3493 Oper.
684 3449 760 3483 Toni.
772 3450 821 3484 IV.

266 267 396 300 carnalis
409 265 549 298 illecebrae
561 273 630 299 vota
652 264 831 306 complesset,
858 273 917 295 ecce
935 270 1063 303 px

266 318 369 350 lucium
380 315 506 357 Dapis‘er
517 316 623 348 attulit
637 340 647 354 ‚
673 317 707 349 δ’
720 321 752 346 in
762 312 797 355 se
816 310 1044 354 convescentium
1063 312 1155 343 oculos

1229 126 1838 172 N0N1Acr15.
1943 127 2044 185 369'

1217 223 1277 244 rem
1290 216 1480 244 Marciniaci.
1508 213 1576 254 ‚Quo
1585 211 1724 253 deflendo
1735 211 1821 253 infra
1840 215 1970 253 primum
1991 225 2104 247 annum

1218 259 1260 300 sui
1271 269 1421 305 regiminis
1433 287 1443 302 ‚
1469 261 1613 304 elegerunt
1624 263 1784 303 quemdam
1789 261 1917 302 strenuae
1934 252 2100 296 ‘stabilitatis

1211 313 1353 351 juvenem
1370 336 1380 351 ,
1391 317 1505 345 nomine
1517 313 1639 344 Petrum
1651 338 1658 345 .
1675 313 1826 355 ,Quomodo
1838 319 1936 345 autem
1941 311 2103 353 praedfflus

1221 364 1341 395 Pontius
1353 363 1390 394 de
1410 360 1606 404 Hierosolymis
1629 363 1769 402 rediens,
1805 368 1913 394 iterum
1939 361 2104 403 Abbati-e,

1219 416 1262 443 cui
1273 418 1501 445 renuntiaverat
1513 436 1522 451 ,
1545 412 1664 455 praeeffe
1672 412 1785 452 voluit,
1810 412 1991 452 &quomodo
2012 410 2103 455 schis-

1219 470 1296 494 mate
1303 462 1391 503 fabio
1402 469 1434 494 in
1441 463 1539 494 eodem
1551 462 1721 502 Monasterio
1743 462 1868 495 multum
1892 461 2014 494 humani
2031 460 2105 504 san-

1213 518 1316 554 guinis
1331 510 1450 553 effusum
1466 511 1502 550 est
1515 536 1524 550 ‚
1533 514 1629 552 pudet
1642 513 1736 545 dicere
1746 538 1753 545 .
1781 511 1930 553 Remanfis
1941 520 2042 544 tamen
2053 523 2104 545 ve-

1220 562 1343 595 nerabili
1357 565 1445 595 Petro
1457 567 1586 604 regimen
1596 560 1791 601 cluniacensis
1814 561 1980 602 Monasterii
1993 585 2004 602 ,
2025 562 2106 604 quoii

1218 611 1314 644 adhuc
1341 609 1468 654 disponit
1496 635 1506 651 ,
1543 610 1704 654 transac‘lis
1730 613 1838 646 exinde
1859 611 1971 646 duobus
1991 617 2100 644 annis.

1220 664 1346 694 Pontius
1360 664 1429 694 vero
1438 667 1471 692 in
1480 661 1653 701 *Monasterio
1665 685 1676 701 ‚
1702 663 1781 704 quod
1790 671 1914 695 vocatur
1925 666 2031 695 cavea
2042 685 2052 700 ,
2061 662 2105 694 ad

1217 711 1352 743 ultimum
1363 719 1494 742 mortuus
1504 709 1541 747 est
1554 734 1560 741 .
1577 710 1756 744 Eieuionivs
1768 711 1902 745 schisma
1912 712 1954 746 ad
1963 713 2106 746 laceran-

1218 760 1292 793 dam
1306 759 1582 793 Monasteriorum
1601 759 1806 803 disciplinam
1818 761 1864 793 est
1875 760 1976 806 longe
1991 771 2105 804 poten-

1219 809 1374 845 tiffimum
1386 833 1393 840 .
1433 807 1535 843 Plane
1557 809 1712 843 existimo
1736 810 1973 844 commifl‘uma
1985 810 2105 845 Mona.-

1220 859 1304 893 sterii
1326 858 1592 894 Procuratoribus
1606 861 1658 893 seu
1681 859 1894 903 Apocrisariis
1912 859 1948 893 in
1958 858 2035 894 cibo
2054 871 2104 894 ex-

1219 909 1471 953 ceffumabipso
1483 910 1664 944 traducium
1692 910 1731 944 ad
1756 911 1860 954 ipsum
1881 919 2103 950 conventum,

1221 961 1373 1003 atqueita
1385 959 1484 994 etiam
1504 959 1545 994 ad
1562 960 1640 994 alias
1660 960 1804 1004 ejusdem
1826 960 2105 1005 Congregationis

1221 1010 1373 1045 familias..
1399 1010 1440 1043 Et
1459 1008 1523 1045 haec
1535 1009 1675 1044 ormino*
1697 1012 1759 1044 fuit
1770 1022 1888 1046 unaex
1911 1010 2033 1049 causis,
2058 1009 2104 1045 ob

1220 1072 1298 1104 quas
1313 1058 1475 1094 Robertus
1489 1061 1580 1094 Prior
1601 1061 1634 1095 <Sc
1657 1061 1712 1095 alii
1736 1060 1840 1095 Zelofi
1862 1062 1972 1096 fratres
1992 1060 2105 1094 disces-

1221 1112 1326 1144 serunt
1338 1111 1424 1144 esuo
1441 1109 1646 1144 Molismenfi
1661 1110 1864 1144 Monasterio
1876 1135 1886 1150 ‚
1912 1111 1945 1145 δε
1968 1110 2010 1144 ad
2030 1120 2105 1146 exa-

1220 1161 1266 1195 &e
1292 1160 1479 1195 servandam
1506 1161 1610 1195 sancii
1635 1159 1802 1194 Benediffi
1823 1161 1966 1204 regulam
1991 1159 2107 1194 funda-

1223 1212 1286 1244 rint
1311 1210 1511 1245 Coenobium
1539 1209 1745 1244 Cistertiense
1759 1235 1766 1242 .
1794 1210 1954 1244 Attamen
1974 1210 2008 1243 &
2028 1209 2108 1244 Clu-

1222 1262 1370 1294 niacense
1394 1259 1571 1295 venerabili
1595 1261 1654 1295 suo
1676 1259 1800 1294 Abbati
1823 1260 1921 1294 Petro
1941 1259 2106 1294 obedivit.

1224 1310 1354 1346 Etenim
1379 1310 1412 1343 in
1439 1311 1541 1354 prima
1571 1311 1624 1345 sua
1652 1309 1796 1354 Epistola
1819 1310 1953 1345 Sanctus
1974 1309 2109 1344 Bernar-

1221 1360 1280 1394 dus
1306 1360 1410 1404 ipsum
1432 1369 1524 1394 notat
1539 1386 1550 1401 ,
1578 1372 1645 1395 non
1669 1360 1757 1403 quod
1778 1371 1910 1400 carnes,
1937 1359 1990 1394 sed
2015 1359 2108 1393 dumi·

1221 1420 1311 1444 taxat
1334 1409 1422 1453 quod
1448 1411 1561 1444 vinum
1586 1410 1948 1451 bibentes&mulsum,
1974 1409 2109 1444 ederent

1222 1461 1353 1503 pinguia
1370 1483 1380 1499 ‚
1415 1459 1551 1493 frixuras
1574 1461 1709 1502 piscium
1730 1471 1808 1493 cum
1832 1460 1920 1494 ficcis
1943 1458 2050 1493 herbis
2075 1459 2110 1492 &

1220 1508 1419 1542 aromatibus
1431 1534 1438 1540 .
1466 1507 1571 1543 Addit
1583 1509 1808 1543 cistertienses
1820 1510 1904 1543 vesci
1918 1509 1995 1543 solis
2016 1509 2111 1542 oleri-

1220 1557 1300 1596 bus,
1326 1557 1406 1590 fabis
1423 1580 1433 1596 ‚
1459 1557 1603 1600 pultibus
1616 1581 1626 1597 ‚
1642 1570 1725 1600 pane
1736 1558 1878 1593 cibario:
1907 1556 2111 1593 Condimen-

1220 1619 1290 1640 turn
1306 1605 1368 1640 esse
1392 1607 1488 1640 salem
1501 1607 1535 1641 δε
1548 1608 1686 1641 famem.
1714 1607 1818 1656 Qod
1833 1609 1936 1652 ipsum
1959 1609 1994 1641 in
2007 1607 2110 1652 prima

1219 1658 1274 1689 sua
1299 1655 1444 1697 Epistola
1468 1656 1577 1689 scribit
1599 1656 1780 1699 Stephanus
1791 1657 2009 1692 Tornacenfis
2024 1658 2112 1702 Epis·

1218 1715 1340 1748 copus.
1363 1703 1436 1738 Nec
1446 1703 1686 1746 dubitandum,
1713 1707 1793 1749 quin
1816 1707 2040 1741 Cluniacenfis
2065 1717 2110 1741 re-

1219 1752 1375 1788 formatio
1403 1755 1499 1792 fuerit
1518 1755 1661 1791 traducta
1685 1757 1722 1792 in
1739 1767 1847 1792 toturn
1869 1768 1986 1801 corpus
2016 1758 2108 1793 istius

1218 1804 1496 1849 Congregationis
1505 1829 1513 1838 .

1267 1854 1392 1889 Verum
1406 1867 1474 1890 non
1488 1857 1712 1899 perseveravit.
1741 1858 1876 1892 Etenim
1888 1869 1957 1892 non
1982 1859 2028 1892 ita
2049 1857 2112 1894 du.-

1218 1904 1298 1939 dum
1326 1905 1396 1947 post
1424 1906 1544 1949 scripsit
1570 1907 1611 1941 ad
1641 1907 1807 1941 Abbatem
1830 1909 1866 1942 δε
1891 1903 2108 1944 'Conventum

1217 1954 1443 1989 Sublacensem
1465 1955 1679 1990 Innocentius
1705 1958 1819 1991 tertius
1846 1957 1977 2000 plenam
2000 1959 2107 1992 multa

1217 2005 1451 2039 reformatione
1478 2005 1661 2048 Epistolam
1677 2031 1687 2046 ,
1715 2006 1750 2041 in
1773 2018 1836 2052 qua
1855 2007 1900 2041 est
1922 2005 1976 2041 hic
2002 2008 2103 2044 etiam

1215 2055 1370 2089 articulus
1384 2069 1395 2089 .-
1422 2059 1462 2088 In
1482 2055 1651 2097 Refec‘lorio
1667 2058 1765 2090 nulius
1786 2060 1902 2091 omnino
1926 2069 2012 2091 carne
2037 2057 2103 2101 ves-'-

1215 2112 1295 2138 eatur
1316 2130 1323 2136 .
1350 2110 1418 2139 Nec
1438 2112 1470 2138 in
1491 2105 1666 2150 quibusdam
1685 2105 1918 2150 solemnitatibus
1930 2133 1939 2148 ‚
1960 2107 2034 2149 ficut
2045 2109 2104 2141 ali·

1215 2156 1331 2198 quando
1337 2155 1404 2198 fieri
1413 2154 1563 2199 consuevit
1576 2181 1586 2196 ‚
1613 2161 1788 2190 Conventus
1809 2167 1897 2192 exeat
1919 2169 1982 2192 cum
2003 2158 2100 2191 Abba-

1214 2215 1244 2239 te
1257 2229 1267 2245 ‚
1288 2206 1443 2248 pauci-sibi
1471 2206 1580 2240 reia‘iss
1594 2230 1604 2246 ,
1628 2217 1662 2240 ut
1681 2215 1765 2241 extra
1785 2206 1983 2249 Reft‘c‘lorium
2005 2210 2099 2243 edant.

1215 2267 1338 2289 carnes:
1367 2257 1512 2289 cumillis
1525 2256 1626 2290 diebus
1632 2259 1783 2300 praecipud
1796 2260 1953 2302 Reguiaris
1964 2257 2096 2301 discipli-

1215 2317 1255 2338 na
1272 2305 1466 2348 fitstudioffiis
1478 2304 1680 2349 observanda.
1710 2310 1768 2342 Sed
1788 2319 1839 2342 nec
1858 2311 1946 2343 extri?
1967 2308 2097 2352 Refee‘lo-

1214 2361 1311 2394 rium,
1333 2354 1388 2396 nifi
1393 2363 1425 2389 in
1435 2358 1650 2400 Inftmatorio,
1676 2357 1757 2401 esum
1765 2364 1898 2392 cai-nium
1909 2361 2032 2392 credant
2039 2357 2096 2400 fibi

1214 2408 1297 2440 licere
1310 2431 1318 2437 .
1344 2408 1538 2449 ,Quamquam
1546 2419 1583 2441 ex
1594 2409 1780 2453 indulgentia
1789 2411 1870 2451 poffit
1884 2408 1984 2442 abhas
2006 2416 2095 2442 inter-

1216 2458 1291 2488 dum
1302 2457 1416 2498 aliquos
1419 2456 1558 2498 fratrum
1571 2483 1582 2498 ,
1593 2470 1667 2492 nunc
1676 2459 1727 2492 bos
1737 2484 1749 2502 ,
1764 2471 1839 2493 nunc
1850 2461 1915 2493 illos
1929 2483 1939 2499 ‚
1947 2467 2035 2502 prout
2047 2471 2095 2493 ne-

1215 2507 1323 2546 cessitas
1331 2506 1523 2547 postulaverit
1534 2533 1546 2549 ,
1572 2511 1719 2543 advocare
1734 2534 1743 2549 ,
1762 2508 1892 2553 ipsosque
1897 2508 1994 2553 secum
2005 2516 2038 2542 in
2050 2522 2097 2542 cae-

1213 2567 1295 2589 mera
1302 2554 1360 2598 sua
1371 2558 1472 2590 melius
1484 2560 1519 2592 et
1526 2560 1647 2600 plenius
1658 2558 1797 2594 exhibere
1808 2585 1815 2591 .
1840 2559 1955 2594 Exstat
1969 2558 2095 2605 Episto-
2113 2553 2184 2591 ΩὲΨ·
2207 2552 2234 2584 ὅ·

1214 2605 1244 2638 la
1270 2605 1354 2649 apud
1379 2605 1577 2651 Gregorium
1601 2620 1726 2643 nonum
1751 2609 1808 2644 sub
1829 2610 1927 2644 titulo
1948 2608 1989 2644 de
2011 2611 2095 2646 stam

1213 2654 1478 2702 Monachorum.
1510 2658 1549 2692 Et
1563 2658 1597 2692 in
1615 2660 1672 2693 suo
1699 2659 1876 2703 Spicilegio
1898 2661 2003 2693 Lucas
2026 2660 2095 2692 Da-

1212 2703 1339 2738 cherius
1350 2705 1483 2739 inseruit
1498 2709 1620 2741 statura
1631 2708 1777 2742 abbatum
1788 2710 1909 2741 Ordinis
1923 2712 1951 2742 5.
1967 2711 2093 2743 Benedi-

1213 2754 1252 2787 δὶὶ
1264 2759 1296 2787 in
1306 2757 1466 2788 Provincia
1477 2756 1663 2799 Narbonensi*
1670 2761 1715 2791 ad
1724 2758 1943 2798 restaurandam
1967 2758 2095 2802 discipli·

1213 2816 1285 2837 nam
1297 2806 1483 2847 regularem,
1507 2808 1703 2849 approbativa
1727 2812 1862 2852 Gregorio
1889 2811 1976 2850 Papa
1998 2821 2090 2842 nono.

1215 2856 1293 2889 Haec
1310 2855 1417 2889 Sancti
1439 2855 1543 2891 Patris
1561 2856 1602 2891 de
1621 2858 1771 2892 carnibus
1793 2858 2021 2895 abstinentiam
2039 2872 2092 2894 co·

1214 2914 1332 2939 nantur
1359 2905 1510 2941 reducere
1530 2932 1540 2948 ‚
1567 2908 1599 2942 ὃ(
1619 2908 1703 2942 varia
1727 2908 1892 2943 lanciunt.
1922 2910 2092 2954 Longiora

1213 2956 1311 2995 sunt,
1333 2955 1473 2999 ideoque
1485 2957 1519 2990 in
1540 2958 1595 2991 suo
1619 2960 1714 2993 fonte
1734 2959 1891 2996 videnda.
1922 2959 2031 2993 Etiam
2055 2961 2091 2993 in

1212 3003 1414 3039 Londiuenfi
1427 3007 1480 3040 sua
1492 3007 1630 3049 synodo
1653 3009 1760 3042 statuit
1773 3007 1955 3043 Cardinalis
1973 3008 2089 3050 Otho,

1212 3054 1365 3098 Gregorii
1380 3055 1459 3089 noni
1471 3067 1526 3099 per
1540 3056 1699 3101 Angiiam
1721 3058 1883 3103 Legarus:
1911 3061 2088 3094 Audivimus

1213 3105 1246 3137 (5
1258 3105 1355 3136 laetati
1361 3102 1463 3146 sumus
1477 3129 1486 3145 ,
1515 3107 1593 3148 quod
1604 3107 1736 3151 Religiofi
1748 3114 1810 3142 vIri
1821 3133 1832 3149 ‚
1860 3109 1985 3143 Abbates
1999 3111 2087 3143 Ordi-

1214 3159 1260 3186 nis
1272 3155 1302 3185 5.
1312 3155 1468 3187 Benediffl
1480 3164 1536 3196 per
1544 3158 1680 3200 angliam
1691 3158 1867 3202 constituti,
1881 3166 2085 3193 convenientes

1213 3210 1305 3244 nuper
1315 3210 1347 3234 in
1353 3201 1408 3245 suo
1431 3207 1557 3246 capitulo
1571 3208 1706 3250 generali
1721 3233 1730 3247 ,
1755 3217 1898 3250 tanquam
1913 3209 1972 3250 filii
1989 3212 2084 3250 juxta

1207 3252 1370 3297 sermonem
1378 3254 1579 3296 propheticum
1590 3259 1634 3289 ad
1637 3256 1708 3300 suos
1721 3265 1859 3292 terminos
1880 3269 2060 3292 revertentes
2070 3280 2081 3296 ,

1206 3304 1336 3343 provide*
1341 3302 1510 3342 statuerunt
1522 3330 1532 3345 ,
1546 3315 1579 3338 ut
1594 3308 1631 3340 de
1641 3305 1907 3349 caeterosecundi'im
1919 3311 1945 3341 5.
1962 3308 2082 3339 Benedi-

1209 3352 1250 3384 iit
1261 3353 1403 3395 Regulam
1415 3378 1425 3394 ‚
1451 3354 1490 3387 ab
1502 3353 1548 3397 esu
1565 3361 1699 3389 carnium
1710 3357 1837 3390 debeant
1849 3358 1984 3396 abstinere
1997 3379 2006 3394 ‚
2033 3366 2084 3388 ex-

1208 3407 1298 3446 ceptis
1309 3402 1456 3440 debilibus
1470 3405 1504 3439 &¹
1519 3405 1650 3448 infirmis
1662 3431 1671 3446 ,
1697 3408 1802 3449 quibus
1824 3407 1908 3442 debet
1927 3404 2085 3447 secundum

1601 3453 1692 3492 Aaa
1965 3451 2038 3499 eiust
