2352 3736
60 303 127 339 Mt.
149 315 177 334 ι..

56 802 134 841 cap.

400 141 460 182 ‘ne
495 137 689 181 SxmomAE
725 147 934 192 camme,
970 148 1020 177 m
1056 143 1197 178 vimus
1236 146 1295 176 AD
1329 130 1453 176 usim
1487 139 1814 178 SPECTANTISUS.

232 218 439 265 dmaiuiast
452 248 463 264 ‚
487 224 671 266 &quoniam
691 228 756 255 erat
779 221 860 253 utilis
873 240 883 258 ‚-
907 227 964 261 pro
989 214 1114 258 consola-

231 280 309 313 ame
329 273 530 307 damnationis
541 272 580 305 ab
591 276 706 316 Ignatio
718 268 898 303 patriarcba
908 265 1111 308 eartopbylax

231 322 352 366 ffuvios
361 323 397 364 est
409 349 415 355 .
442 321 603 366 scripserat
613 327 694 355 enlm
706 323 795 363 Papa
804 318 953 352 Romanus
967 340 978 355 ,
1005 322 1037 348 ut
1051 315 1114 348 alia

231 374 318 408 illum
334 398 345 415 ‚
381 382 501 416 excepto
518 373 682 406 sacerdotio
703 396 715 412 ,
739 376 974 413 quantacumque
997 364 1089 398 vellet
1102 388 1112 404 ,

234 425 384 469 dignitate
404 425 533 457 ditaret.
559 421 760 466 photiana-s,
786 418 921 461 inquam
947 439 959 456 ‚
985 414 1113 449 ordina-

231 475 344 509 tiones
353 473 389 507 N
392 474 513 509 icolaus
522 471 689 518 primus&
698 468 867 502 *Adrianus
877 466 946 499 secu
953 464 1034 499 ndus
1046 466 1113 500 fu·-

231 534 310 558 runt
321 522 404 559 adeo
414 520 596 562 detestat-i‚'
611 530 648 554 ut
658 529 719 552 nec
729 518 764 551 in
786 515 851 551 isto
872 516 1002 556 Paulo,
1028 516 1112 549 surn-

232 585 291 609 mo
302 585 358 617 per
373 575 486 609 omnia
496 574 590 610 viro,
616 569 755 612 ipsarum
778 567 924 601 valorem
947 565 1113 600 voluerint

231 626 407 670 agnoscere
427 649 435 656 .
461 619 593 656 Affidue
611 629 666 652 eas
688 616 804 651 dicunt
831 616 938 650 nullas
960 640 972 656 ‚
998 626 1116 653 vanas,

232 685 352 709 vacuas
371 697 383 715 ,
405 672 537 709 irritas,
561 668 785 711 Photiumque
805 678 933 711 aequant
955 666 1114 699 Maximo

232 724 396 767 Cynico&
422 718 467 755 d'e
482 730 549 765 quo
570 719 673 763 prima
698 718 852 762 synodus
880 715 1115 750 Constantino-

231 773 374 819 pontana
386 784 397 804 .·
424 773 578 804 Maximus
589 780 683 812 neque
685 767 770 810 fuiffir
782 793 794 808 ‚
819 774 872 801 aut
891 766 1049 809 etiam-effe
1058 773 1114 806 pu-

229 824 309 859 tetur
322 819 485 864 Episcopus
503 844 513 861 ,
539 831 631 862 neque
640 819 688 857 bi,
710 818 765 861 'qni
775 816 816 850 ab
825 829 856 851 eo
865 818 999 849 ordinati
1017 815 1090 858 June
1103 839 1113 855 ‚

229 872 466 916 qualemcumque
485 871 617 915 gradum
637 871 803 902 clericatus
821 867 978 900 obtineant
990 890 1000 905 ‚
1025 871 1116 899 omni-

229 921 284 956 bus
291 919 419 964 scilicet,
443 931 510 963 qua
522 926 692 956 circaeam,
717 918 771 951 vel
792 917 831 950 ab
839 914 1035 960 eogestasunt
1048 938 1060 955 ‚
1083 921 1116 948 in

229 976 350 1005 irritum
359 977 521 1005 revocatis.
554 970 636 1006 Sane
657 966 850 1004 chrismatis
871 967 890 1002 ὲ
913 964 1039 1008 Photio
1062 973 1118 999 aut

230 1019 534 1056 Photianis'datum
545 1021 789 1054 Sacramentum
810 1016 997 1052 exsufflavit
1019 1026 1117 1057 atque

230 1071 362 1106 iteravit
385 1071 538 1105 Romana
561 1069 729 1110 Ecclesia,
751 1067 893 1112 ideoque
913 1067 1054 1110 idipsum
1077 1065 1118 1099 de

230 1121 465 1156 Ecclefiasticis
476 1118 752 1155 ordinationibus
770 1117 931 1151 censuisse
951 1116 1116 1151 existimat

231 1171 378 1215 praefatus
391 1172 533 1215 Joannes
544 1169 700 1205 Morinos
711 1195 718 1202 .

283 1222 331 1255 At
343 1231 467 1257 certum
479 1220 524 1255 est
534 1231 636 1254 errare
647 1245 654 1252 .
681 1218 854 1261 Nusquam
873 1216 915 1251 de
924 1215 1116 1259 substantia·

231 1271 259 1305 li
281 1267 446 1307 ordinum
466 1270 576 1304 valore
596 1294 607 1311 ,
645 1269 697 1303 sed
719 1268 759 1302 de
779 1268 847 1301 sola
869 1266 1060 1300 executione
1082 1266 1117 1299 ὅ(

234 1320 443 1356 ministrandi
455 1320 523 1364 jure
533 1331 609 1354 cum
621 1318 745 1353 Photio
757 1318 791 1351 &
814 1314 986 1351 photianis
1002 1318 1116 1350 ottava

231 1370 587 1414 Synodusdisputavit.
610 1367 821 1403 Lucidiffime
829 1367 863 1401 id
876 1376 965 1410 patet
977 1376 1020 1399 ex
1040 1365 1117 1399 astis

232 1420 473 1462 synodalibus.
499 1421 544 1455 Et
567 1418 645 1452 hinc
663 1419 806 1461 joannes
821 1418 989 1455 octavus,
1014 1416 1114 1449 Mari·

232 1480 297 1504 nus
322 1471 464 1514 primus,
490 1468 656 1503 Adrianus
691 1467 830 1506 tertius,
855 1466 889 1499 &
927 1463 1115 1508 Stephanus

231 1520 362 1560 sextus,
387 1519 444 1562 qui
466 1516 624 1552 Photium
648 1517 681 1551 &
702 1515 886 1551 Photianos
909 1516 1041 1549 tandem
1061 1526 1116 1557 per

228 1568 587 1613 poenitentiaelibellum
598 1577 784 1610 repararunt
803 1576 842 1599 ac
866 1575 1055 1608 receperunt
1079 1566 1115 1598 in

229 1618 371 1664 gradum
391 1642 403 1659 ,
430 1617 560 1661 penitus
595 1617 721 1651 nullam
746 1615 1001 1651 reordinationis
1035 1614 1114 1649 fece-

231 1677 309 1703 runt
322 1668 525 1702 mentionem
536 1693 546 1708 ,
572 1667 672 1713 longe
683 1668 791 1701 minus
802 1664 1044 1700 reordinarunt.
1072 1666 1115 1698 Et

228 1717 275 1752 de
294 1716 420 1753 Photio
433 1717 544 1752 scribit
559 1719 592 1752 in
613 1718 722 1751 Sansti
743 1716 865 1762 Ignatii
887 1715 952 1750 vita
977 1715 1115 1749 Nicetas

230 1766 404 1814 Paphlago
418 1782 428 1801 .·
454 1773 610 1810 Inprimis
624 1767 747 1801 Photius
757 1766 809 1799 hoc
819 1765 925 1809 agebat
936 1790 947 1806 ,
972 1773 1006 1798 ut
1030 1766 1116 1798 ordi-

229 1824 369 1858 natione:
406 1818 595 1852 Patriarchae
634 1815 873 1860 transmutaret,
899 1826 990 1857 atque
1015 1814 1053 1847 ab
1079 1826 1111 1848 eo

231 1868 393 1901 damnatos
400 1866 518 1912 fidibus
529 1869 687 1909 restitueret
698 1892 706 1899 .
733 1867 794 1900 Sed
802 1868 911 1900 cumid
933 1870 1111 1907 Imperatori

229 1928 294 1951 non
302 1918 476 1959 probaretur
486 1942 497 1958 ‚
524 1919 622 1951 videte
632 1918 708 1960 quid
716 1922 842 1950 tentarit
854 1942 861 1949 .
889 1914 1079 1958 consecratos
1096 1917 1116 1947 ὰ

229 1966 337 2000 Sanc'h
357 1970 475 2010 Ignatio
496 1966 643 2011 resacrare
666 1976 807 2002 conatur.
833 1968 928 2009 ,Quod
947 1976 1012 1998 cum
1033 1967 1117 2007 aequae?

225 2017 339 2060 parum
370 2015 530 2060 succederet
548 2042 558 2059 ‚
584 2017 735 2060 omnesque
769 2017 960 2060 indignissime*
990 2015 1115 2058 ferrent

229 2074 321 2109 aeque
330 2077 536 2100 execrarentur
547 2092 556 2107 ,
585 2078 621 2102 ne
630 2072 675 2100 ita
687 2068 809 2109 quidem
821 2065 930 2106 defecit
943 2070 1091 2107 iniquitas
1104 2089 1116 2106 ,

231 2116 290 2151 &a
318 2115 362 2151 Et
375 2117 513 2151 iterum:
541 2121 587 2152 Et
606 2125 657 2158 tu,
689 2116 804 2156 Photii,
817 2117 922 2150 audita
934 2120 1036 2160 magni
1052 2117 1116 2147 Ba-

226 2165 284 2207 filii
288 2164 460 2209 sententia,
487 2166 808 2209 nibilrefhrmidabas,
832 2168 899 2200 cum
913 2167 950 2199 de
973 2172 1115 2209 quopiam

231 2216 471 2251 admirabundus
482 2220 564 2251 dixit
576 2243 587 2259 ‚
612 2218 724 2251 nullum
737 2229 775 2252 ex
784 2218 916 2250 omnibus
924 2223 1020 2249 totius
1032 2227 1116 2250 mun·

234 2265 271 2298 di
296 2266 526 2309 Haerefiarchis,
552 2275 604 2311 qui
615 2268 748 2310 fuerunt
770 2269 957 2311 quamplures
972 2291 983 2308 ‚
1010 2265 1114 2310 ausum

226 2314 315 2357 fuiffe
323 2314 471 2358 resacrare
482 2342 491 2358 ,
517 2327 630 2360 preter
642 2322 673 2351 E
675 2319 808 2358 astatium
820 2322 924 2358 Ancyra
934 2336 944 2342 -
959 2318 1116 2358 Galatam,

230 2367 316 2406 quus
336 2365 485 2408 nefarium
501 2366 594 2410 scelus·
613 2370 740 2407 synodus
767 2365 946 2414 Gangrenfis
973 2373 1114 2410 exponit-

231 2414 360 2449 Locum
383 2417 588 2461 posteriorem
611 2419 694 2459 scio,
724 2429 791 2452 non
814 2417 854 2452 de
878 2418 1114 2462 Episcoporum

229 2474 287 2498 aut
299 2464 504 2500 Clericorum
518 2492 528 2507 ,
555 2467 608 2501 sed
620 2468 661 2501 de
673 2468 835 2502 Altarium
847 2494 857 2510 ,
883 2480 963 2513 quas
983 2469 1001 2502 a
1025 2467 1115 2503 Pho-

231 2515 280 2548 tio
292 2514 388 2549 factas
400 2516 582 2551 exsufflavit
595 2518 628 2551 ὃς
640 2518 779 2552 Ecclesia
789 2544 800 2560 ,
814 2518 1115 2553 consecrationibus

232 2563 345 2608 loqui,
370 2575 503 2611 uterque
514 2577 621 2601 tamen
634 2569 774 2603 affirmat
794 2579 929 2603 omnem
956 2569 1115 2603 temerita-

233 2615 406 2650 remmam
417 2618 510 2651 fuisse
530 2627 608 2652 tunc
631 2618 795 2653 Orientali
819 2619 966 2654 Ecclefiae
988 2619 1115 2663 penitus

236 2658 408 2708 ignotam,
431 2666 603 2702 &dudum
616 2667 804 2703 damnatam
826 2669 859 2702 in
888 2669 1037 2703 Eustatio
1062 2670 1116 2703 Se-

237 2707 368 2767 §asten-o
380 2737 388 2745 ·
413 2715 532 2761 Neque
543 2729 585 2752 ex
600 2718 872 2753 Confirmationis
884 2719 1114 2754 exsufflatione

237 2758 348 2792 'nfeffl
366 2764 456 2802 Poffit
482 2768 664 2802 exsufflatio
690 2769 925 2804 ordinationis
949 2793 958 2803 ,
1000 2769 1114 2805 Ratio-

228 2817 313 2843 ”em
328 2809 445 2844 adduxi
456 2813 487 2846 in
501 2816 638 2852 Scholiis
649 2821 770 2854 oaavae
780 2820 907 2862 Synodi
920 2845 927 2853 .

287 2857 404 2893 Tertia
442 2864 573 2903 ‘luaeffio
606 2869 650 2901 est
674 2893 686 2910 ,
722 2881 763 2904 an
800 2870 841 2904 ad
881 2871 1111 2915 sexagesimum

236 2908 388 2941 ‘'Ravum
405 2932 415 2948 ³
444 2911 741 2953 quiHaereticorum
752 2918 989 2954 Ordinationes
1010 2921 1115 2954 exsuf-

236 2955 295 2990 fla
306 2981 318 2997 ⁹
343 2958 508 3002 vnlgafem
520 2960 749 3004 Apostolorum
761 2970 935 3004 Canonem
947 2970 1029 3004 reste
1041 2971 1113 3004 scri-

237 3004 293 3040 bat
306 3006 453 3042 laudatus
465 3010 639 3046 Morinus:
663 3019 790 3052 Nullum
808 3019 940 3062 Ecclefiae
957 3023 1112 3054 Decretum

238 3059 271 3087 in
279 3054 419 3096 favorem
432 3062 644 3094 Haereticarum
656 3066 878 3102 ordinationum
899 3069 1040 3104 hactenus
1060 3072 1112 3104 ad-

229 3105 313 3148 ferri
320 3107 410 3148 potest
423 3132 434 3148 ‚
448 3120 502 3151 quo
516 3113 726 3152 antiqutffimus
737 3117 786 3148 ille
798 3122 901 3152 Canon
913 3119 969 3153 bac
980 3126 1013 3153 in
1018 3129 1112 3162 parte

234 3159 425 3210 corrigatur?
451 3159 649 3203 Respondeo
661 3165 812 3207 negative
825 3189 832 3197 .
860 3169 995 3202 Etenim
1004 3169 1113 3205 Haere-

236 3205 295 3238 tici
306 3206 389 3239 olim
399 3209 539 3244 omnino
560 3221 652 3245 erant
673 3212 950 3257 Novarhnenses,
974 3229 1113 3262 quorum

236 3262 349 3290 tamen
362 3254 595 3294 Ordinationes
607 3271 675 3294 non
688 3263 850 3298 exsufflari
860 3288 872 3304 ,
898 3265 952 3299 sed
972 3269 1112 3304 omnino

234 3311 319 3338 ratas
330 3303 442 3339 haberi
458 3308 560 3342 sancit
577 3320 633 3352 per
651 3313 801 3347 octavum
821 3314 913 3348 suum
941 3314 1113 3352 Canonem

236 3354 460 3391 Sacro-Sancta
486 3358 642 3401 Synodus
666 3360 801 3397 Nicaena
820 3388 827 3396 .
854 3363 946 3399 Idem
971 3374 1023 3409 pet
1049 3367 1113 3412 spe-

233 3403 318 3442 clale
343 3405 523 3442 Decretum
548 3408 650 3443 sancit
674 3410 716 3446 de
749 3412 834 3449 datis
858 3414 895 3448 in
931 3414 1113 3453 Meletiano

335 3454 442 3498 christ.
449 3459 528 3501 Lupi
537 3461 701 3503 Oper.Tom.
706 3465 757 3496 IV.

1123 2793 1165 3519 l

1878 143 1985 190 τως

1174 212 1358 250 Schismate'
1374 214 1665 252 mutuationibus.
1692 214 1866 264 Ετῖηιὶοαᾶ
1887 216 1954 253 hoc
1974 230 2053 263 pun-

1173 267 1259 299 stum
1269 266 1354 300 inter
1365 267 1519 302 Haerefim
1528 268 1564 302 δε
1572 266 1718 302 Schisma
1730 268 1815 303 nihil
1824 271 1887 304 effe
1898 267 2055 304 discrimi-

1174 317 1223 348 nis
1233 317 1371 350 affirmat
1383 318 1563 361 frequenter
1572 318 1671 352 etiam
1689 319 1824 353 Sanetus
1846 319 2032 364 Cyprianus
2045 345 2052 351 .

1174 365 1217 398 Et
1229 366 1404 409 antiquum
1419 369 1572 403 universas
1584 367 1729 402 Ecclesia:
1739 392 1750 409 ‚
1777 379 1844 412 quo
1861 370 1923 403 soli
1944 371 2055 405 Haere·

1172 414 1299 449 siarchae
1312 416 1346 449 in
1365 417 1501 451 Laicam
1528 419 1701 453 dumtaxat
1712 442 1723 459 ,
1749 417 1826 463 lapsi
1849 428 1957 454 autern
1975 431 2053 455 cum

1171 464 1259 508 illis,
1285 466 1396 500 aut‘ab
1406 467 1472 502 illis
1483 469 1659 502 consecrati
1680 467 1831 513 Episcopi
1852 477 1912 503 aut
1931 469 2057 504 Clerici

1173 515 1272 549 etiam
1285 516 1320 549 in
1336 517 1384 550 sui
1392 515 1513 562 gindus
1525 519 1906 563 communionemrecipi
1927 519 2062 563 permit:-

1174 575 1311 606 tuntur,
1333 564 1626 601 Cano-'eihlaudat
1648 569 1784 603 sanstus
1805 567 2004 604 Athanasius
2019 568 2057 603 in

1174 615 1289 650 litteris
1299 614 1340 648 ad
1354 615 1552 659 Episcopum
1568 616 1813 654 Ruffinianum.
1825 618 1942 655 Alium
1956 621 2035 654 item
2048 643 2059 660 ‚
2077 642 2127 680 Ep.
2148 644 2211 671 ¹52¹

1174 676 1252 709 quov
1262 665 1495 701 consecratos&
1508 666 1675 709 Majorino
1697 668 1945 705 Donatistarum
1966 665 2062 705 1)τῖῐὶ-

1175 716 1247 758 cipe
1259 716 1438 759 Episcopos
1451 717 1486 750 in
1499 717 1591 750 suum
1604 716 1765 751 honorem
1777 722 1912 761 reparari
1927 720 2060 756 indulsit

1176 762 1381 800 Melchiades
1393 766 1554 801 Pontifex
1567 791 1578 807 ‚
1605 767 1714 801 laudat
1728 768 1761 800 in
1774 767 1889 802 litteris
1900 771 1940 804 ad
1965 768 2062 815 quos·-

1175 815 1252 849 dam
1264 815 1404 859 ejusdem
1416 817 1569 852 fastionis
1585 817 1782 861 Episcopos‚
1813 819 1847 852 ὃς
1858 817 1875 850 ὲ
1887 819 2062 865 Carthagi-

1175 865 1262 899 nenfi
1275 866 1455 900 collatione
1464 868 1651 902 confirmari
1665 868 1699 901 &
1713 868 1865 902 innovari
1885 870 1965 903 fecit
1986 871 2061 903 San·

1175 917 1242 949 &us
1254 915 1459 961 Augustinus
1472 943 1478 950 .
1493 917 1657 952 Plurimos
1667 929 1705 951 ex
1719 920 1813 952 omni
1826 918 1928 953 ferme
1938 919 2060 954 Haerefi

1177 966 1210 1000 &
1225 965 1405 1002 §chismate
1417 966 1596 1012 Episcopus
1607 969 1641 1002 &
1654 969 1800 1003 Clericos
1815 968 1850 1002 in
1871 970 1936 1010 suis
1955 970 2063 1014 gradi-

1178 1015 1236 1050 bus
1249 1018 1467 1061 recepit‘olim
1478 1018 1589 1052 omnis
1601 1019 1660 1053 sub
1669 1019 1754 1053 coelo
1768 1019 1906 1054 Ecclesia
1918 1045 1928 1061 ,
1955 1021 1989 1054 ὅ(
2002 1030 2061 1054 nec

1177 1077 1263 1100 unus
1283 1067 1410 1103 ostendi
1434 1069 1530 1112 poffit
1555 1068 1648 1103 fuiffe
1669 1070 1842 1104 resacratus
1853 1094 1860 1102 .
1888 1069 2064 1105 Addu'stus

1177 1118 1253 1150 vero
1279 1116 1517 1161 Apostolorum
1546 1119 1689 1164 vulgaris
1719 1120 1838 1153 Canon
1866 1120 1911 1154 est
1941 1120 2063 1154 nullius

1179 1167 1351 1210 ponderis:
1380 1169 1519 1203 Putatur
1531 1172 1594 1204 effe
1604 1170 1711 1204 Sansti
1726 1169 1909 1204 Firmiliani
1920 1195 1932 1211 ,
1958 1182 2064 1205 erran*

1178 1216 1219 1250 tis
1230 1229 1305 1252 cum
1317 1218 1430 1254 Sancto
1442 1219 1615 1264 Cypriane
1630 1246 1637 1253 .

1226 1268 1352 1316 Qarta
1363 1269 1495 1313 quaestio
1508 1271 1552 1304 est
1565 1295 1575 1311 ‚
1602 1282 1642 1304 an
1658 1272 1691 1306 δε
1704 1271 1805 1305 activa
1816 1271 1850 1305 &
1862 1272 1979 1314 passiva
1992 1271 2065 1306 Ma-

1176 1317 1260 1351 ximi
1273 1318 1395 1365 Cynici
1410 1320 1587 1355 Ordinatio
1605 1319 1624 1353 a
1646 1322 1791 1364 superius
1812 1322 1951 1356 addusto
1975 1321 2064 1357 Con-

1177 1366 1474 1412 stantinopolitano
1486 1370 1778 1413 Canonejudicata
1789 1371 1828 1405 sit
1840 1372 1929 1405 irrita
1942 1395 1952 1410 ‚
1965 1382 2065 1415 atque

1176 1418 1377 1453 exsufflanda
1392 1421 1410 1451 ,ἓ
1434 1420 1587 1455 Affirmat
1602 1421 1751 1455 laudatus
1762 1421 1918 1455 Morinus
1929 1447 1938 1461 ‚
1952 1422 2067 1456 dicens

1177 1478 1254 1501 eum
1267 1469 1329 1502 effe
1341 1467 1518 1502 Theodori
1545 1470 1750 1503 Balsamonis
1762 1494 1772 1509 ‚
1799 1471 1935 1512 Ioannis
1958 1472 2066 1505 Zona-

1177 1528 1216 1550 rae
1227 1542 1238 1557 ,
1264 1518 1299 1551 &
1309 1517 1460 1552 omnium
1472 1519 1683 1562 antiquorum
1701 1518 1836 1554 Patrum
1849 1521 1976 1554 sensum
1988 1531 2068 1556 una·

1177 1568 1302 1600 nimem
1315 1591 1326 1607 ,
1352 1577 1452 1611 atque
1463 1567 1664 1613 adjungens:
1686 1572 1754 1603 Nec
1764 1570 1853 1603 aliter
1864 1572 1989 1615 intelligi
1996 1569 2070 1615 pos-

1171 1614 1266 1659 sunt,
1286 1617 1316 1658 fi
1323 1617 1422 1651 verbis
1435 1623 1500 1652 vim
1518 1616 1608 1661 suam
1622 1619 1737 1659 statam
1761 1620 1813 1663 effe
1834 1622 1961 1654 velimus
1978 1644 1990 1662 ,
2017 1632 2069 1655 nec

1176 1678 1241 1699 eam
1251 1675 1306 1708 pro
1318 1668 1405 1701 libitu
1424 1670 1459 1703 ὢ·
1478 1671 1622 1703 commodo
1646 1668 1737 1711 nostro
1756 1675 1967 1713 interpretari.
1998 1671 2070 1706 Ur-

1177 1726 1232 1760 get
1246 1714 1312 1753 haec
1321 1718 1471 1753 Canonis
1484 1719 1579 1754 verba
1592 1733 1599 1752 ι
1613 1724 1649 1752 ln
1660 1725 1781 1754 irritum
1793 1728 1939 1755 revocatis
1953 1748 1958 1753 .
1988 1722 2070 1755 Res-

1177 1766 1308 1809 pondeo
1321 1768 1405 1801 falli.
1433 1769 1567 1803 Etenim
1580 1770 1816 1806 Maximum&
1836 1771 1904 1815 ejus
1927 1771 2069 1806 Ordina-

1177 1826 1229 1852 tos
1267 1819 1415 1852 tranavit
1451 1819 1822 1864 Constantinopolitana
1846 1846 1857 1863 ,
1893 1822 2067 1865 quomodo

1177 1866 1363 1912 Georgium
1387 1867 1598 1904 Alexandriae
1623 1871 1782 1906 intrusum
1795 1881 1834 1905 ae
1848 1871 1947 1915 ipsius
1969 1873 2073 1915 Ordiq

1178 1926 1272 1952 natos
1281 1918 1344 1961 jam
1357 1919 1481 1962 pridem
1498 1922 1645 1955 trastarat
1655 1932 1697 1955 ex
1713 1921 1840 1956 vetusto
1853 1921 1995 1956 Canone
2008 1924 2068 1965 Sy-

1179 1967 1285 2002 nodus
1296 1969 1491 2004 Sardicenfis
1504 1995 1515 2010 ‚
1527 1969 1568 2005 de
1579 1981 1643 2014 qua
1660 1971 1695 2005 in
1710 1971 1827 2007 litteris
1840 1971 1880 2006 ad
1894 1971 2068 2008 Solitarios

1178 2019 1313 2052 Sanam
1334 2018 1550 2063 Athanafius;
1578 2021 1762 2064 stephanum
1787 2021 2040 2058 Antiochenum
2054 2047 2067 2064 ‚

1177 2068 1410 2110 minophantum
1420 2070 1598 2114 Ephesium
1613 2096 1624 2112 ,
1652 2077 1786 2106 Acacium
1802 2073 2044 2108 Caesaraeensem
2054 2096 2065 2113 ‚

1175 2117 1210 2151 ὅ(
1236 2122 1408 2162 Gra-goriam
1419 2121 1476 2165 qui
1498 2121 1671 2156 Laodiceae
1693 2135 1751 2166 pro
1777 2123 1943 2167 Episcopo
1964 2123 2030 2158 fuit
2052 2148 2066 2166 ,

1176 2168 1327 2212 Ursatium
1339 2169 1611 2214 Singidunensem
1625 2196 1636 2211 ‚
1662 2173 1696 2206 &
1719 2173 1874 2206 Valentem
1895 2173 2066 2208 Murcien-

1177 2221 1243 2254 sem
1256 2244 1266 2260 ,
1293 2220 1327 2254 ὅ(
1338 2219 1519 2255 Theodorum
1532 2221 1784 2257 Heracleensem
1798 2247 1810 2263 ,
1835 2223 1871 2257 δε
1891 2223 2067 2267 Narciffum

1178 2270 1377 2305 Neroniadis
1400 2271 1600 2315 Episcopum
1621 2271 1813 2315 deposuerunt
1835 2285 1845 2315 3
1872 2275 1991 2318 Georgii
2013 2285 2065 2307 au-

1176 2330 1236 2355 tem
1247 2332 1349 2354 nomen
1359 2323 1578 2355 Alexandriam
1590 2323 1661 2362 miffi
1669 2327 1714 2356 ita
1727 2328 1761 2356 in
1775 2324 1948 2357 damnando
1958 2328 2067 2358 recita-

1176 2381 1246 2405 runt
1257 2395 1267 2411 ,
1293 2381 1326 2405 ut
1338 2383 1388 2405 nec
1400 2384 1532 2415 unquam
1546 2385 1612 2406 eum
1624 2371 1801 2416 Epifitopum
1814 2398 1825 2414 ‚
1848 2384 1900 2407 nec
1912 2375 2036 2417 dignum
2050 2398 2065 2415 ,

1176 2428 1225 2465 qui
1262 2421 1448 2462 Christianus
1483 2424 1683 2466 appellaretur
1695 2448 1704 2463 ‚
1730 2422 1879 2466 censerent
1891 2450 1898 2456 .
1927 2422 2065 2467 Reftide-

1176 2481 1249 2505 runt
1261 2477 1340 2505 enim
1352 2484 1449 2505 omnes
1461 2474 1542 2505 illius
1554 2479 1586 2505 in
1604 2475 1715 2506 dandis·
1739 2474 1904 2507 Ordinibus
1926 2473 2062 2514 constitu-

1176 2528 1268 2556 tiones
1282 2546 1292 2561 ,
1317 2524 1526 2556 interdicentes
1561 2535 1597 2556 ne
1616 2522 1771 2566 quisquam
1790 2523 1829 2557 ab
1850 2535 1882 2557 eo
1903 2525 2062 2558 ordinatus

1176 2578 1207 2604 in
1218 2571 1344 2614 Ecclesia
1351 2574 1404 2606 vel
1412 2585 1516 2606 nomen
1522 2571 1572 2615 sui
1584 2574 1711 2607 Ordinis
1721 2574 1864 2607 obtineret
1875 2598 1883 2611 .
1910 2574 2062 2617 Synoda*

1177 2623 1205 2657 le
1217 2646 1227 2662 ‚
1253 2623 1341 2665 quod
1349 2624 1447 2657 etiam
1461 2623 1613 2657 Bafilium
1630 2624 1831 2667 Ancyrmae,
1857 2625 1891 2658 δε
1903 2625 2059 2673 Qintia-

1178 2684 1256 2707 num
1268 2672 1405 2707 Gazenfi
1420 2672 1590 2707 Cathedrae
1602 2674 1643 2707 ab
1655 2673 1788 2709 Arianis
1797 2675 1937 2708 intrusos
1947 2676 2063 2708 uasta?

1177 2724 1220 2756 vit
1233 2721 1348 2758 eodem
1360 2723 1460 2756 modo
1470 2746 1480 2762 ,
1491 2724 1667 2758 Decretum
1679 2725 1758 2759 latet
1769 2749 1778 2765 ‚
1792 2734 1849 2759 aut
1860 2724 1952 2767 periit
1963 2748 1973 2763 ‚
1986 2723 2058 2766 ejus

1176 2783 1284 2806 tamen
1297 2772 1531 2817 compendium
1544 2774 1682 2817 superest
1707 2775 1741 2807 in
1764 2773 1985 2818 Synodalibus
2003 2773 2056 2806 lit·

1176 2823 1251 2857 teris
1262 2822 1303 2856 ad
1315 2834 1431 2857 omnes
1441 2822 1499 2856 sub
1519 2824 1605 2857 coelo
1628 2823 1833 2858 orthodoxos
1854 2823 2031 2866 Episcopos
2042 2847 2050 2854 .

1175 2873 1343 2917 Insigniter
1354 2872 1436 2906 illud
1458 2873 1494 2907 in
1514 2875 1629 2908 ostava
1652 2874 1792 2917 Synodo
1812 2874 1963 2917 exposuit
1984 2872 2059 2907 Me-.

1175 2923 1350 2966 trophanes
1361 2923 1576 2966 Metropolita
1588 2925 1813 2966 Smyrnenfis:
1841 2925 1932 2956 Aliter
1955 2923 2057 2957 Eccle-

1168 2972 1288 3014 fiasticae
1300 2977 1394 3016 Leges
1406 2971 1564 3016 Episcopos
1573 2974 1612 3006 ab
1627 2972 1872 3014 Haerefiredullas
1884 2972 2048 3013 Judicant,

1174 3025 1305 3056 &aliter
1315 3028 1420 3067 eosqui
1439 3025 1460 3055 ἃ
1479 3023 1598 3056 moecbis
1621 3026 1656 3056 (3
1677 3022 1824 3065 sacrilegi:
1852 3031 1953 3055 contra
1976 3022 2050 3065 leges

1168 3071 1242 3116 sunt
1253 3077 1372 3105 initiati
1385 3098 1392 3105 .
1404 3072 1537 3107 Etenim
1551 3072 1585 3105 in
1599 3072 1716 3105 Haeresi
1729 3081 1784 3105 aut
1794 3069 1970 3106 Schismate
1982 3082 2054 3114 pro-

1175 3122 1274 3156 motis
1285 3122 1498 3165 Episcopis&
1512 3121 1673 3159 clericis,
1699 3120 1776 3155 licet
1797 3121 1918 3164 semper
1940 3121 2053 3166 degra-

1174 3171 1256 3206 darit
1268 3195 1279 3210 ‚
1306 3179 1363 3204 aut
1376 3170 1483 3213 potius
1497 3170 1545 3203 uti
1559 3170 1594 3203 in
1607 3170 1673 3215 ipsa
1685 3171 1932 3205 consecratione
1943 3169 2054 3215 degra-

1174 3222 1266 3256 datos
1279 3218 1425 3254 habuerit
1437 3219 1576 3253 Ecclesia
1591 3243 1603 3260 ‚
1630 3219 1693 3254 una
1715 3229 1825 3254 tamen
1849 3222 1973 3265 semper
1990 3221 2054 3255 ali-

1175 3282 1272 3315 quam
1285 3293 1296 3310 ,
1322 3270 1342 3302 si
1362 3279 1430 3302 non
1452 3268 1652 3313 regularem,
1677 3272 1762 3305 certe
1781 3270 2053 3314 dispensatoriam.

1175 3318 1386 3364 reparationis
1398 3319 1486 3363 spem
1499 3319 1648 3362 reliquia
1676 3330 1710 3354 at
1731 3320 1807 3355 vero
1829 3331 1884 3363 per
1907 3319 2053 3354 Schisma.

1176 3379 1232 3405 aut
1257 3368 1411 3403 Haetesim
1436 3367 1563 3403 intrusis
1591 3369 1764 3414 Episcopis
1774 3395 1785 3411 ‚
1819 3371 1853 3404 δε
1878 3371 1962 3404 datis
1980 3379 2050 3411 pro-

1176 3420 1242 3463 pria
1263 3419 1404 3463 ipsorum
1425 3429 1524 3454 manu
1537 3418 1720 3455 Ordiriibus
1743 3420 1831 3456 nihil
1856 3417 2053 3502 migid'speb‘

1577 3472 1611 3505 ο
1974 3475 2001 3503 it
