<?xml version="1.0" encoding="UTF-8"?>
<!DOCTYPE html PUBLIC "-//W3C//DTD XHTML 1.0 Transitional//EN"
    "http://www.w3.org/TR/xhtml1/DTD/xhtml1-transitional.dtd">
<html xmlns="http://www.w3.org/1999/xhtml" xml:lang="en" lang="en">
 <head>
  <title>
</title>
<meta http-equiv="Content-Type" content="text/html;charset=utf-8" />
  <meta name='ocr-system' content='tesseract 3.04.00' />
  <meta name='ocr-capabilities' content='ocr_page ocr_carea ocr_par ocr_line ocrx_word'/>
</head>
<body>
  <div class='ocr_page' id='page_1' title='image "./operaomniastudio04lupuuoft/operaomniastudio04lupuuoft_0197.png"; bbox 0 0 2352 3736; ppageno 0'>
   <div class='ocr_carea' id='block_1_1' title="bbox 57 1313 176 1349">
    <p class='ocr_par' dir='ltr' id='par_1_1' title="bbox 57 1313 176 1349">
     <span class='ocr_line' id='line_1_1' title="bbox 57 1313 176 1349; baseline 0.008 -7"><span class='ocrx_word' id='word_1_1' title='bbox 57 1313 109 1349; x_wconf 77' lang='grc' dir='ltr'>ΕΡ.</span> <span class='ocrx_word' id='word_1_2' title='bbox 128 1315 176 1343; x_wconf 77' lang='lat'>60·</span> 
     </span>
    </p>
   </div>
   <div class='ocr_carea' id='block_1_2' title="bbox 57 1737 216 1771">
    <p class='ocr_par' dir='ltr' id='par_1_2' title="bbox 57 1737 216 1771">
     <span class='ocr_line' id='line_1_2' title="bbox 57 1737 216 1771; baseline -0.031 -4"><span class='ocrx_word' id='word_1_3' title='bbox 57 1737 89 1767; x_wconf 74' lang='lat' dir='ltr'>L·</span> <span class='ocrx_word' id='word_1_4' title='bbox 107 1744 216 1771; x_wconf 59' lang='grc' dir='ltr'>ωας.</span> 
     </span>
    </p>
   </div>
   <div class='ocr_carea' id='block_1_3' title="bbox 58 2152 213 2188">
    <p class='ocr_par' dir='ltr' id='par_1_3' title="bbox 58 2152 213 2188">
     <span class='ocr_line' id='line_1_3' title="bbox 58 2152 213 2188; baseline -0.019 -8"><span class='ocrx_word' id='word_1_5' title='bbox 58 2153 89 2180; x_wconf 81' lang='lat'>1..</span> <span class='ocrx_word' id='word_1_6' title='bbox 116 2162 141 2182; x_wconf 70' lang='grc' dir='ltr'>ι,</span> <span class='ocrx_word' id='word_1_7' title='bbox 164 2152 213 2188; x_wconf 83' lang='lat' dir='ltr'>Ep.</span> 
     </span>
    </p>
   </div>
   <div class='ocr_carea' id='block_1_4' title="bbox 61 2200 107 2226">
    <p class='ocr_par' dir='ltr' id='par_1_4' title="bbox 61 2200 107 2226">
     <span class='ocr_line' id='line_1_4' title="bbox 61 2200 107 2226; baseline 0.043 -7"><span class='ocrx_word' id='word_1_8' title='bbox 61 2200 107 2226; x_wconf 83' lang='lat'>15.</span> 
     </span>
    </p>
   </div>
   <div class='ocr_carea' id='block_1_5' title="bbox 59 2762 218 2799">
    <p class='ocr_par' dir='ltr' id='par_1_5' title="bbox 59 2762 218 2799">
     <span class='ocr_line' id='line_1_5' title="bbox 59 2762 218 2799; baseline -0.007 -8"><span class='ocrx_word' id='word_1_9' title='bbox 59 2762 119 2791; x_wconf 68' lang='lat' dir='ltr'>Au„</span> <span class='ocrx_word' id='word_1_10' title='bbox 150 2769 218 2799; x_wconf 83' lang='lat'>997</span> 
     </span>
    </p>
   </div>
   <div class='ocr_carea' id='block_1_6' title="bbox 631 167 1047 215">
    <p class='ocr_par' dir='ltr' id='par_1_6' title="bbox 631 167 1047 215">
     <span class='ocr_line' id='line_1_6' title="bbox 631 167 1047 215; baseline -0.01 -2"><span class='ocrx_word' id='word_1_11' title='bbox 631 167 1047 215; x_wconf 59' lang='lat' dir='ltr'>REMENSE</span> 
     </span>
    </p>
   </div>
   <div class='ocr_carea' id='block_1_7' title="bbox 1116 162 1680 210">
    <p class='ocr_par' dir='ltr' id='par_1_7' title="bbox 1116 162 1680 210">
     <span class='ocr_line' id='line_1_7' title="bbox 1116 162 1680 210; baseline -0.007 -2"><span class='ocrx_word' id='word_1_12' title='bbox 1116 162 1680 210; x_wconf 70' lang='lat' dir='ltr'>Concttlum.</span> 
     </span>
    </p>
   </div>
   <div class='ocr_carea' id='block_1_8' title="bbox 1898 158 1992 217">
    <p class='ocr_par' dir='ltr' id='par_1_8' title="bbox 1898 158 1992 217">
     <span class='ocr_line' id='line_1_8' title="bbox 1898 158 1992 217; baseline 0.011 -13"><span class='ocrx_word' id='word_1_13' title='bbox 1898 158 1992 217; x_wconf 89' lang='lat'>187</span> 
     </span>
    </p>
   </div>
   <div class='ocr_carea' id='block_1_9' title="bbox 648 295 1634 390">
    <p class='ocr_par' dir='ltr' id='par_1_9' title="bbox 648 295 1634 390">
     <span class='ocr_line' id='line_1_9' title="bbox 648 295 1634 390; baseline -0.007 -2"><span class='ocrx_word' id='word_1_14' title='bbox 648 295 1325 390; x_wconf 81' lang='lat' dir='ltr'>CANON</span> <span class='ocrx_word' id='word_1_15' title='bbox 1457 296 1634 383; x_wconf 74' lang='lat' dir='ltr'>XI,</span> 
     </span>
    </p>
   </div>
   <div class='ocr_carea' id='block_1_10' title="bbox 238 459 1526 607">
    <p class='ocr_par' dir='ltr' id='par_1_10' title="bbox 238 459 1526 607">
     <span class='ocr_line' id='line_1_10' title="bbox 238 459 1526 607; baseline -0.009 -87"><span class='ocrx_word' id='word_1_16' title='bbox 238 469 424 607; x_wconf 87' lang='lat' dir='ltr'>NE</span> <span class='ocrx_word' id='word_1_17' title='bbox 455 471 556 538; x_wconf 82' lang='lat' dir='ltr'>quis</span> <span class='ocrx_word' id='word_1_18' title='bbox 591 462 842 522; x_wconf 81' lang='lat' dir='ltr'>incaestuosae</span> <span class='ocrx_word' id='word_1_19' title='bbox 875 464 1166 531; x_wconf 71' lang='lat' dir='ltr'>conjunffioni</span> <span class='ocrx_word' id='word_1_20' title='bbox 1202 459 1242 516; x_wconf 85' lang='lat' dir='ltr'>se</span> <span class='ocrx_word' id='word_1_21' title='bbox 1276 462 1526 535; x_wconf 72' lang='lat' dir='ltr'>copularet,</span> 
     </span>
    </p>
   </div>
   <div class='ocr_carea' id='block_1_11' title="bbox 419 663 924 710">
    <p class='ocr_par' dir='ltr' id='par_1_11' title="bbox 419 663 924 710">
     <span class='ocr_line' id='line_1_11' title="bbox 419 663 924 710; baseline -0.002 -4"><span class='ocrx_word' id='word_1_22' title='bbox 419 663 924 710; x_wconf 78' lang='lat' dir='ltr'><strong>SCHOLION·</strong></span> 
     </span>
    </p>
   </div>
   <div class='ocr_carea' id='block_1_12' title="bbox 223 803 1115 3538">
    <p class='ocr_par' dir='ltr' id='par_1_12' title="bbox 289 803 1111 849">
     <span class='ocr_line' id='line_1_12' title="bbox 289 803 1111 849; baseline -0.004 -8"><span class='ocrx_word' id='word_1_23' title='bbox 289 805 630 849; x_wconf 79' lang='lat' dir='ltr'>Ntercorruptaeolirn</span> <span class='ocrx_word' id='word_1_24' title='bbox 652 803 907 840; x_wconf 79' lang='lat' dir='ltr'>Christianitatis</span> <span class='ocrx_word' id='word_1_25' title='bbox 934 803 1014 838; x_wconf 84' lang='lat' dir='ltr'>vitia</span> <span class='ocrx_word' id='word_1_26' title='bbox 1035 803 1111 838; x_wconf 89' lang='lat' dir='ltr'>sem-</span> 
     </span>
    </p>

    <p class='ocr_par' dir='ltr' id='par_1_13' title="bbox 223 853 1115 2644">
     <span class='ocr_line' id='line_1_13' title="bbox 311 853 1114 900; baseline 0 -12"><span class='ocrx_word' id='word_1_27' title='bbox 311 866 366 898; x_wconf 87' lang='lat' dir='ltr'>per</span> <span class='ocrx_word' id='word_1_28' title='bbox 386 856 519 889; x_wconf 88' lang='lat' dir='ltr'>fuerunt</span> <span class='ocrx_word' id='word_1_29' title='bbox 541 855 728 889; x_wconf 82' lang='lat' dir='ltr'>incaestuosa</span> <span class='ocrx_word' id='word_1_30' title='bbox 751 854 925 900; x_wconf 85' lang='lat' dir='ltr'>conjugia.</span> <span class='ocrx_word' id='word_1_31' title='bbox 954 853 1039 887; x_wconf 91' lang='lat' dir='ltr'>Non</span> <span class='ocrx_word' id='word_1_32' title='bbox 1066 855 1114 888; x_wconf 88' lang='lat' dir='ltr'>so-</span> 
     </span>
     <span class='ocr_line' id='line_1_14' title="bbox 237 903 1113 948; baseline 0 -10"><span class='ocrx_word' id='word_1_33' title='bbox 237 906 322 943; x_wconf 78' lang='lat' dir='ltr'>lius,</span> <span class='ocrx_word' id='word_1_34' title='bbox 345 906 555 948; x_wconf 86' lang='lat' dir='ltr'>quieversam</span> <span class='ocrx_word' id='word_1_35' title='bbox 565 903 650 948; x_wconf 87' lang='lat' dir='ltr'>apud</span> <span class='ocrx_word' id='word_1_36' title='bbox 664 915 726 939; x_wconf 84' lang='lat' dir='ltr'>nos</span> <span class='ocrx_word' id='word_1_37' title='bbox 735 904 941 948; x_wconf 84' lang='lat' dir='ltr'>disciplinam</span> <span class='ocrx_word' id='word_1_38' title='bbox 969 915 1113 947; x_wconf 86' lang='lat' dir='ltr'>reparare</span> 
     </span>
     <span class='ocr_line' id='line_1_15' title="bbox 236 954 1113 998; baseline -0.001 -10"><span class='ocrx_word' id='word_1_39' title='bbox 236 955 357 997; x_wconf 85' lang='lat' dir='ltr'>coepit‚</span> <span class='ocrx_word' id='word_1_40' title='bbox 381 955 489 989; x_wconf 60' lang='lat' dir='ltr'>Sancti</span> <span class='ocrx_word' id='word_1_41' title='bbox 502 955 658 998; x_wconf 87' lang='lat' dir='ltr'>Martyris</span> <span class='ocrx_word' id='word_1_42' title='bbox 668 955 832 989; x_wconf 89' lang='lat' dir='ltr'>Bonifacii</span> <span class='ocrx_word' id='word_1_43' title='bbox 843 980 854 996; x_wconf 91' lang='lat'><em>,</em></span> <span class='ocrx_word' id='word_1_44' title='bbox 883 954 978 988; x_wconf 87' lang='lat' dir='ltr'>sed&amp;</span> <span class='ocrx_word' id='word_1_45' title='bbox 991 954 1113 988; x_wconf 78' lang='lat' dir='ltr'>Leonis</span> 
     </span>
     <span class='ocr_line' id='line_1_16' title="bbox 233 1003 1111 1048; baseline 0 -11"><span class='ocrx_word' id='word_1_46' title='bbox 233 1004 340 1047; x_wconf 85' lang='lat' dir='ltr'>quarti</span> <span class='ocrx_word' id='word_1_47' title='bbox 363 1004 532 1039; x_wconf 83' lang='lat' dir='ltr'>Pontificis</span> <span class='ocrx_word' id='word_1_48' title='bbox 551 1029 562 1045; x_wconf 87' lang='lat'>‚</span> <span class='ocrx_word' id='word_1_49' title='bbox 601 1005 735 1039; x_wconf 86' lang='lat' dir='ltr'>Nicolai</span> <span class='ocrx_word' id='word_1_50' title='bbox 762 1006 857 1048; x_wconf 88' lang='lat' dir='ltr'>primi</span> <span class='ocrx_word' id='word_1_51' title='bbox 878 1030 889 1046; x_wconf 94' lang='lat'>,</span> <span class='ocrx_word' id='word_1_52' title='bbox 936 1003 1111 1038; x_wconf 87' lang='lat' dir='ltr'>Hincmari</span> 
     </span>
     <span class='ocr_line' id='line_1_17' title="bbox 231 1054 1111 1099; baseline 0 -12"><span class='ocrx_word' id='word_1_53' title='bbox 231 1054 458 1097; x_wconf 66' lang='lat' dir='ltr'>Metropolitae</span> <span class='ocrx_word' id='word_1_54' title='bbox 477 1054 648 1089; x_wconf 88' lang='lat' dir='ltr'>Remenfis</span> <span class='ocrx_word' id='word_1_55' title='bbox 669 1079 680 1094; x_wconf 91' lang='lat'><strong>,</strong></span> <span class='ocrx_word' id='word_1_56' title='bbox 705 1056 805 1089; x_wconf 79' lang='lat' dir='ltr'>Isaaci</span> <span class='ocrx_word' id='word_1_57' title='bbox 828 1055 1045 1099; x_wconf 88' lang='lat' dir='ltr'>Lingonenfis</span> <span class='ocrx_word' id='word_1_58' title='bbox 1071 1055 1111 1087; x_wconf 85' lang='lat' dir='ltr'>E—</span> 
     </span>
     <span class='ocr_line' id='line_1_18' title="bbox 233 1104 1112 1149; baseline 0 -12"><span class='ocrx_word' id='word_1_59' title='bbox 233 1104 381 1148; x_wconf 80' lang='lat' dir='ltr'>piscopi,</span> <span class='ocrx_word' id='word_1_60' title='bbox 407 1105 612 1149; x_wconf 85' lang='lat' dir='ltr'>aliorumque</span> <span class='ocrx_word' id='word_1_61' title='bbox 624 1105 657 1138; x_wconf 90' lang='lat' dir='ltr'>id</span> <span class='ocrx_word' id='word_1_62' title='bbox 669 1115 771 1148; x_wconf 89' lang='lat' dir='ltr'>genus</span> <span class='ocrx_word' id='word_1_63' title='bbox 794 1105 934 1139; x_wconf 87' lang='lat' dir='ltr'>Patrum</span> <span class='ocrx_word' id='word_1_64' title='bbox 957 1105 1112 1147; x_wconf 82' lang='lat' dir='ltr'>plurimos</span> 
     </span>
     <span class='ocr_line' id='line_1_19' title="bbox 230 1154 1110 1197; baseline -0.001 -10"><span class='ocrx_word' id='word_1_65' title='bbox 230 1154 399 1188; x_wconf 81' lang='lat' dir='ltr'>adversum</span> <span class='ocrx_word' id='word_1_66' title='bbox 437 1155 493 1188; x_wconf 89' lang='lat' dir='ltr'>illa</span> <span class='ocrx_word' id='word_1_67' title='bbox 520 1154 680 1189; x_wconf 80' lang='lat' dir='ltr'>habemus</span> <span class='ocrx_word' id='word_1_68' title='bbox 706 1155 862 1188; x_wconf 81' lang='lat' dir='ltr'>canones</span> <span class='ocrx_word' id='word_1_69' title='bbox 887 1155 922 1188; x_wconf 77' lang='grc' dir='ltr'>δε</span> <span class='ocrx_word' id='word_1_70' title='bbox 949 1154 1110 1197; x_wconf 80' lang='lat' dir='ltr'>querelas.</span> 
     </span>
     <span class='ocr_line' id='line_1_20' title="bbox 234 1204 1111 1247; baseline 0.001 -8"><span class='ocrx_word' id='word_1_71' title='bbox 234 1204 419 1239; x_wconf 78' lang='lat' dir='ltr'>Auscienfis</span> <span class='ocrx_word' id='word_1_72' title='bbox 439 1204 619 1239; x_wconf 66' lang='lat' dir='ltr'>Provinciae</span> <span class='ocrx_word' id='word_1_73' title='bbox 640 1204 805 1247; x_wconf 82' lang='lat' dir='ltr'>Populum</span> <span class='ocrx_word' id='word_1_74' title='bbox 827 1205 919 1238; x_wconf 85' lang='lat' dir='ltr'>fuisse</span> <span class='ocrx_word' id='word_1_75' title='bbox 942 1204 1111 1246; x_wconf 75' lang='lat' dir='ltr'>iniquitate</span> 
     </span>
     <span class='ocr_line' id='line_1_21' title="bbox 232 1252 1109 1298; baseline 0 -12"><span class='ocrx_word' id='word_1_76' title='bbox 232 1254 367 1296; x_wconf 85' lang='lat' dir='ltr'>plenum</span> <span class='ocrx_word' id='word_1_77' title='bbox 381 1254 491 1289; x_wconf 87' lang='lat' dir='ltr'>scribit</span> <span class='ocrx_word' id='word_1_78' title='bbox 504 1252 544 1287; x_wconf 88' lang='lat' dir='ltr'>ad</span> <span class='ocrx_word' id='word_1_79' title='bbox 557 1253 735 1288; x_wconf 86' lang='lat' dir='ltr'>Aiaradum</span> <span class='ocrx_word' id='word_1_80' title='bbox 749 1255 891 1298; x_wconf 89' lang='lat' dir='ltr'>ipsorum</span> <span class='ocrx_word' id='word_1_81' title='bbox 909 1253 1109 1297; x_wconf 88' lang='lat' dir='ltr'>Metropoli-</span> 
     </span>
     <span class='ocr_line' id='line_1_22' title="bbox 231 1303 1109 1348; baseline 0.001 -12"><span class='ocrx_word' id='word_1_82' title='bbox 231 1313 299 1337; x_wconf 87' lang='lat' dir='ltr'>tam</span> <span class='ocrx_word' id='word_1_83' title='bbox 328 1304 467 1346; x_wconf 77' lang='lat' dir='ltr'>Ioannes</span> <span class='ocrx_word' id='word_1_84' title='bbox 506 1305 636 1338; x_wconf 66' lang='lat' dir='ltr'>octavus</span> <span class='ocrx_word' id='word_1_85' title='bbox 677 1303 835 1338; x_wconf 86' lang='lat' dir='ltr'>Pontifex</span> <span class='ocrx_word' id='word_1_86' title='bbox 849 1328 860 1344; x_wconf 86' lang='lat'>‚</span> <span class='ocrx_word' id='word_1_87' title='bbox 887 1304 920 1338; x_wconf 72' lang='grc' dir='ltr'>ὅ(</span> <span class='ocrx_word' id='word_1_88' title='bbox 958 1303 1109 1348; x_wconf 85' lang='lat' dir='ltr'>adjungit</span> 
     </span>
     <span class='ocr_line' id='line_1_23' title="bbox 232 1352 1112 1397; baseline -0.002 -10"><span class='ocrx_word' id='word_1_89' title='bbox 232 1354 361 1387; x_wconf 86' lang='lat' dir='ltr'>causam</span> <span class='ocrx_word' id='word_1_90' title='bbox 377 1368 387 1386; x_wconf 90' lang='grc'>.-</span> <span class='ocrx_word' id='word_1_91' title='bbox 414 1355 510 1389; x_wconf 88' lang='lat' dir='ltr'>Nulla</span> <span class='ocrx_word' id='word_1_92' title='bbox 531 1359 649 1397; x_wconf 85' lang='lat' dir='ltr'>generis</span> <span class='ocrx_word' id='word_1_93' title='bbox 675 1352 931 1397; x_wconf 80' lang='lat' dir='ltr'>consanguinitate</span> <span class='ocrx_word' id='word_1_94' title='bbox 950 1353 1112 1393; x_wconf 85' lang='lat' dir='ltr'>custodita,</span> 
     </span>
     <span class='ocr_line' id='line_1_24' title="bbox 231 1402 1111 1446; baseline -0.002 -9"><span class='ocrx_word' id='word_1_95' title='bbox 231 1404 313 1437; x_wconf 86' lang='lat' dir='ltr'>nulla</span> <span class='ocrx_word' id='word_1_96' title='bbox 321 1409 557 1446; x_wconf 79' lang='lat' dir='ltr'>propinquitatis</span> <span class='ocrx_word' id='word_1_97' title='bbox 574 1405 733 1446; x_wconf 83' lang='lat' dir='ltr'><em>parentela</em></span> <span class='ocrx_word' id='word_1_98' title='bbox 757 1403 934 1446; x_wconf 80' lang='lat' dir='ltr'>observata,</span> <span class='ocrx_word' id='word_1_99' title='bbox 961 1402 1111 1446; x_wconf 66' lang='lat' dir='ltr'>unusquis·</span> 
     </span>
     <span class='ocr_line' id='line_1_25' title="bbox 231 1451 1110 1496; baseline 0 -10"><span class='ocrx_word' id='word_1_100' title='bbox 231 1464 287 1495; x_wconf 85' lang='lat' dir='ltr'>que</span> <span class='ocrx_word' id='word_1_101' title='bbox 296 1451 384 1495; x_wconf 73' lang='lat' dir='ltr'>fitam</span> <span class='ocrx_word' id='word_1_102' title='bbox 389 1459 612 1496; x_wconf 83' lang='lat' dir='ltr'>propinquam,</span> <span class='ocrx_word' id='word_1_103' title='bbox 639 1460 672 1486; x_wconf 89' lang='lat' dir='ltr'>in</span> <span class='ocrx_word' id='word_1_104' title='bbox 682 1465 855 1496; x_wconf 86' lang='lat' dir='ltr'>quocumque</span> <span class='ocrx_word' id='word_1_105' title='bbox 867 1453 966 1495; x_wconf 87' lang='lat' dir='ltr'>fuerit</span> <span class='ocrx_word' id='word_1_106' title='bbox 983 1455 1084 1496; x_wconf 88' lang='lat' dir='ltr'>gradu</span> <span class='ocrx_word' id='word_1_107' title='bbox 1100 1476 1110 1492; x_wconf 89' lang='lat'><strong>,</strong></span> 
     </span>
     <span class='ocr_line' id='line_1_26' title="bbox 230 1502 1112 1546; baseline 0 -11"><span class='ocrx_word' id='word_1_108' title='bbox 230 1508 337 1545; x_wconf 86' lang='lat' dir='ltr'>accipit</span> <span class='ocrx_word' id='word_1_109' title='bbox 349 1514 490 1543; x_wconf 82' lang='lat' dir='ltr'>uxorem,</span> <span class='ocrx_word' id='word_1_110' title='bbox 516 1513 606 1546; x_wconf 87' lang='lat' dir='ltr'>atque</span> <span class='ocrx_word' id='word_1_111' title='bbox 619 1503 772 1545; x_wconf 70' lang='lat' dir='ltr'>incasto&amp;</span> <span class='ocrx_word' id='word_1_112' title='bbox 784 1503 900 1544; x_wconf 86' lang='lat' dir='ltr'>nefario</span> <span class='ocrx_word' id='word_1_113' title='bbox 923 1502 955 1545; x_wconf 87' lang='lat' dir='ltr'>se</span> <span class='ocrx_word' id='word_1_114' title='bbox 980 1506 1112 1546; x_wconf 86' lang='lat' dir='ltr'>conjugio</span> 
     </span>
     <span class='ocr_line' id='line_1_27' title="bbox 230 1552 1112 1599; baseline 0 -14"><span class='ocrx_word' id='word_1_115' title='bbox 230 1554 363 1594; x_wconf 83' lang='lat' dir='ltr'>copulat.</span> <span class='ocrx_word' id='word_1_116' title='bbox 389 1553 481 1599; x_wconf 81' lang='lat' dir='ltr'>Qin</span> <span class='ocrx_word' id='word_1_117' title='bbox 504 1554 537 1587; x_wconf 88' lang='lat'>&amp;</span> <span class='ocrx_word' id='word_1_118' title='bbox 561 1552 860 1595; x_wconf 70' lang='lat' dir='ltr'>perniciosissimam</span> <span class='ocrx_word' id='word_1_119' title='bbox 879 1555 993 1586; x_wconf 66' lang='lat' dir='ltr'>sestam</span> <span class='ocrx_word' id='word_1_120' title='bbox 1008 1577 1019 1591; x_wconf 89' lang='lat'>,</span> <span class='ocrx_word' id='word_1_121' title='bbox 1043 1563 1112 1595; x_wconf 79' lang='lat' dir='ltr'>quae</span> 
     </span>
     <span class='ocr_line' id='line_1_28' title="bbox 230 1602 1112 1647; baseline 0 -12"><span class='ocrx_word' id='word_1_122' title='bbox 230 1603 349 1644; x_wconf 90' lang='lat' dir='ltr'>cuique</span> <span class='ocrx_word' id='word_1_123' title='bbox 359 1603 399 1636; x_wconf 87' lang='lat' dir='ltr'>ad</span> <span class='ocrx_word' id='word_1_124' title='bbox 411 1603 457 1637; x_wconf 89' lang='lat' dir='ltr'>sui</span> <span class='ocrx_word' id='word_1_125' title='bbox 470 1602 638 1647; x_wconf 83' lang='lat' dir='ltr'>sanguinis</span> <span class='ocrx_word' id='word_1_126' title='bbox 652 1603 848 1647; x_wconf 87' lang='lat' dir='ltr'>propinquas</span> <span class='ocrx_word' id='word_1_127' title='bbox 870 1602 1021 1637; x_wconf 87' lang='lat' dir='ltr'>accedere</span> <span class='ocrx_word' id='word_1_128' title='bbox 1045 1613 1112 1644; x_wconf 88' lang='lat' dir='ltr'>per·</span> 
     </span>
     <span class='ocr_line' id='line_1_29' title="bbox 229 1651 1111 1697; baseline 0 -12"><span class='ocrx_word' id='word_1_129' title='bbox 229 1652 371 1685; x_wconf 84' lang='lat' dir='ltr'>mitteret</span> <span class='ocrx_word' id='word_1_130' title='bbox 382 1677 393 1692; x_wconf 91' lang='lat'>‚</span> <span class='ocrx_word' id='word_1_131' title='bbox 418 1652 536 1687; x_wconf 85' lang='lat' dir='ltr'>eodem</span> <span class='ocrx_word' id='word_1_132' title='bbox 546 1662 692 1694; x_wconf 86' lang='lat' dir='ltr'>tempore</span> <span class='ocrx_word' id='word_1_133' title='bbox 707 1653 842 1697; x_wconf 75' lang='lat' dir='ltr'>viguisse</span> <span class='ocrx_word' id='word_1_134' title='bbox 853 1652 939 1695; x_wconf 85' lang='lat' dir='ltr'>apud</span> <span class='ocrx_word' id='word_1_135' title='bbox 954 1651 1087 1695; x_wconf 87' lang='lat' dir='ltr'>Anglos</span> <span class='ocrx_word' id='word_1_136' title='bbox 1102 1676 1111 1692; x_wconf 89' lang='lat'><em>,</em></span> 
     </span>
     <span class='ocr_line' id='line_1_30' title="bbox 230 1701 1113 1737; baseline 0 -3"><span class='ocrx_word' id='word_1_137' title='bbox 230 1702 265 1734; x_wconf 87' lang='lat' dir='ltr'>in</span> <span class='ocrx_word' id='word_1_138' title='bbox 304 1702 471 1736; x_wconf 84' lang='lat' dir='ltr'>Remenfis</span> <span class='ocrx_word' id='word_1_139' title='bbox 496 1702 643 1736; x_wconf 80' lang='lat' dir='ltr'>Ecclefiae</span> <span class='ocrx_word' id='word_1_140' title='bbox 666 1702 814 1737; x_wconf 83' lang='lat' dir='ltr'>Historia</span> <span class='ocrx_word' id='word_1_141' title='bbox 836 1703 940 1736; x_wconf 76' lang='lat' dir='ltr'>asserit</span> <span class='ocrx_word' id='word_1_142' title='bbox 960 1701 1113 1736; x_wconf 89' lang='lat' dir='ltr'>Flodoar-</span> 
     </span>
     <span class='ocr_line' id='line_1_31' title="bbox 229 1750 1113 1797; baseline -0.002 -10"><span class='ocrx_word' id='word_1_143' title='bbox 229 1750 290 1787; x_wconf 83' lang='lat' dir='ltr'>dus</span> <span class='ocrx_word' id='word_1_144' title='bbox 302 1776 310 1783; x_wconf 88' lang='lat'><strong>.</strong></span> <span class='ocrx_word' id='word_1_145' title='bbox 341 1753 384 1786; x_wconf 91' lang='lat' dir='ltr'>Et</span> <span class='ocrx_word' id='word_1_146' title='bbox 395 1751 438 1786; x_wconf 89' lang='lat' dir='ltr'>de</span> <span class='ocrx_word' id='word_1_147' title='bbox 449 1752 598 1786; x_wconf 83' lang='lat' dir='ltr'>Robetto</span> <span class='ocrx_word' id='word_1_148' title='bbox 623 1754 826 1787; x_wconf 82' lang='lat' dir='ltr'>Francorum</span> <span class='ocrx_word' id='word_1_149' title='bbox 837 1753 930 1797; x_wconf 85' lang='lat' dir='ltr'>Rege</span> <span class='ocrx_word' id='word_1_150' title='bbox 946 1752 1028 1792; x_wconf 80' lang='lat' dir='ltr'>circa</span> <span class='ocrx_word' id='word_1_151' title='bbox 1041 1763 1113 1794; x_wconf 79' lang='lat' dir='ltr'>prae-</span> 
     </span>
     <span class='ocr_line' id='line_1_32' title="bbox 229 1802 1114 1846; baseline 0 -11"><span class='ocrx_word' id='word_1_152' title='bbox 229 1802 329 1835; x_wconf 86' lang='lat' dir='ltr'>sentis</span> <span class='ocrx_word' id='word_1_153' title='bbox 340 1802 466 1843; x_wconf 87' lang='lat' dir='ltr'>Synodi</span> <span class='ocrx_word' id='word_1_154' title='bbox 479 1812 625 1846; x_wconf 88' lang='lat' dir='ltr'>tempora</span> <span class='ocrx_word' id='word_1_155' title='bbox 637 1803 676 1835; x_wconf 89' lang='lat' dir='ltr'>ad</span> <span class='ocrx_word' id='word_1_156' title='bbox 692 1803 893 1836; x_wconf 82' lang='lat' dir='ltr'>Desiderium</span> <span class='ocrx_word' id='word_1_157' title='bbox 920 1802 1114 1836; x_wconf 74' lang='lat' dir='ltr'>Caffinenfis</span> 
     </span>
     <span class='ocr_line' id='line_1_33' title="bbox 231 1851 1115 1887; baseline 0 -3"><span class='ocrx_word' id='word_1_158' title='bbox 231 1851 426 1886; x_wconf 86' lang='lat' dir='ltr'>Monasterii</span> <span class='ocrx_word' id='word_1_159' title='bbox 451 1851 616 1886; x_wconf 88' lang='lat' dir='ltr'>Abbatem</span> <span class='ocrx_word' id='word_1_160' title='bbox 638 1851 748 1886; x_wconf 88' lang='lat' dir='ltr'>scribit</span> <span class='ocrx_word' id='word_1_161' title='bbox 759 1854 892 1887; x_wconf 66' lang='lat' dir='ltr'>Sanetus</span> <span class='ocrx_word' id='word_1_162' title='bbox 918 1851 1034 1885; x_wconf 87' lang='lat' dir='ltr'>Petrus</span> <span class='ocrx_word' id='word_1_163' title='bbox 1047 1852 1115 1885; x_wconf 90' lang='lat' dir='ltr'>Da·</span> 
     </span>
     <span class='ocr_line' id='line_1_34' title="bbox 230 1900 1113 1942; baseline -0.002 -8"><span class='ocrx_word' id='word_1_164' title='bbox 230 1901 333 1934; x_wconf 88' lang='lat' dir='ltr'>miani</span> <span class='ocrx_word' id='word_1_165' title='bbox 353 1914 360 1934; x_wconf 89' lang='lat'>:</span> <span class='ocrx_word' id='word_1_166' title='bbox 405 1902 549 1935; x_wconf 87' lang='lat' dir='ltr'>Robertus</span> <span class='ocrx_word' id='word_1_167' title='bbox 585 1903 749 1935; x_wconf 82' lang='lat' dir='ltr'>Galliarum</span> <span class='ocrx_word' id='word_1_168' title='bbox 775 1905 843 1935; x_wconf 83' lang='lat' dir='ltr'>Rex</span> <span class='ocrx_word' id='word_1_169' title='bbox 866 1927 876 1942; x_wconf 91' lang='lat'>,</span> <span class='ocrx_word' id='word_1_170' title='bbox 911 1913 991 1935; x_wconf 86' lang='lat' dir='ltr'>avus</span> <span class='ocrx_word' id='word_1_171' title='bbox 1030 1900 1113 1941; x_wconf 82' lang='lat' dir='ltr'>istius</span> 
     </span>
     <span class='ocr_line' id='line_1_35' title="bbox 230 1949 1114 1994; baseline -0.001 -11"><span class='ocrx_word' id='word_1_172' title='bbox 230 1950 395 1992; x_wconf 83' lang='lat' dir='ltr'>Philippi,</span> <span class='ocrx_word' id='word_1_173' title='bbox 430 1957 482 1994; x_wconf 88' lang='lat' dir='ltr'>qui</span> <span class='ocrx_word' id='word_1_174' title='bbox 507 1959 541 1985; x_wconf 85' lang='lat' dir='ltr'>in</span> <span class='ocrx_word' id='word_1_175' title='bbox 563 1957 686 1993; x_wconf 84' lang='lat' dir='ltr'>paterni</span> <span class='ocrx_word' id='word_1_176' title='bbox 705 1954 790 1993; x_wconf 86' lang='lat' dir='ltr'>J‘uris</span> <span class='ocrx_word' id='word_1_177' title='bbox 811 1955 931 1994; x_wconf 77' lang='lat' dir='ltr'>sceptra</span> <span class='ocrx_word' id='word_1_178' title='bbox 952 1949 1077 1993; x_wconf 82' lang='lat' dir='ltr'>succeffit</span> <span class='ocrx_word' id='word_1_179' title='bbox 1104 1974 1114 1990; x_wconf 88' lang='lat'>‚</span> 
     </span>
     <span class='ocr_line' id='line_1_36' title="bbox 223 1998 1114 2043; baseline 0 -10"><span class='ocrx_word' id='word_1_180' title='bbox 223 2006 424 2043; x_wconf 77' lang='lat' dir='ltr'>propinquam</span> <span class='ocrx_word' id='word_1_181' title='bbox 445 1999 498 2042; x_wconf 78' lang='lat' dir='ltr'>sibi</span> <span class='ocrx_word' id='word_1_182' title='bbox 524 2002 671 2043; x_wconf 80' lang='lat' dir='ltr'>copulavit</span> <span class='ocrx_word' id='word_1_183' title='bbox 692 2012 811 2035; x_wconf 80' lang='lat' dir='ltr'>uxorem</span> <span class='ocrx_word' id='word_1_184' title='bbox 824 2026 834 2042; x_wconf 92' lang='lat'>,</span> <span class='ocrx_word' id='word_1_185' title='bbox 860 2012 898 2034; x_wconf 84' lang='lat' dir='ltr'>ex</span> <span class='ocrx_word' id='word_1_186' title='bbox 924 2012 982 2043; x_wconf 84' lang='lat' dir='ltr'>qua</span> <span class='ocrx_word' id='word_1_187' title='bbox 986 1998 1114 2043; x_wconf 73' lang='lat' dir='ltr'>suscepit</span> 
     </span>
     <span class='ocr_line' id='line_1_37' title="bbox 224 2048 1114 2094; baseline 0 -11"><span class='ocrx_word' id='word_1_188' title='bbox 224 2048 318 2091; x_wconf 76' lang='lat' dir='ltr'>filium</span> <span class='ocrx_word' id='word_1_189' title='bbox 332 2076 342 2091; x_wconf 92' lang='lat'>‚</span> <span class='ocrx_word' id='word_1_190' title='bbox 370 2049 545 2093; x_wconf 65' lang='lat' dir='ltr'>,anserinum</span> <span class='ocrx_word' id='word_1_191' title='bbox 567 2061 622 2094; x_wconf 87' lang='lat' dir='ltr'>per</span> <span class='ocrx_word' id='word_1_192' title='bbox 643 2058 743 2084; x_wconf 85' lang='lat' dir='ltr'>omnia</span> <span class='ocrx_word' id='word_1_193' title='bbox 754 2052 854 2085; x_wconf 86' lang='lat' dir='ltr'>collum</span> <span class='ocrx_word' id='word_1_194' title='bbox 864 2052 897 2084; x_wconf 68' lang='grc'>(3·</span> <span class='ocrx_word' id='word_1_195' title='bbox 907 2059 995 2092; x_wconf 89' lang='lat' dir='ltr'>caput</span> <span class='ocrx_word' id='word_1_196' title='bbox 1006 2049 1114 2083; x_wconf 72' lang='lat' dir='ltr'>baben·</span> 
     </span>
     <span class='ocr_line' id='line_1_38' title="bbox 231 2100 1113 2144; baseline -0.002 -10"><span class='ocrx_word' id='word_1_197' title='bbox 231 2109 290 2134; x_wconf 83' lang='lat' dir='ltr'>tem</span> <span class='ocrx_word' id='word_1_198' title='bbox 311 2126 318 2133; x_wconf 92' lang='lat'>.</span> <span class='ocrx_word' id='word_1_199' title='bbox 346 2103 429 2144; x_wconf 77' lang='lat' dir='ltr'>,Quos</span> <span class='ocrx_word' id='word_1_200' title='bbox 442 2108 533 2135; x_wconf 89' lang='lat' dir='ltr'>etiam</span> <span class='ocrx_word' id='word_1_201' title='bbox 544 2125 554 2141; x_wconf 87' lang='lat'>‚</span> <span class='ocrx_word' id='word_1_202' title='bbox 580 2107 680 2135; x_wconf 86' lang='lat' dir='ltr'>virum</span> <span class='ocrx_word' id='word_1_203' title='bbox 686 2100 793 2144; x_wconf 86' lang='lat' dir='ltr'>scilicet</span> <span class='ocrx_word' id='word_1_204' title='bbox 805 2104 839 2136; x_wconf 63' lang='grc' dir='ltr'>(ν</span> <span class='ocrx_word' id='word_1_205' title='bbox 851 2112 971 2135; x_wconf 80' lang='lat' dir='ltr'>uxorem</span> <span class='ocrx_word' id='word_1_206' title='bbox 981 2125 991 2141; x_wconf 84' lang='lat'>‚</span> <span class='ocrx_word' id='word_1_207' title='bbox 1016 2111 1113 2133; x_wconf 85' lang='lat' dir='ltr'>omnes</span> 
     </span>
     <span class='ocr_line' id='line_1_39' title="bbox 223 2149 1113 2194; baseline 0 -12"><span class='ocrx_word' id='word_1_208' title='bbox 223 2149 292 2191; x_wconf 62' lang='lat' dir='ltr'>fero*</span> <span class='ocrx_word' id='word_1_209' title='bbox 304 2152 468 2184; x_wconf 79' lang='lat' dir='ltr'>Galliarum</span> <span class='ocrx_word' id='word_1_210' title='bbox 491 2149 630 2194; x_wconf 79' lang='lat' dir='ltr'>Episcopi</span> <span class='ocrx_word' id='word_1_211' title='bbox 651 2158 797 2185; x_wconf 88' lang='lat' dir='ltr'>communi</span> <span class='ocrx_word' id='word_1_212' title='bbox 813 2151 902 2193; x_wconf 85' lang='lat' dir='ltr'>fimul</span> <span class='ocrx_word' id='word_1_213' title='bbox 922 2156 1113 2184; x_wconf 84' lang='lat' dir='ltr'>excommuni-</span> 
     </span>
     <span class='ocr_line' id='line_1_40' title="bbox 230 2200 1114 2243; baseline 0.001 -12"><span class='ocrx_word' id='word_1_214' title='bbox 230 2210 377 2233; x_wconf 83' lang='lat' dir='ltr'>caverunt</span> <span class='ocrx_word' id='word_1_215' title='bbox 396 2200 567 2243; x_wconf 83' lang='lat' dir='ltr'>sententia·</span> <span class='ocrx_word' id='word_1_216' title='bbox 594 2204 692 2243; x_wconf 85' lang='lat' dir='ltr'>Cujus</span> <span class='ocrx_word' id='word_1_217' title='bbox 711 2202 907 2235; x_wconf 77' lang='lat' dir='ltr'>sacerdotalis</span> <span class='ocrx_word' id='word_1_218' title='bbox 926 2200 1032 2233; x_wconf 74' lang='lat' dir='ltr'>Edio‘li</span> <span class='ocrx_word' id='word_1_219' title='bbox 1048 2209 1114 2233; x_wconf 89' lang='lat' dir='ltr'>tan-</span> 
     </span>
     <span class='ocr_line' id='line_1_41' title="bbox 232 2249 1113 2294; baseline 0 -12"><span class='ocrx_word' id='word_1_220' title='bbox 232 2257 280 2282; x_wconf 85' lang='lat' dir='ltr'>tus</span> <span class='ocrx_word' id='word_1_221' title='bbox 305 2261 419 2283; x_wconf 86' lang='lat' dir='ltr'>omnem</span> <span class='ocrx_word' id='word_1_222' title='bbox 449 2254 580 2294; x_wconf 83' lang='lat' dir='ltr'>undique</span> <span class='ocrx_word' id='word_1_223' title='bbox 607 2253 750 2294; x_wconf 85' lang='lat' dir='ltr'>populum</span> <span class='ocrx_word' id='word_1_224' title='bbox 785 2261 877 2284; x_wconf 88' lang='lat' dir='ltr'>terror</span> <span class='ocrx_word' id='word_1_225' title='bbox 902 2249 1012 2292; x_wconf 80' lang='lat' dir='ltr'>invasit</span> <span class='ocrx_word' id='word_1_226' title='bbox 1033 2274 1044 2290; x_wconf 97' lang='lat'>,</span> <span class='ocrx_word' id='word_1_227' title='bbox 1079 2259 1113 2282; x_wconf 87' lang='lat' dir='ltr'>ut</span> 
     </span>
     <span class='ocr_line' id='line_1_42' title="bbox 232 2299 1111 2343; baseline 0.002 -11"><span class='ocrx_word' id='word_1_228' title='bbox 232 2299 274 2332; x_wconf 87' lang='lat' dir='ltr'>ab</span> <span class='ocrx_word' id='word_1_229' title='bbox 293 2302 359 2341; x_wconf 84' lang='lat' dir='ltr'>eJ&#39;us</span> <span class='ocrx_word' id='word_1_230' title='bbox 384 2300 518 2341; x_wconf 76' lang='lat' dir='ltr'>universi</span> <span class='ocrx_word' id='word_1_231' title='bbox 530 2299 667 2343; x_wconf 85' lang='lat' dir='ltr'>societate</span> <span class='ocrx_word' id='word_1_232' title='bbox 695 2303 891 2340; x_wconf 79' lang='lat' dir='ltr'>recederent,</span> <span class='ocrx_word' id='word_1_233' title='bbox 918 2312 968 2333; x_wconf 88' lang='lat' dir='ltr'>nec</span> <span class='ocrx_word' id='word_1_234' title='bbox 995 2307 1111 2341; x_wconf 84' lang='lat' dir='ltr'>praeter</span> 
     </span>
     <span class='ocr_line' id='line_1_43' title="bbox 233 2347 1111 2393; baseline 0.002 -13"><span class='ocrx_word' id='word_1_235' title='bbox 233 2350 308 2381; x_wconf 86' lang='lat' dir='ltr'>duos</span> <span class='ocrx_word' id='word_1_236' title='bbox 316 2348 372 2390; x_wconf 85' lang='lat' dir='ltr'>fibi</span> <span class='ocrx_word' id='word_1_237' title='bbox 378 2347 515 2392; x_wconf 86' lang='lat' dir='ltr'>servulos</span> <span class='ocrx_word' id='word_1_238' title='bbox 526 2351 568 2383; x_wconf 87' lang='lat' dir='ltr'>ad</span> <span class='ocrx_word' id='word_1_239' title='bbox 578 2352 719 2393; x_wconf 77' lang='lat' dir='ltr'>necessarii</span> <span class='ocrx_word' id='word_1_240' title='bbox 731 2352 829 2383; x_wconf 62' lang='lat' dir='ltr'>villus</span> <span class='ocrx_word' id='word_1_241' title='bbox 843 2349 1009 2392; x_wconf 85' lang='lat' dir='ltr'><em>obsequium</em></span> <span class='ocrx_word' id='word_1_242' title='bbox 1019 2361 1111 2383; x_wconf 84' lang='lat' dir='ltr'>rema-</span> 
     </span>
     <span class='ocr_line' id='line_1_44' title="bbox 231 2398 1111 2443; baseline 0.003 -12"><span class='ocrx_word' id='word_1_243' title='bbox 231 2407 355 2439; x_wconf 82' lang='lat' dir='ltr'>nerent,</span> <span class='ocrx_word' id='word_1_244' title='bbox 384 2406 435 2441; x_wconf 83' lang='lat' dir='ltr'>qui</span> <span class='ocrx_word' id='word_1_245' title='bbox 447 2409 547 2433; x_wconf 88' lang='lat' dir='ltr'>tamen</span> <span class='ocrx_word' id='word_1_246' title='bbox 557 2401 591 2434; x_wconf 68' lang='lat'>(9¹</span> <span class='ocrx_word' id='word_1_247' title='bbox 603 2400 658 2442; x_wconf 78' lang='lat' dir='ltr'>ips</span> <span class='ocrx_word' id='word_1_248' title='bbox 663 2406 761 2433; x_wconf 84' lang='lat' dir='ltr'>omnia</span> <span class='ocrx_word' id='word_1_249' title='bbox 773 2398 872 2443; x_wconf 83' lang='lat' dir='ltr'>vasa,</span> <span class='ocrx_word' id='word_1_250' title='bbox 884 2407 914 2432; x_wconf 87' lang='lat' dir='ltr'>in</span> <span class='ocrx_word' id='word_1_251' title='bbox 927 2400 1033 2442; x_wconf 86' lang='lat' dir='ltr'>quibus</span> <span class='ocrx_word' id='word_1_252' title='bbox 1048 2402 1111 2434; x_wconf 73' lang='lat' dir='ltr'>Rex</span> 
     </span>
     <span class='ocr_line' id='line_1_45' title="bbox 232 2449 1111 2492; baseline 0.001 -11"><span class='ocrx_word' id='word_1_253' title='bbox 232 2449 340 2481; x_wconf 74' lang='lat' dir='ltr'>edebat</span> <span class='ocrx_word' id='word_1_254' title='bbox 352 2449 404 2482; x_wconf 88' lang='lat' dir='ltr'>vel</span> <span class='ocrx_word' id='word_1_255' title='bbox 410 2449 548 2491; x_wconf 78' lang='lat' dir='ltr'>bibebat,</span> <span class='ocrx_word' id='word_1_256' title='bbox 572 2459 708 2492; x_wconf 81' lang='lat' dir='ltr'>percepto</span> <span class='ocrx_word' id='word_1_257' title='bbox 720 2450 783 2485; x_wconf 88' lang='lat' dir='ltr'>cibo</span> <span class='ocrx_word' id='word_1_258' title='bbox 805 2451 1017 2486; x_wconf 78' lang='lat' dir='ltr'>abominabilia</span> <span class='ocrx_word' id='word_1_259' title='bbox 1028 2451 1111 2491; x_wconf 85' lang='lat' dir='ltr'>J‘udi·</span> 
     </span>
     <span class='ocr_line' id='line_1_46' title="bbox 230 2499 1115 2543; baseline 0.001 -13"><span class='ocrx_word' id='word_1_260' title='bbox 230 2507 359 2538; x_wconf 84' lang='lat' dir='ltr'>cantes,</span> <span class='ocrx_word' id='word_1_261' title='bbox 382 2500 525 2540; x_wconf 86' lang='lat' dir='ltr'>pabulum</span> <span class='ocrx_word' id='word_1_262' title='bbox 544 2500 662 2543; x_wconf 81' lang='lat' dir='ltr'>ignibus</span> <span class='ocrx_word' id='word_1_263' title='bbox 685 2499 881 2535; x_wconf 79' lang='lat' dir='ltr'>exhibebant</span> <span class='ocrx_word' id='word_1_264' title='bbox 909 2505 965 2533; x_wconf 89' lang='lat' dir='ltr'>His</span> <span class='ocrx_word' id='word_1_265' title='bbox 988 2502 1115 2532; x_wconf 84' lang='lat' dir='ltr'>tandem</span> 
     </span>
     <span class='ocr_line' id='line_1_47' title="bbox 231 2548 1110 2593; baseline 0.005 -14"><span class='ocrx_word' id='word_1_266' title='bbox 231 2550 300 2580; x_wconf 84' lang='lat' dir='ltr'>Rex</span> <span class='ocrx_word' id='word_1_267' title='bbox 310 2548 473 2582; x_wconf 75' lang='lat' dir='ltr'>coarc‘latus</span> <span class='ocrx_word' id='word_1_268' title='bbox 484 2550 646 2592; x_wconf 85' lang='lat' dir='ltr'>angustiis,</span> <span class='ocrx_word' id='word_1_269' title='bbox 672 2552 718 2583; x_wconf 90' lang='lat' dir='ltr'>ad</span> <span class='ocrx_word' id='word_1_270' title='bbox 720 2550 829 2593; x_wconf 89' lang='lat' dir='ltr'>sanum</span> <span class='ocrx_word' id='word_1_271' title='bbox 841 2548 980 2590; x_wconf 80' lang='lat' dir='ltr'>confilium</span> <span class='ocrx_word' id='word_1_272' title='bbox 992 2550 1083 2584; x_wconf 82' lang='lat' dir='ltr'>rediit</span> <span class='ocrx_word' id='word_1_273' title='bbox 1099 2575 1110 2591; x_wconf 93' lang='lat'>‚</span> 
     </span>
     <span class='ocr_line' id='line_1_48' title="bbox 234 2598 983 2644; baseline 0.005 -15"><span class='ocrx_word' id='word_1_274' title='bbox 234 2598 361 2631; x_wconf 79' lang='lat' dir='ltr'>divertit</span> <span class='ocrx_word' id='word_1_275' title='bbox 371 2600 543 2640; x_wconf 81' lang='lat' dir='ltr'>incaestum‚</span> <span class='ocrx_word' id='word_1_276' title='bbox 567 2605 689 2642; x_wconf 86' lang='lat' dir='ltr'>iniitque</span> <span class='ocrx_word' id='word_1_277' title='bbox 699 2602 792 2644; x_wconf 81' lang='lat' dir='ltr'>legale</span> <span class='ocrx_word' id='word_1_278' title='bbox 801 2603 983 2644; x_wconf 86' lang='lat' dir='ltr'>conjugium</span> 
     </span>
    </p>

    <p class='ocr_par' dir='ltr' id='par_1_14' title="bbox 229 2647 1115 3494">
     <span class='ocr_line' id='line_1_49' title="bbox 285 2647 1110 2685; baseline 0.005 -5"><span class='ocrx_word' id='word_1_279' title='bbox 285 2647 406 2682; x_wconf 83' lang='lat' dir='ltr'>Eadem</span> <span class='ocrx_word' id='word_1_280' title='bbox 427 2649 524 2683; x_wconf 77' lang='lat' dir='ltr'>latius</span> <span class='ocrx_word' id='word_1_281' title='bbox 555 2651 649 2683; x_wconf 85' lang='lat' dir='ltr'>refert</span> <span class='ocrx_word' id='word_1_282' title='bbox 672 2652 688 2683; x_wconf 76' lang='lat' dir='ltr'>a</span> <span class='ocrx_word' id='word_1_283' title='bbox 711 2651 884 2685; x_wconf 81' lang='lat' dir='ltr'>Francisco</span> <span class='ocrx_word' id='word_1_284' title='bbox 907 2651 953 2685; x_wconf 91' lang='lat' dir='ltr'>du</span> <span class='ocrx_word' id='word_1_285' title='bbox 979 2649 1110 2685; x_wconf 86' lang='lat' dir='ltr'>Chesne</span> 
     </span>
     <span class='ocr_line' id='line_1_50' title="bbox 234 2695 1111 2746; baseline 0.008 -19"><span class='ocrx_word' id='word_1_286' title='bbox 234 2695 424 2738; x_wconf 68' lang='lat' dir='ltr'>produstum</span> <span class='ocrx_word' id='word_1_287' title='bbox 447 2700 585 2733; x_wconf 65' lang='lat' dir='ltr'>franciae</span> <span class='ocrx_word' id='word_1_288' title='bbox 608 2699 761 2734; x_wconf 64' lang='lat' dir='ltr'>Historiae</span> <span class='ocrx_word' id='word_1_289' title='bbox 782 2702 1024 2746; x_wconf 80' lang='lat' dir='ltr'>fragmentum:</span> <span class='ocrx_word' id='word_1_290' title='bbox 1052 2705 1111 2733; x_wconf 87' lang='lat' dir='ltr'>Ro·-</span> 
     </span>
     <span class='ocr_line' id='line_1_51' title="bbox 234 2745 1109 2794; baseline 0.007 -16"><span class='ocrx_word' id='word_1_291' title='bbox 234 2745 337 2779; x_wconf 87' lang='lat' dir='ltr'>bertus</span> <span class='ocrx_word' id='word_1_292' title='bbox 347 2749 412 2778; x_wconf 84' lang='lat' dir='ltr'>Rex</span> <span class='ocrx_word' id='word_1_293' title='bbox 424 2754 457 2780; x_wconf 83' lang='lat' dir='ltr'>in</span> <span class='ocrx_word' id='word_1_294' title='bbox 478 2760 597 2783; x_wconf 82' lang='lat' dir='ltr'>uxorem</span> <span class='ocrx_word' id='word_1_295' title='bbox 612 2748 668 2791; x_wconf 86' lang='lat' dir='ltr'>fibi</span> <span class='ocrx_word' id='word_1_296' title='bbox 689 2750 821 2794; x_wconf 82' lang='lat' dir='ltr'>affumps</span> <span class='ocrx_word' id='word_1_297' title='bbox 818 2761 831 2784; x_wconf 92' lang='lat' dir='ltr'>t</span> <span class='ocrx_word' id='word_1_298' title='bbox 852 2759 978 2785; x_wconf 87' lang='lat' dir='ltr'>matrem</span> <span class='ocrx_word' id='word_1_299' title='bbox 998 2752 1109 2784; x_wconf 87' lang='lat' dir='ltr'>Odonis</span> 
     </span>
     <span class='ocr_line' id='line_1_52' title="bbox 234 2797 1110 2844; baseline 0.009 -17"><span class='ocrx_word' id='word_1_300' title='bbox 234 2799 362 2828; x_wconf 86' lang='lat' dir='ltr'>Comitis</span> <span class='ocrx_word' id='word_1_301' title='bbox 385 2819 396 2835; x_wconf 90' lang='lat'><strong>,</strong></span> <span class='ocrx_word' id='word_1_302' title='bbox 433 2797 579 2831; x_wconf 86' lang='lat' dir='ltr'>Bertbam</span> <span class='ocrx_word' id='word_1_303' title='bbox 600 2806 714 2834; x_wconf 87' lang='lat' dir='ltr'>nomine</span> <span class='ocrx_word' id='word_1_304' title='bbox 735 2826 746 2841; x_wconf 90' lang='lat'>,</span> <span class='ocrx_word' id='word_1_305' title='bbox 781 2807 832 2844; x_wconf 84' lang='lat' dir='ltr'>qui</span> <span class='ocrx_word' id='word_1_306' title='bbox 854 2802 956 2835; x_wconf 79' lang='lat' dir='ltr'>eodem</span> <span class='ocrx_word' id='word_1_307' title='bbox 981 2809 1110 2843; x_wconf 87' lang='lat' dir='ltr'>tempore</span> 
     </span>
     <span class='ocr_line' id='line_1_53' title="bbox 230 2847 1109 2895; baseline 0.009 -17"><span class='ocrx_word' id='word_1_308' title='bbox 230 2847 374 2889; x_wconf 83' lang='lat' dir='ltr'>puerulus</span> <span class='ocrx_word' id='word_1_309' title='bbox 385 2855 469 2879; x_wconf 87' lang='lat' dir='ltr'>erat.</span> <span class='ocrx_word' id='word_1_310' title='bbox 497 2849 553 2879; x_wconf 79' lang='lat' dir='ltr'>illa</span> <span class='ocrx_word' id='word_1_311' title='bbox 565 2858 661 2882; x_wconf 82' lang='lat' dir='ltr'>autem</span> <span class='ocrx_word' id='word_1_312' title='bbox 679 2861 835 2885; x_wconf 86' lang='lat' dir='ltr'>commater</span> <span class='ocrx_word' id='word_1_313' title='bbox 859 2849 992 2893; x_wconf 72' lang='lat' dir='ltr'>ejusdem</span> <span class='ocrx_word' id='word_1_314' title='bbox 1016 2855 1109 2895; x_wconf 83' lang='lat' dir='ltr'>Regis</span> 
     </span>
     <span class='ocr_line' id='line_1_54' title="bbox 230 2895 1111 2944; baseline 0.007 -16"><span class='ocrx_word' id='word_1_315' title='bbox 230 2895 356 2938; x_wconf 86' lang='lat' dir='ltr'>fuerat</span> <span class='ocrx_word' id='word_1_316' title='bbox 384 2897 467 2929; x_wconf 85' lang='lat' dir='ltr'>Idem</span> <span class='ocrx_word' id='word_1_317' title='bbox 478 2907 603 2938; x_wconf 82' lang='lat' dir='ltr'>namque</span> <span class='ocrx_word' id='word_1_318' title='bbox 612 2902 677 2931; x_wconf 80' lang='lat' dir='ltr'>Rex</span> <span class='ocrx_word' id='word_1_319' title='bbox 686 2901 781 2942; x_wconf 85' lang='lat' dir='ltr'>filium</span> <span class='ocrx_word' id='word_1_320' title='bbox 792 2899 847 2942; x_wconf 80' lang='lat' dir='ltr'>ips</span> <span class='ocrx_word' id='word_1_321' title='bbox 833 2913 878 2934; x_wconf 89' lang='lat' dir='ltr'>us</span> <span class='ocrx_word' id='word_1_322' title='bbox 889 2902 925 2934; x_wconf 89' lang='lat' dir='ltr'>de</span> <span class='ocrx_word' id='word_1_323' title='bbox 929 2899 1012 2943; x_wconf 85' lang='lat' dir='ltr'>sacro</span> <span class='ocrx_word' id='word_1_324' title='bbox 1021 2900 1111 2944; x_wconf 80' lang='lat' dir='ltr'>sus&#39;ce-</span> 
     </span>
     <span class='ocr_line' id='line_1_55' title="bbox 232 2946 1115 2993; baseline 0.006 -15"><span class='ocrx_word' id='word_1_325' title='bbox 232 2953 324 2988; x_wconf 83' lang='lat' dir='ltr'><em>perat</em></span> <span class='ocrx_word' id='word_1_326' title='bbox 335 2946 475 2979; x_wconf 81' lang='lat' dir='ltr'>lavacro.</span> <span class='ocrx_word' id='word_1_327' title='bbox 502 2947 594 2988; x_wconf 75' lang='lat' dir='ltr'>,Quod</span> <span class='ocrx_word' id='word_1_328' title='bbox 604 2949 755 2990; x_wconf 75' lang='lat' dir='ltr'>agnoftens</span> <span class='ocrx_word' id='word_1_329' title='bbox 770 2954 859 2992; x_wconf 86' lang='lat' dir='ltr'>Papa</span> <span class='ocrx_word' id='word_1_330' title='bbox 871 2954 1027 2993; x_wconf 81' lang='lat' dir='ltr'>Gregorius</span> <span class='ocrx_word' id='word_1_331' title='bbox 1041 2950 1115 2993; x_wconf 81' lang='lat' dir='ltr'>sex·</span> 
     </span>
     <span class='ocr_line' id='line_1_56' title="bbox 237 2996 1113 3041; baseline 0.008 -13"><span class='ocrx_word' id='word_1_332' title='bbox 237 3004 287 3028; x_wconf 82' lang='lat' dir='ltr'>tus</span> <span class='ocrx_word' id='word_1_333' title='bbox 297 3004 390 3027; x_wconf 84' lang='lat' dir='ltr'>totam</span> <span class='ocrx_word' id='word_1_334' title='bbox 403 2999 565 3028; x_wconf 85' lang='lat' dir='ltr'>Franciam</span> <span class='ocrx_word' id='word_1_335' title='bbox 577 2996 766 3032; x_wconf 84' lang='lat' dir='ltr'>anathemate</span> <span class='ocrx_word' id='word_1_336' title='bbox 770 3001 887 3041; x_wconf 78' lang='lat' dir='ltr'>percuff</span> <span class='ocrx_word' id='word_1_337' title='bbox 886 3009 917 3032; x_wconf 92' lang='lat' dir='ltr'>t</span> <span class='ocrx_word' id='word_1_338' title='bbox 943 3002 1035 3034; x_wconf 76' lang='lat' dir='ltr'>Porro</span> <span class='ocrx_word' id='word_1_339' title='bbox 1047 3005 1113 3036; x_wconf 75' lang='lat' dir='ltr'>Rex</span> 
     </span>
     <span class='ocr_line' id='line_1_57' title="bbox 238 3044 1107 3094; baseline 0.009 -18"><span class='ocrx_word' id='word_1_340' title='bbox 238 3044 472 3088; x_wconf 79' lang='lat' dir='ltr'>amoreejusdem</span> <span class='ocrx_word' id='word_1_341' title='bbox 483 3047 614 3079; x_wconf 87' lang='lat' dir='ltr'>mulieris</span> <span class='ocrx_word' id='word_1_342' title='bbox 637 3048 705 3087; x_wconf 85' lang='lat' dir='ltr'>plus</span> <span class='ocrx_word' id='word_1_343' title='bbox 718 3048 797 3088; x_wconf 85' lang='lat' dir='ltr'>J‘usto</span> <span class='ocrx_word' id='word_1_344' title='bbox 818 3051 978 3089; x_wconf 83' lang='lat' dir='ltr'>detentus,</span> <span class='ocrx_word' id='word_1_345' title='bbox 1004 3061 1107 3094; x_wconf 86' lang='lat' dir='ltr'>nequa</span> 
     </span>
     <span class='ocr_line' id='line_1_58' title="bbox 238 3097 1113 3143; baseline 0.008 -17"><span class='ocrx_word' id='word_1_346' title='bbox 238 3105 331 3136; x_wconf 83' lang='lat' dir='ltr'>quam</span> <span class='ocrx_word' id='word_1_347' title='bbox 351 3105 414 3127; x_wconf 88' lang='lat' dir='ltr'>eam</span> <span class='ocrx_word' id='word_1_348' title='bbox 436 3097 583 3129; x_wconf 84' lang='lat' dir='ltr'>dimittere</span> <span class='ocrx_word' id='word_1_349' title='bbox 604 3098 722 3135; x_wconf 85' lang='lat' dir='ltr'>voluit,</span> <span class='ocrx_word' id='word_1_350' title='bbox 749 3099 836 3131; x_wconf 86' lang='lat' dir='ltr'>donec</span> <span class='ocrx_word' id='word_1_351' title='bbox 860 3107 1042 3141; x_wconf 83' lang='lat' dir='ltr'>omnipotens</span> <span class='ocrx_word' id='word_1_352' title='bbox 1057 3110 1113 3143; x_wconf 91' lang='lat' dir='ltr'>per</span> 
     </span>
     <span class='ocr_line' id='line_1_59' title="bbox 234 3142 1112 3190; baseline 0.008 -13"><span class='ocrx_word' id='word_1_353' title='bbox 234 3142 269 3188; x_wconf 79' lang='lat' dir='ltr'>se</span> <span class='ocrx_word' id='word_1_354' title='bbox 291 3148 427 3186; x_wconf 85' lang='lat' dir='ltr'>corrigere</span> <span class='ocrx_word' id='word_1_355' title='bbox 444 3147 569 3179; x_wconf 84' lang='lat' dir='ltr'>eundem</span> <span class='ocrx_word' id='word_1_356' title='bbox 590 3149 696 3190; x_wconf 82' lang='lat' dir='ltr'>Regem</span> <span class='ocrx_word' id='word_1_357' title='bbox 717 3146 849 3186; x_wconf 81' lang='lat' dir='ltr'>studuit.</span> <span class='ocrx_word' id='word_1_358' title='bbox 875 3151 954 3182; x_wconf 88' lang='lat' dir='ltr'>Dum</span> <span class='ocrx_word' id='word_1_359' title='bbox 972 3155 1053 3184; x_wconf 87' lang='lat' dir='ltr'>enim</span> <span class='ocrx_word' id='word_1_360' title='bbox 1074 3152 1112 3184; x_wconf 90' lang='lat' dir='ltr'>de</span> 
     </span>
     <span class='ocr_line' id='line_1_60' title="bbox 233 3195 1113 3243; baseline 0.003 -16"><span class='ocrx_word' id='word_1_361' title='bbox 233 3195 339 3227; x_wconf 69' lang='lat' dir='ltr'>eodem</span> <span class='ocrx_word' id='word_1_362' title='bbox 365 3197 442 3237; x_wconf 83' lang='lat' dir='ltr'>Rege</span> <span class='ocrx_word' id='word_1_363' title='bbox 463 3197 564 3229; x_wconf 85' lang='lat' dir='ltr'>eadem</span> <span class='ocrx_word' id='word_1_364' title='bbox 588 3197 691 3229; x_wconf 85' lang='lat' dir='ltr'>mulier</span> <span class='ocrx_word' id='word_1_365' title='bbox 715 3198 878 3239; x_wconf 77' lang='lat' dir='ltr'>concepisset</span> <span class='ocrx_word' id='word_1_366' title='bbox 898 3220 909 3236; x_wconf 86' lang='lat'>,</span> <span class='ocrx_word' id='word_1_367' title='bbox 942 3201 1058 3234; x_wconf 81' lang='lat' dir='ltr'>credens</span> <span class='ocrx_word' id='word_1_368' title='bbox 1080 3199 1113 3243; x_wconf 71' lang='lat' dir='ltr'>ft</span> 
     </span>
     <span class='ocr_line' id='line_1_61' title="bbox 234 3243 1112 3290; baseline 0.007 -14"><span class='ocrx_word' id='word_1_369' title='bbox 234 3249 412 3286; x_wconf 73' lang='lat' dir='ltr'>parituram</span> <span class='ocrx_word' id='word_1_370' title='bbox 428 3243 523 3285; x_wconf 83' lang='lat' dir='ltr'>filium</span> <span class='ocrx_word' id='word_1_371' title='bbox 539 3252 656 3287; x_wconf 79' lang='lat' dir='ltr'>peperit</span> <span class='ocrx_word' id='word_1_372' title='bbox 682 3247 854 3286; x_wconf 86' lang='lat' dir='ltr'>monstrum.</span> <span class='ocrx_word' id='word_1_373' title='bbox 882 3249 962 3290; x_wconf 63' lang='lat' dir='ltr'>‚Quae</span> <span class='ocrx_word' id='word_1_374' title='bbox 986 3260 1034 3281; x_wconf 86' lang='lat' dir='ltr'>res</span> <span class='ocrx_word' id='word_1_375' title='bbox 1058 3253 1112 3282; x_wconf 80' lang='lat' dir='ltr'>Re-</span> 
     </span>
     <span class='ocr_line' id='line_1_62' title="bbox 229 3296 1111 3338; baseline 0.007 -12"><span class='ocrx_word' id='word_1_376' title='bbox 229 3304 304 3337; x_wconf 75' lang='lat' dir='ltr'>gem</span> <span class='ocrx_word' id='word_1_377' title='bbox 332 3299 492 3334; x_wconf 81' lang='lat' dir='ltr'>perterruit</span> <span class='ocrx_word' id='word_1_378' title='bbox 516 3318 526 3333; x_wconf 93' lang='lat'>‚</span> <span class='ocrx_word' id='word_1_379' title='bbox 559 3297 594 3328; x_wconf 64' lang='grc' dir='ltr'>δ’</span> <span class='ocrx_word' id='word_1_380' title='bbox 618 3296 725 3329; x_wconf 77' lang='lat' dir='ltr'>librum</span> <span class='ocrx_word' id='word_1_381' title='bbox 745 3299 861 3338; x_wconf 84' lang='lat' dir='ltr'>repudii</span> <span class='ocrx_word' id='word_1_382' title='bbox 885 3298 979 3330; x_wconf 85' lang='lat' dir='ltr'>eidem</span> <span class='ocrx_word' id='word_1_383' title='bbox 999 3298 1111 3332; x_wconf 84' lang='lat' dir='ltr'>mulieri</span> 
     </span>
     <span class='ocr_line' id='line_1_63' title="bbox 238 3343 1112 3389; baseline 0.007 -13"><span class='ocrx_word' id='word_1_384' title='bbox 238 3344 312 3376; x_wconf 79' lang='lat' dir='ltr'>dare</span> <span class='ocrx_word' id='word_1_385' title='bbox 323 3344 475 3385; x_wconf 89' lang='lat' dir='ltr'>compulit.</span> <span class='ocrx_word' id='word_1_386' title='bbox 495 3343 674 3386; x_wconf 51' lang='lat' dir='ltr'>,Quofac‘lffi</span> <span class='ocrx_word' id='word_1_387' title='bbox 686 3344 801 3389; x_wconf 77' lang='lat' dir='ltr'>absolvi</span> <span class='ocrx_word' id='word_1_388' title='bbox 809 3358 872 3380; x_wconf 89' lang='lat' dir='ltr'>cum</span> <span class='ocrx_word' id='word_1_389' title='bbox 883 3345 998 3389; x_wconf 77' lang='lat' dir='ltr'>totofiio</span> <span class='ocrx_word' id='word_1_390' title='bbox 1007 3354 1112 3382; x_wconf 85' lang='lat' dir='ltr'>meruit</span> 
     </span>
     <span class='ocr_line' id='line_1_64' title="bbox 239 3392 1112 3441; baseline 0.006 -14"><span class='ocrx_word' id='word_1_391' title='bbox 239 3395 356 3438; x_wconf 71' lang='lat' dir='ltr'>Regno.</span> <span class='ocrx_word' id='word_1_392' title='bbox 383 3392 569 3441; x_wconf 87' lang='lat' dir='ltr'>Qomodo</span> <span class='ocrx_word' id='word_1_393' title='bbox 590 3393 715 3430; x_wconf 79' lang='lat' dir='ltr'>dimiffa</span> <span class='ocrx_word' id='word_1_394' title='bbox 738 3396 857 3431; x_wconf 85' lang='lat' dir='ltr'>Bertha</span> <span class='ocrx_word' id='word_1_395' title='bbox 877 3396 1019 3431; x_wconf 85' lang='lat' dir='ltr'>Romam</span> <span class='ocrx_word' id='word_1_396' title='bbox 1040 3398 1112 3432; x_wconf 84' lang='lat' dir='ltr'>ierit</span> 
     </span>
     <span class='ocr_line' id='line_1_65' title="bbox 240 3443 1113 3494; baseline 0.01 -19"><span class='ocrx_word' id='word_1_397' title='bbox 240 3443 380 3485; x_wconf 75' lang='lat' dir='ltr'>petitura</span> <span class='ocrx_word' id='word_1_398' title='bbox 408 3443 633 3486; x_wconf 84' lang='lat' dir='ltr'>Apostolicam</span> <span class='ocrx_word' id='word_1_399' title='bbox 648 3445 956 3490; x_wconf 68' lang='lat' dir='ltr'>dispensationem,</span> <span class='ocrx_word' id='word_1_400' title='bbox 983 3447 1018 3484; x_wconf 77' lang='grc' dir='ltr'>,δε</span> <span class='ocrx_word' id='word_1_401' title='bbox 1033 3459 1113 3494; x_wconf 58' lang='lat' dir='ltr'>quor</span> 
     </span>
    </p>

    <p class='ocr_par' dir='ltr' id='par_1_15' title="bbox 348 3491 800 3538">
     <span class='ocr_line' id='line_1_66' title="bbox 348 3491 800 3538; baseline 0.007 -12"><span class='ocrx_word' id='word_1_402' title='bbox 348 3491 456 3533; x_wconf 72' lang='lat' dir='ltr'>Christ.</span> <span class='ocrx_word' id='word_1_403' title='bbox 468 3497 546 3538; x_wconf 89' lang='lat' dir='ltr'>Lupi</span> <span class='ocrx_word' id='word_1_404' title='bbox 557 3498 646 3538; x_wconf 82' lang='lat' dir='ltr'>oper</span> <span class='ocrx_word' id='word_1_405' title='bbox 657 3497 735 3529; x_wconf 75' lang='lat' dir='ltr'>rom.</span> <span class='ocrx_word' id='word_1_406' title='bbox 748 3500 800 3531; x_wconf 82' lang='lat' dir='ltr'>JV.</span> 
     </span>
    </p>
   </div>
   <div class='ocr_carea' id='block_1_13' title="bbox 1153 648 2228 3543">
    <p class='ocr_par' dir='ltr' id='par_1_16' title="bbox 1178 648 2058 847">
     <span class='ocr_line' id='line_1_67' title="bbox 1178 648 2053 698; baseline -0.001 -8"><span class='ocrx_word' id='word_1_407' title='bbox 1178 655 1279 690; x_wconf 87' lang='lat' dir='ltr'>modo</span> <span class='ocrx_word' id='word_1_408' title='bbox 1299 654 1371 698; x_wconf 86' lang='lat' dir='ltr'>post</span> <span class='ocrx_word' id='word_1_409' title='bbox 1390 653 1459 697; x_wconf 80' lang='lat' dir='ltr'>ejus</span> <span class='ocrx_word' id='word_1_410' title='bbox 1477 651 1667 688; x_wconf 73' lang='lat' dir='ltr'>obtinendae</span> <span class='ocrx_word' id='word_1_411' title='bbox 1692 648 1952 695; x_wconf 82' lang='lat' dir='ltr'>desperationem</span> <span class='ocrx_word' id='word_1_412' title='bbox 1976 654 2053 689; x_wconf 85' lang='lat' dir='ltr'>Rex</span> 
     </span>
     <span class='ocr_line' id='line_1_68' title="bbox 1181 702 2056 745; baseline 0 -6"><span class='ocrx_word' id='word_1_413' title='bbox 1181 704 1486 739; x_wconf 78' lang='lat' dir='ltr'>Robertustandem</span> <span class='ocrx_word' id='word_1_414' title='bbox 1506 704 1638 737; x_wconf 85' lang='lat' dir='ltr'>duxerit</span> <span class='ocrx_word' id='word_1_415' title='bbox 1656 702 1909 745; x_wconf 85' lang='lat' dir='ltr'>Constantiam,</span> <span class='ocrx_word' id='word_1_416' title='bbox 1935 705 1970 738; x_wconf 89' lang='lat' dir='ltr'>in</span> <span class='ocrx_word' id='word_1_417' title='bbox 1995 705 2056 739; x_wconf 85' lang='lat' dir='ltr'>suo</span> 
     </span>
     <span class='ocr_line' id='line_1_69' title="bbox 1179 752 2057 788; baseline 0 0"><span class='ocrx_word' id='word_1_418' title='bbox 1179 754 1348 788; x_wconf 90' lang='lat' dir='ltr'>Chronico</span> <span class='ocrx_word' id='word_1_419' title='bbox 1357 754 1499 788; x_wconf 76' lang='lat' dir='ltr'>edifferit</span> <span class='ocrx_word' id='word_1_420' title='bbox 1507 752 1697 787; x_wconf 88' lang='lat' dir='ltr'>Monachus</span> <span class='ocrx_word' id='word_1_421' title='bbox 1709 753 1914 787; x_wconf 82' lang='lat' dir='ltr'>Oderamnus</span> <span class='ocrx_word' id='word_1_422' title='bbox 1925 779 1931 786; x_wconf 92' lang='lat'>.</span> <span class='ocrx_word' id='word_1_423' title='bbox 1944 755 2057 788; x_wconf 85' lang='lat' dir='ltr'>Etiam</span> 
     </span>
     <span class='ocr_line' id='line_1_70' title="bbox 1180 802 2058 847; baseline 0.001 -10"><span class='ocrx_word' id='word_1_424' title='bbox 1180 805 1361 847; x_wconf 86' lang='lat' dir='ltr'>Episcopos</span> <span class='ocrx_word' id='word_1_425' title='bbox 1373 816 1487 838; x_wconf 88' lang='lat' dir='ltr'>omnes</span> <span class='ocrx_word' id='word_1_426' title='bbox 1498 827 1509 843; x_wconf 87' lang='lat'>‚</span> <span class='ocrx_word' id='word_1_427' title='bbox 1535 804 1591 846; x_wconf 91' lang='lat' dir='ltr'>qui</span> <span class='ocrx_word' id='word_1_428' title='bbox 1604 813 1704 847; x_wconf 87' lang='lat' dir='ltr'>pravo</span> <span class='ocrx_word' id='word_1_429' title='bbox 1717 802 1876 847; x_wconf 79' lang='lat' dir='ltr'>conjugio</span> <span class='ocrx_word' id='word_1_430' title='bbox 1886 804 2058 838; x_wconf 85' lang='lat' dir='ltr'>adsensum</span> 
     </span>
    </p>

    <p class='ocr_par' dir='ltr' id='par_1_17' title="bbox 1179 852 2062 897">
     <span class='ocr_line' id='line_1_71' title="bbox 1179 852 2062 897; baseline -0.002 -9"><span class='ocrx_word' id='word_1_431' title='bbox 1179 865 1234 888; x_wconf 88' lang='lat' dir='ltr'>aut</span> <span class='ocrx_word' id='word_1_432' title='bbox 1245 856 1431 889; x_wconf 89' lang='lat' dir='ltr'>fomentum</span> <span class='ocrx_word' id='word_1_433' title='bbox 1440 853 1594 888; x_wconf 87' lang='lat' dir='ltr'>dederant</span> <span class='ocrx_word' id='word_1_434' title='bbox 1623 878 1634 894; x_wconf 92' lang='lat'>‚</span> <span class='ocrx_word' id='word_1_435' title='bbox 1660 853 1678 886; x_wconf 74' lang='lat' dir='ltr'>a</span> <span class='ocrx_word' id='word_1_436' title='bbox 1693 852 1857 897; x_wconf 81' lang='lat' dir='ltr'>Gregorio</span> <span class='ocrx_word' id='word_1_437' title='bbox 1871 854 1963 886; x_wconf 85' lang='lat' dir='ltr'>sexto</span> <span class='ocrx_word' id='word_1_438' title='bbox 1985 852 2062 886; x_wconf 86' lang='lat' dir='ltr'>fuis-</span> 
     </span>
    </p>

    <p class='ocr_par' dir='ltr' id='par_1_18' title="bbox 1179 902 2060 988">
     <span class='ocr_line' id='line_1_72' title="bbox 1179 902 2060 946; baseline -0.002 -9"><span class='ocrx_word' id='word_1_439' title='bbox 1179 906 1208 938; x_wconf 88' lang='lat' dir='ltr'>se</span> <span class='ocrx_word' id='word_1_440' title='bbox 1219 905 1364 940; x_wconf 84' lang='lat' dir='ltr'>Romam</span> <span class='ocrx_word' id='word_1_441' title='bbox 1377 914 1558 942; x_wconf 87' lang='lat' dir='ltr'>evocatos,</span> <span class='ocrx_word' id='word_1_442' title='bbox 1583 903 1617 937; x_wconf 89' lang='lat'>&amp;</span> <span class='ocrx_word' id='word_1_443' title='bbox 1635 905 1765 946; x_wconf 83' lang='lat' dir='ltr'>plenam</span> <span class='ocrx_word' id='word_1_444' title='bbox 1777 902 1847 936; x_wconf 91' lang='lat' dir='ltr'>istic</span> <span class='ocrx_word' id='word_1_445' title='bbox 1875 903 1973 946; x_wconf 78' lang='lat' dir='ltr'>egisie</span> <span class='ocrx_word' id='word_1_446' title='bbox 1995 912 2060 945; x_wconf 86' lang='lat' dir='ltr'>poe-</span> 
     </span>
     <span class='ocr_line' id='line_1_73' title="bbox 1179 951 2061 993; baseline -0.002 -6"><span class='ocrx_word' id='word_1_447' title='bbox 1179 955 1377 993; x_wconf 87' lang='lat' dir='ltr'>nitentiam,</span> <span class='ocrx_word' id='word_1_448' title='bbox 1404 955 1438 987; x_wconf 88' lang='lat' dir='ltr'>in</span> <span class='ocrx_word' id='word_1_449' title='bbox 1453 953 1567 988; x_wconf 87' lang='lat' dir='ltr'>litteris</span> <span class='ocrx_word' id='word_1_450' title='bbox 1578 954 1617 987; x_wconf 89' lang='lat' dir='ltr'>ad</span> <span class='ocrx_word' id='word_1_451' title='bbox 1649 952 1788 987; x_wconf 86' lang='lat' dir='ltr'>Roberti</span> <span class='ocrx_word' id='word_1_452' title='bbox 1810 953 1918 986; x_wconf 87' lang='lat' dir='ltr'>filium</span> <span class='ocrx_word' id='word_1_453' title='bbox 1938 951 2061 985; x_wconf 86' lang='lat' dir='ltr'>Henri·</span> 
     </span>
    </p>

    <p class='ocr_par' dir='ltr' id='par_1_19' title="bbox 1178 1002 2228 1148">
     <span class='ocr_line' id='line_1_74' title="bbox 1178 1002 2059 1048; baseline -0.001 -11"><span class='ocrx_word' id='word_1_454' title='bbox 1178 1016 1253 1038; x_wconf 90' lang='lat' dir='ltr'>cum</span> <span class='ocrx_word' id='word_1_455' title='bbox 1276 1005 1404 1048; x_wconf 82' lang='lat' dir='ltr'>Regem</span> <span class='ocrx_word' id='word_1_456' title='bbox 1427 1004 1534 1038; x_wconf 90' lang='lat' dir='ltr'>scribit</span> <span class='ocrx_word' id='word_1_457' title='bbox 1559 1003 1667 1037; x_wconf 88' lang='lat' dir='ltr'>noster</span> <span class='ocrx_word' id='word_1_458' title='bbox 1686 1004 1756 1037; x_wconf 88' lang='lat' dir='ltr'>Leo</span> <span class='ocrx_word' id='word_1_459' title='bbox 1777 1014 1912 1037; x_wconf 89' lang='lat' dir='ltr'>nonus.</span> <span class='ocrx_word' id='word_1_460' title='bbox 1942 1002 2059 1036; x_wconf 79' lang='lat' dir='ltr'>Exstat</span> 
     </span>
     <span class='ocr_line' id='line_1_75' title="bbox 1180 1046 2228 1097; baseline -0.003 -9"><span class='ocrx_word' id='word_1_461' title='bbox 1180 1053 1365 1097; x_wconf 81' lang='lat' dir='ltr'>Epistolain</span> <span class='ocrx_word' id='word_1_462' title='bbox 1375 1053 1773 1089; x_wconf 71' lang='lat' dir='ltr'>DecretoSanffiIvonis.</span> <span class='ocrx_word' id='word_1_463' title='bbox 1788 1051 2057 1087; x_wconf 87' lang='lat' dir='ltr'>EtiamHeraclii</span> <span class='ocrx_word' id='word_1_464' title='bbox 2075 1046 2137 1078; x_wconf 81' lang='lat' dir='ltr'>L1b·</span> <span class='ocrx_word' id='word_1_465' title='bbox 2150 1058 2178 1085; x_wconf 90' lang='lat'>9·</span> <span class='ocrx_word' id='word_1_466' title='bbox 2198 1057 2228 1080; x_wconf 83' lang='lat' dir='ltr'>C·</span> 
     </span>
     <span class='ocr_line' id='line_1_76' title="bbox 1181 1091 2104 1162; baseline 0 -26"><span class='ocrx_word' id='word_1_467' title='bbox 1181 1104 1320 1162; x_wconf 78' lang='lat' dir='ltr'>Augusti</span> <span class='ocrx_word' id='word_1_468' title='bbox 1343 1105 1461 1138; x_wconf 84' lang='lat' dir='ltr'>infelix</span> <span class='ocrx_word' id='word_1_469' title='bbox 1486 1104 1686 1148; x_wconf 87' lang='lat' dir='ltr'>Imperium,</span> <span class='ocrx_word' id='word_1_470' title='bbox 1713 1115 1752 1137; x_wconf 91' lang='lat' dir='ltr'>ac</span> <span class='ocrx_word' id='word_1_471' title='bbox 1774 1102 1899 1137; x_wconf 86' lang='lat' dir='ltr'>soedum</span> <span class='ocrx_word' id='word_1_472' title='bbox 1922 1102 2060 1146; x_wconf 84' lang='lat' dir='ltr'>Priapis-</span> <span class='ocrx_word' id='word_1_473' title='bbox 2077 1091 2104 1117; x_wconf 77' lang='lat'>⁸¹</span> 
     </span>
    </p>

    <p class='ocr_par' dir='ltr' id='par_1_20' title="bbox 1179 1153 2059 1195">
     <span class='ocr_line' id='line_1_77' title="bbox 1179 1153 2059 1195; baseline 0 -8"><span class='ocrx_word' id='word_1_474' title='bbox 1179 1156 1222 1187; x_wconf 88' lang='lat' dir='ltr'>mi</span> <span class='ocrx_word' id='word_1_475' title='bbox 1238 1155 1390 1189; x_wconf 84' lang='lat' dir='ltr'>morbum</span> <span class='ocrx_word' id='word_1_476' title='bbox 1409 1155 1501 1188; x_wconf 75' lang='lat' dir='ltr'>fuine</span> <span class='ocrx_word' id='word_1_477' title='bbox 1513 1153 1693 1188; x_wconf 83' lang='lat' dir='ltr'>incaestuofi</span> <span class='ocrx_word' id='word_1_478' title='bbox 1703 1164 1779 1186; x_wconf 87' lang='lat' dir='ltr'>curn</span> <span class='ocrx_word' id='word_1_479' title='bbox 1791 1164 1888 1195; x_wconf 82' lang='lat' dir='ltr'>nepte</span> <span class='ocrx_word' id='word_1_480' title='bbox 1910 1153 2059 1188; x_wconf 75' lang='lat' dir='ltr'>Martina</span> 
     </span>
    </p>

    <p class='ocr_par' dir='ltr' id='par_1_21' title="bbox 1162 1202 2216 2795">
     <span class='ocr_line' id='line_1_78' title="bbox 1178 1202 2216 1248; baseline -0.004 -11"><span class='ocrx_word' id='word_1_481' title='bbox 1178 1204 1325 1248; x_wconf 87' lang='lat' dir='ltr'>conjugii</span> <span class='ocrx_word' id='word_1_482' title='bbox 1341 1216 1452 1248; x_wconf 83' lang='lat' dir='ltr'>poenas</span> <span class='ocrx_word' id='word_1_483' title='bbox 1468 1205 1629 1239; x_wconf 85' lang='lat' dir='ltr'>affirmant</span> <span class='ocrx_word' id='word_1_484' title='bbox 1656 1203 1767 1246; x_wconf 88' lang='lat' dir='ltr'>paffim</span> <span class='ocrx_word' id='word_1_485' title='bbox 1791 1202 1895 1237; x_wconf 81' lang='lat' dir='ltr'>Graeci</span> <span class='ocrx_word' id='word_1_486' title='bbox 1924 1203 2061 1246; x_wconf 83' lang='lat' dir='ltr'>scripto·</span> <span class='ocrx_word' id='word_1_487' title='bbox 2076 1207 2112 1235; x_wconf 88' lang='lat' dir='ltr'>A.</span> <span class='ocrx_word' id='word_1_488' title='bbox 2130 1208 2216 1241; x_wconf 66' lang='lat'><em>1031:</em></span> 
     </span>
     <span class='ocr_line' id='line_1_79' title="bbox 1179 1252 2060 1297; baseline 0.001 -10"><span class='ocrx_word' id='word_1_489' title='bbox 1179 1266 1225 1288; x_wconf 90' lang='lat' dir='ltr'>res</span> <span class='ocrx_word' id='word_1_490' title='bbox 1235 1280 1242 1287; x_wconf 89' lang='lat'>.</span> <span class='ocrx_word' id='word_1_491' title='bbox 1271 1256 1383 1289; x_wconf 84' lang='lat' dir='ltr'>Etiam</span> <span class='ocrx_word' id='word_1_492' title='bbox 1393 1253 1567 1289; x_wconf 87' lang='lat' dir='ltr'>Othonem</span> <span class='ocrx_word' id='word_1_493' title='bbox 1580 1255 1722 1297; x_wconf 86' lang='lat' dir='ltr'>primum</span> <span class='ocrx_word' id='word_1_494' title='bbox 1739 1254 1928 1297; x_wconf 85' lang='lat' dir='ltr'>Augustum</span> <span class='ocrx_word' id='word_1_495' title='bbox 1942 1277 1952 1294; x_wconf 91' lang='lat'>‚</span> <span class='ocrx_word' id='word_1_496' title='bbox 1978 1252 2060 1288; x_wconf 84' lang='lat' dir='ltr'>licet</span> 
     </span>
     <span class='ocr_line' id='line_1_80' title="bbox 1179 1302 2056 1348; baseline 0.001 -11"><span class='ocrx_word' id='word_1_497' title='bbox 1179 1305 1341 1338; x_wconf 87' lang='lat' dir='ltr'>summum</span> <span class='ocrx_word' id='word_1_498' title='bbox 1355 1304 1503 1339; x_wconf 81' lang='lat' dir='ltr'>Ecclefiae</span> <span class='ocrx_word' id='word_1_499' title='bbox 1513 1303 1714 1339; x_wconf 83' lang='lat' dir='ltr'>defensorem</span> <span class='ocrx_word' id='word_1_500' title='bbox 1726 1328 1736 1343; x_wconf 91' lang='lat'>‚</span> <span class='ocrx_word' id='word_1_501' title='bbox 1752 1303 1842 1348; x_wconf 90' lang='lat' dir='ltr'>quod</span> <span class='ocrx_word' id='word_1_502' title='bbox 1856 1302 2056 1338; x_wconf 80' lang='lat' dir='ltr'>Adelaidem</span> 
     </span>
     <span class='ocr_line' id='line_1_81' title="bbox 1177 1353 2058 1396; baseline -0.001 -9"><span class='ocrx_word' id='word_1_503' title='bbox 1177 1355 1376 1396; x_wconf 85' lang='lat' dir='ltr'>spiritualem</span> <span class='ocrx_word' id='word_1_504' title='bbox 1415 1365 1626 1389; x_wconf 88' lang='lat' dir='ltr'>commatrem</span> <span class='ocrx_word' id='word_1_505' title='bbox 1653 1354 1815 1394; x_wconf 75' lang='lat' dir='ltr'>duxisset,</span> <span class='ocrx_word' id='word_1_506' title='bbox 1841 1353 2058 1387; x_wconf 75' lang='lat' dir='ltr'>aGuilielmo</span> 
     </span>
     <span class='ocr_line' id='line_1_82' title="bbox 1177 1403 2062 1449; baseline 0 -12"><span class='ocrx_word' id='word_1_507' title='bbox 1177 1405 1385 1449; x_wconf 89' lang='lat' dir='ltr'>Moguntino</span> <span class='ocrx_word' id='word_1_508' title='bbox 1412 1404 1671 1447; x_wconf 85' lang='lat' dir='ltr'>Archiepiscopo</span> <span class='ocrx_word' id='word_1_509' title='bbox 1689 1429 1700 1444; x_wconf 90' lang='lat'>‚</span> <span class='ocrx_word' id='word_1_510' title='bbox 1727 1403 1858 1447; x_wconf 88' lang='lat' dir='ltr'>proprio</span> <span class='ocrx_word' id='word_1_511' title='bbox 1881 1403 1938 1437; x_wconf 87' lang='lat' dir='ltr'>suo</span> <span class='ocrx_word' id='word_1_512' title='bbox 1961 1403 2032 1437; x_wconf 88' lang='lat' dir='ltr'>filio</span> <span class='ocrx_word' id='word_1_513' title='bbox 2048 1426 2062 1444; x_wconf 90' lang='lat'>,</span> 
     </span>
     <span class='ocr_line' id='line_1_83' title="bbox 1176 1452 2061 1492; baseline 0 -5"><span class='ocrx_word' id='word_1_514' title='bbox 1176 1455 1500 1487; x_wconf 86' lang='lat' dir='ltr'>excommunicatum</span> <span class='ocrx_word' id='word_1_515' title='bbox 1514 1478 1524 1492; x_wconf 91' lang='lat'><strong><em>,</em></strong></span> <span class='ocrx_word' id='word_1_516' title='bbox 1550 1454 1584 1486; x_wconf 91' lang='lat'>&amp;</span> <span class='ocrx_word' id='word_1_517' title='bbox 1608 1452 1864 1487; x_wconf 84' lang='lat' dir='ltr'>recalcitrantem</span> <span class='ocrx_word' id='word_1_518' title='bbox 1874 1453 1969 1486; x_wconf 80' lang='lat' dir='ltr'>fuiss&#39;e</span> <span class='ocrx_word' id='word_1_519' title='bbox 1983 1463 2061 1487; x_wconf 85' lang='lat' dir='ltr'>evo-</span> 
     </span>
     <span class='ocr_line' id='line_1_84' title="bbox 1176 1502 2062 1537; baseline 0.001 -1"><span class='ocrx_word' id='word_1_520' title='bbox 1176 1514 1287 1537; x_wconf 86' lang='lat' dir='ltr'>catum</span> <span class='ocrx_word' id='word_1_521' title='bbox 1309 1503 1350 1537; x_wconf 88' lang='lat' dir='ltr'>ad</span> <span class='ocrx_word' id='word_1_522' title='bbox 1374 1503 1539 1536; x_wconf 90' lang='lat' dir='ltr'>Divinum</span> <span class='ocrx_word' id='word_1_523' title='bbox 1573 1502 1742 1536; x_wconf 84' lang='lat' dir='ltr'>Tribunal</span> <span class='ocrx_word' id='word_1_524' title='bbox 1764 1503 1800 1534; x_wconf 91' lang='lat' dir='ltr'>in</span> <span class='ocrx_word' id='word_1_525' title='bbox 1828 1502 1916 1535; x_wconf 89' lang='lat' dir='ltr'>diem</span> <span class='ocrx_word' id='word_1_526' title='bbox 1943 1502 2062 1537; x_wconf 75' lang='lat' dir='ltr'>Pente·</span> 
     </span>
     <span class='ocr_line' id='line_1_85' title="bbox 1176 1551 2062 1591; baseline 0 -5"><span class='ocrx_word' id='word_1_527' title='bbox 1176 1553 1278 1586; x_wconf 87' lang='lat' dir='ltr'>costes</span> <span class='ocrx_word' id='word_1_528' title='bbox 1294 1576 1304 1591; x_wconf 93' lang='lat'><strong>‚</strong></span> <span class='ocrx_word' id='word_1_529' title='bbox 1331 1553 1468 1586; x_wconf 82' lang='lat' dir='ltr'>affirmat</span> <span class='ocrx_word' id='word_1_530' title='bbox 1493 1552 1527 1584; x_wconf 90' lang='lat' dir='ltr'>in</span> <span class='ocrx_word' id='word_1_531' title='bbox 1552 1552 1689 1585; x_wconf 88' lang='lat' dir='ltr'>laudatis</span> <span class='ocrx_word' id='word_1_532' title='bbox 1710 1551 1829 1585; x_wconf 81' lang='lat' dir='ltr'>litteris</span> <span class='ocrx_word' id='word_1_533' title='bbox 1842 1551 1989 1586; x_wconf 85' lang='lat' dir='ltr'>laudatus</span> <span class='ocrx_word' id='word_1_534' title='bbox 2002 1552 2062 1586; x_wconf 88' lang='lat' dir='ltr'>Pe·</span> 
     </span>
     <span class='ocr_line' id='line_1_86' title="bbox 1176 1600 2066 1645; baseline -0.001 -10"><span class='ocrx_word' id='word_1_535' title='bbox 1176 1611 1242 1636; x_wconf 86' lang='lat' dir='ltr'>trus</span> <span class='ocrx_word' id='word_1_536' title='bbox 1259 1603 1417 1636; x_wconf 86' lang='lat' dir='ltr'>Damiani</span> <span class='ocrx_word' id='word_1_537' title='bbox 1432 1627 1442 1643; x_wconf 96' lang='lat'>,</span> <span class='ocrx_word' id='word_1_538' title='bbox 1468 1602 1736 1645; x_wconf 78' lang='lat' dir='ltr'>&amp;prosequiturz</span> <span class='ocrx_word' id='word_1_539' title='bbox 1764 1601 1892 1634; x_wconf 59' lang='lat' dir='ltr'>Faciam</span> <span class='ocrx_word' id='word_1_540' title='bbox 1916 1601 1954 1642; x_wconf 84' lang='lat' dir='ltr'>est</span> <span class='ocrx_word' id='word_1_541' title='bbox 1978 1600 2066 1644; x_wconf 85' lang='lat' dir='ltr'>ipso,</span> 
     </span>
     <span class='ocr_line' id='line_1_87' title="bbox 1177 1651 2062 1695; baseline -0.001 -10"><span class='ocrx_word' id='word_1_542' title='bbox 1177 1659 1229 1695; x_wconf 86' lang='lat' dir='ltr'>qui</span> <span class='ocrx_word' id='word_1_543' title='bbox 1238 1653 1335 1685; x_wconf 59' lang='lat' dir='ltr'>dicius</span> <span class='ocrx_word' id='word_1_544' title='bbox 1349 1652 1384 1692; x_wconf 85' lang='lat' dir='ltr'>est</span> <span class='ocrx_word' id='word_1_545' title='bbox 1398 1677 1407 1691; x_wconf 93' lang='lat'><em>‚</em></span> <span class='ocrx_word' id='word_1_546' title='bbox 1430 1651 1627 1695; x_wconf 74' lang='lat' dir='ltr'>sacrosanc‘lae</span> <span class='ocrx_word' id='word_1_547' title='bbox 1632 1651 1832 1695; x_wconf 82' lang='lat' dir='ltr'>solemnitatis</span> <span class='ocrx_word' id='word_1_548' title='bbox 1845 1653 1893 1685; x_wconf 81' lang='lat' dir='ltr'>die</span> <span class='ocrx_word' id='word_1_549' title='bbox 1907 1676 1917 1691; x_wconf 89' lang='lat'>‚</span> <span class='ocrx_word' id='word_1_550' title='bbox 1943 1660 1977 1684; x_wconf 89' lang='lat' dir='ltr'>ut</span> <span class='ocrx_word' id='word_1_551' title='bbox 1987 1653 2062 1685; x_wconf 87' lang='lat' dir='ltr'>dum</span> 
     </span>
     <span class='ocr_line' id='line_1_88' title="bbox 1174 1701 2064 1745; baseline -0.001 -10"><span class='ocrx_word' id='word_1_552' title='bbox 1174 1701 1327 1743; x_wconf 84' lang='lat' dir='ltr'>praefatus</span> <span class='ocrx_word' id='word_1_553' title='bbox 1352 1702 1493 1745; x_wconf 79' lang='lat' dir='ltr'>Augustus</span> <span class='ocrx_word' id='word_1_554' title='bbox 1519 1702 1725 1743; x_wconf 83' lang='lat' dir='ltr'>Imperialibus</span> <span class='ocrx_word' id='word_1_555' title='bbox 1747 1701 1853 1742; x_wconf 86' lang='lat' dir='ltr'>infulis</span> <span class='ocrx_word' id='word_1_556' title='bbox 1876 1702 2036 1735; x_wconf 87' lang='lat' dir='ltr'>redimitus</span> <span class='ocrx_word' id='word_1_557' title='bbox 2050 1726 2064 1741; x_wconf 89' lang='lat'><strong><em>‚</em></strong></span> 
     </span>
     <span class='ocr_line' id='line_1_89' title="bbox 1177 1750 2064 1794; baseline 0 -10"><span class='ocrx_word' id='word_1_558' title='bbox 1177 1753 1392 1794; x_wconf 86' lang='lat' dir='ltr'>multorumque</span> <span class='ocrx_word' id='word_1_559' title='bbox 1407 1751 1579 1794; x_wconf 86' lang='lat' dir='ltr'>Pontificum</span> <span class='ocrx_word' id='word_1_560' title='bbox 1590 1751 1682 1785; x_wconf 85' lang='lat' dir='ltr'>choris</span> <span class='ocrx_word' id='word_1_561' title='bbox 1696 1776 1705 1790; x_wconf 98' lang='lat'>,</span> <span class='ocrx_word' id='word_1_562' title='bbox 1725 1750 1790 1792; x_wconf 83' lang='lat' dir='ltr'>five</span> <span class='ocrx_word' id='word_1_563' title='bbox 1812 1754 1971 1786; x_wconf 91' lang='lat' dir='ltr'>Procerum</span> <span class='ocrx_word' id='word_1_564' title='bbox 1997 1752 2064 1785; x_wconf 86' lang='lat' dir='ltr'>val-</span> 
     </span>
     <span class='ocr_line' id='line_1_90' title="bbox 1177 1801 2064 1846; baseline 0.002 -13"><span class='ocrx_word' id='word_1_565' title='bbox 1177 1802 1258 1835; x_wconf 84' lang='lat' dir='ltr'>latus</span> <span class='ocrx_word' id='word_1_566' title='bbox 1273 1803 1441 1846; x_wconf 84' lang='lat' dir='ltr'>agminibus</span> <span class='ocrx_word' id='word_1_567' title='bbox 1458 1827 1468 1842; x_wconf 93' lang='lat'><strong><em>,</em></strong></span> <span class='ocrx_word' id='word_1_568' title='bbox 1496 1803 1645 1845; x_wconf 77' lang='lat' dir='ltr'>missarum</span> <span class='ocrx_word' id='word_1_569' title='bbox 1655 1801 1808 1845; x_wconf 71' lang='lat' dir='ltr'>Jblemniis</span> <span class='ocrx_word' id='word_1_570' title='bbox 1822 1802 1970 1845; x_wconf 78' lang='lat' dir='ltr'>intereffet</span> <span class='ocrx_word' id='word_1_571' title='bbox 1982 1828 1992 1843; x_wconf 93' lang='lat'>‚</span> <span class='ocrx_word' id='word_1_572' title='bbox 2020 1813 2064 1835; x_wconf 85' lang='lat' dir='ltr'>re-</span> 
     </span>
     <span class='ocr_line' id='line_1_91' title="bbox 1176 1850 2062 1895; baseline -0.001 -10"><span class='ocrx_word' id='word_1_573' title='bbox 1176 1856 1300 1893; x_wconf 86' lang='lat' dir='ltr'>pentino</span> <span class='ocrx_word' id='word_1_574' title='bbox 1317 1850 1410 1895; x_wconf 82' lang='lat' dir='ltr'>super</span> <span class='ocrx_word' id='word_1_575' title='bbox 1438 1864 1504 1885; x_wconf 88' lang='lat' dir='ltr'>eum</span> <span class='ocrx_word' id='word_1_576' title='bbox 1531 1858 1669 1885; x_wconf 85' lang='lat' dir='ltr'>veniente</span> <span class='ocrx_word' id='word_1_577' title='bbox 1670 1853 1785 1892; x_wconf 84' lang='lat' dir='ltr'>judicio</span> <span class='ocrx_word' id='word_1_578' title='bbox 1812 1876 1822 1891; x_wconf 93' lang='lat'><strong>,</strong></span> <span class='ocrx_word' id='word_1_579' title='bbox 1861 1860 1996 1893; x_wconf 87' lang='lat' dir='ltr'>repertus</span> <span class='ocrx_word' id='word_1_580' title='bbox 2021 1851 2062 1893; x_wconf 81' lang='lat' dir='ltr'>fit</span> 
     </span>
     <span class='ocr_line' id='line_1_92' title="bbox 1177 1901 2064 1944; baseline 0.002 -11"><span class='ocrx_word' id='word_1_581' title='bbox 1177 1910 1307 1935; x_wconf 89' lang='lat' dir='ltr'>mortuus</span> <span class='ocrx_word' id='word_1_582' title='bbox 1328 1928 1334 1934; x_wconf 96' lang='lat'>.</span> <span class='ocrx_word' id='word_1_583' title='bbox 1365 1901 1525 1944; x_wconf 83' lang='lat' dir='ltr'>Episcopus</span> <span class='ocrx_word' id='word_1_584' title='bbox 1560 1912 1661 1935; x_wconf 90' lang='lat' dir='ltr'>autem</span> <span class='ocrx_word' id='word_1_585' title='bbox 1679 1907 1710 1935; x_wconf 87' lang='lat' dir='ltr'>in</span> <span class='ocrx_word' id='word_1_586' title='bbox 1733 1905 1857 1934; x_wconf 86' lang='lat' dir='ltr'>Domino</span> <span class='ocrx_word' id='word_1_587' title='bbox 1885 1907 2064 1944; x_wconf 81' lang='lat' dir='ltr'>quieverat.</span> 
     </span>
     <span class='ocr_line' id='line_1_93' title="bbox 1178 1951 2061 1995; baseline 0.002 -11"><span class='ocrx_word' id='word_1_588' title='bbox 1178 1951 1267 1992; x_wconf 77' lang='lat' dir='ltr'>sicsic</span> <span class='ocrx_word' id='word_1_589' title='bbox 1277 1957 1329 1993; x_wconf 82' lang='lat' dir='ltr'>qui</span> <span class='ocrx_word' id='word_1_590' title='bbox 1337 1953 1373 1984; x_wconf 86' lang='lat' dir='ltr'>de</span> <span class='ocrx_word' id='word_1_591' title='bbox 1380 1951 1494 1990; x_wconf 82' lang='lat' dir='ltr'>incaesto</span> <span class='ocrx_word' id='word_1_592' title='bbox 1504 1954 1640 1995; x_wconf 76' lang='lat' dir='ltr'>coniugio</span> <span class='ocrx_word' id='word_1_593' title='bbox 1652 1951 1820 1992; x_wconf 78' lang='lat' dir='ltr'>contempsit</span> <span class='ocrx_word' id='word_1_594' title='bbox 1833 1957 1912 1985; x_wconf 87' lang='lat' dir='ltr'>inter</span> <span class='ocrx_word' id='word_1_595' title='bbox 1924 1951 2061 1986; x_wconf 74' lang='lat' dir='ltr'>homines</span> 
     </span>
     <span class='ocr_line' id='line_1_94' title="bbox 1169 2000 2064 2042; baseline 0.001 -9"><span class='ocrx_word' id='word_1_596' title='bbox 1169 2002 1307 2041; x_wconf 83' lang='lat' dir='ltr'>judicari</span> <span class='ocrx_word' id='word_1_597' title='bbox 1330 2027 1340 2042; x_wconf 88' lang='lat'>‚</span> <span class='ocrx_word' id='word_1_598' title='bbox 1376 2003 1420 2033; x_wconf 83' lang='lat' dir='ltr'>ad</span> <span class='ocrx_word' id='word_1_599' title='bbox 1449 2001 1592 2034; x_wconf 82' lang='lat' dir='ltr'>Tribunal</span> <span class='ocrx_word' id='word_1_600' title='bbox 1612 2007 1716 2035; x_wconf 85' lang='lat' dir='ltr'>aeterni</span> <span class='ocrx_word' id='word_1_601' title='bbox 1741 2003 1858 2042; x_wconf 83' lang='lat' dir='ltr'>judicis</span> <span class='ocrx_word' id='word_1_602' title='bbox 1886 2002 1998 2035; x_wconf 59' lang='lat' dir='ltr'>coaevus</span> <span class='ocrx_word' id='word_1_603' title='bbox 2024 2000 2064 2042; x_wconf 70' lang='lat' dir='ltr'>eff</span> 
     </span>
     <span class='ocr_line' id='line_1_95' title="bbox 1172 2050 2064 2096; baseline -0.001 -11"><span class='ocrx_word' id='word_1_604' title='bbox 1172 2050 1336 2093; x_wconf 82' lang='lat' dir='ltr'>pertrahi,</span> <span class='ocrx_word' id='word_1_605' title='bbox 1363 2053 1397 2085; x_wconf 71' lang='lat'>(9⁸</span> <span class='ocrx_word' id='word_1_606' title='bbox 1419 2057 1469 2093; x_wconf 85' lang='lat' dir='ltr'>qui</span> <span class='ocrx_word' id='word_1_607' title='bbox 1470 2050 1491 2094; x_wconf 88' lang='lat' dir='ltr'><em>s</em></span> <span class='ocrx_word' id='word_1_608' title='bbox 1491 2052 1637 2092; x_wconf 74' lang='lat' dir='ltr'>ubjec‘lum</span> <span class='ocrx_word' id='word_1_609' title='bbox 1642 2050 1697 2093; x_wconf 85' lang='lat' dir='ltr'>fibi</span> <span class='ocrx_word' id='word_1_610' title='bbox 1713 2053 1896 2096; x_wconf 84' lang='lat' dir='ltr'>dedignatus</span> <span class='ocrx_word' id='word_1_611' title='bbox 1909 2050 1946 2090; x_wconf 72' lang='lat' dir='ltr'>cst</span> <span class='ocrx_word' id='word_1_612' title='bbox 1957 2052 2064 2084; x_wconf 79' lang='lat' dir='ltr'>audire</span> 
     </span>
     <span class='ocr_line' id='line_1_96' title="bbox 1179 2100 2063 2144; baseline 0.001 -11"><span class='ocrx_word' id='word_1_613' title='bbox 1179 2101 1368 2143; x_wconf 82' lang='lat' dir='ltr'>Pontificem,</span> <span class='ocrx_word' id='word_1_614' title='bbox 1396 2101 1554 2135; x_wconf 86' lang='lat' dir='ltr'>terribilem</span> <span class='ocrx_word' id='word_1_615' title='bbox 1571 2100 1662 2144; x_wconf 71' lang='lat' dir='ltr'>super</span> <span class='ocrx_word' id='word_1_616' title='bbox 1679 2100 1713 2143; x_wconf 85' lang='lat' dir='ltr'>se</span> <span class='ocrx_word' id='word_1_617' title='bbox 1733 2113 1791 2135; x_wconf 84' lang='lat' dir='ltr'>non</span> <span class='ocrx_word' id='word_1_618' title='bbox 1808 2107 1909 2142; x_wconf 84' lang='lat' dir='ltr'>potuit</span> <span class='ocrx_word' id='word_1_619' title='bbox 1931 2102 2063 2134; x_wconf 77' lang='lat' dir='ltr'>evadere</span> 
     </span>
     <span class='ocr_line' id='line_1_97' title="bbox 1176 2150 2064 2192; baseline 0.005 -10"><span class='ocrx_word' id='word_1_620' title='bbox 1176 2152 1362 2192; x_wconf 86' lang='lat' dir='ltr'>MaJ&#39;estatem</span> <span class='ocrx_word' id='word_1_621' title='bbox 1394 2176 1400 2183; x_wconf 96' lang='lat'>.</span> <span class='ocrx_word' id='word_1_622' title='bbox 1440 2152 1492 2185; x_wconf 84' lang='lat' dir='ltr'>Ex</span> <span class='ocrx_word' id='word_1_623' title='bbox 1520 2151 1726 2185; x_wconf 84' lang='lat' dir='ltr'>Venerabilis</span> <span class='ocrx_word' id='word_1_624' title='bbox 1753 2150 1841 2185; x_wconf 90' lang='lat' dir='ltr'>Petri</span> <span class='ocrx_word' id='word_1_625' title='bbox 1869 2151 2064 2187; x_wconf 79' lang='lat' dir='ltr'>Ausarenfis</span> 
     </span>
     <span class='ocr_line' id='line_1_98' title="bbox 1178 2200 2063 2244; baseline 0.002 -11"><span class='ocrx_word' id='word_1_626' title='bbox 1178 2200 1328 2244; x_wconf 84' lang='lat' dir='ltr'>Episcopi</span> <span class='ocrx_word' id='word_1_627' title='bbox 1353 2201 1501 2234; x_wconf 76' lang='lat' dir='ltr'>ficliffima</span> <span class='ocrx_word' id='word_1_628' title='bbox 1523 2200 1680 2235; x_wconf 85' lang='lat' dir='ltr'>relatione</span> <span class='ocrx_word' id='word_1_629' title='bbox 1702 2200 1801 2234; x_wconf 80' lang='lat' dir='ltr'>etiam</span> <span class='ocrx_word' id='word_1_630' title='bbox 1835 2201 1876 2235; x_wconf 87' lang='lat' dir='ltr'>ad</span> <span class='ocrx_word' id='word_1_631' title='bbox 1916 2200 2063 2236; x_wconf 82' lang='lat' dir='ltr'>Alexan-</span> 
     </span>
     <span class='ocr_line' id='line_1_99' title="bbox 1175 2250 2062 2290; baseline 0.003 -6"><span class='ocrx_word' id='word_1_632' title='bbox 1175 2251 1270 2285; x_wconf 90' lang='lat' dir='ltr'>drum</span> <span class='ocrx_word' id='word_1_633' title='bbox 1284 2252 1459 2284; x_wconf 73' lang='lat' dir='ltr'>secundum</span> <span class='ocrx_word' id='word_1_634' title='bbox 1473 2251 1674 2284; x_wconf 89' lang='lat' dir='ltr'>Pontificem</span> <span class='ocrx_word' id='word_1_635' title='bbox 1700 2250 1810 2285; x_wconf 88' lang='lat' dir='ltr'>scribit</span> <span class='ocrx_word' id='word_1_636' title='bbox 1834 2250 1923 2285; x_wconf 88' lang='lat' dir='ltr'>idem</span> <span class='ocrx_word' id='word_1_637' title='bbox 1945 2250 2062 2290; x_wconf 81' lang='lat' dir='ltr'>Petrus</span> 
     </span>
     <span class='ocr_line' id='line_1_100' title="bbox 1175 2300 2065 2345; baseline 0 -11"><span class='ocrx_word' id='word_1_638' title='bbox 1175 2300 1355 2334; x_wconf 85' lang='lat' dir='ltr'>Damiani:</span> <span class='ocrx_word' id='word_1_639' title='bbox 1381 2302 1518 2343; x_wconf 67' lang='lat' dir='ltr'>Quidam</span> <span class='ocrx_word' id='word_1_640' title='bbox 1540 2302 1663 2345; x_wconf 82' lang='lat' dir='ltr'>degener</span> <span class='ocrx_word' id='word_1_641' title='bbox 1683 2301 1805 2342; x_wconf 83' lang='lat' dir='ltr'>quidem</span> <span class='ocrx_word' id='word_1_642' title='bbox 1826 2301 1978 2341; x_wconf 85' lang='lat' dir='ltr'>moribus,</span> <span class='ocrx_word' id='word_1_643' title='bbox 2003 2300 2065 2345; x_wconf 71' lang='lat' dir='ltr'>sed</span> 
     </span>
     <span class='ocr_line' id='line_1_101' title="bbox 1174 2350 2065 2395; baseline 0.001 -12"><span class='ocrx_word' id='word_1_644' title='bbox 1174 2352 1318 2391; x_wconf 75' lang='lat' dir='ltr'>majorum</span> <span class='ocrx_word' id='word_1_645' title='bbox 1332 2353 1427 2385; x_wconf 83' lang='lat' dir='ltr'>titulis</span> <span class='ocrx_word' id='word_1_646' title='bbox 1438 2350 1589 2394; x_wconf 59' lang='lat' dir='ltr'>infiignitus</span> <span class='ocrx_word' id='word_1_647' title='bbox 1606 2350 1671 2391; x_wconf 83' lang='lat' dir='ltr'>,sui</span> <span class='ocrx_word' id='word_1_648' title='bbox 1677 2358 1798 2395; x_wconf 85' lang='lat' dir='ltr'>generis</span> <span class='ocrx_word' id='word_1_649' title='bbox 1814 2350 2065 2395; x_wconf 72' lang='lat' dir='ltr'>consanguineam</span> 
     </span>
     <span class='ocr_line' id='line_1_102' title="bbox 1173 2400 2063 2444; baseline 0 -10"><span class='ocrx_word' id='word_1_650' title='bbox 1173 2403 1302 2443; x_wconf 85' lang='lat' dir='ltr'>nuptiali</span> <span class='ocrx_word' id='word_1_651' title='bbox 1308 2400 1364 2443; x_wconf 83' lang='lat' dir='ltr'>fibi</span> <span class='ocrx_word' id='word_1_652' title='bbox 1370 2400 1489 2443; x_wconf 82' lang='lat' dir='ltr'>foederc</span> <span class='ocrx_word' id='word_1_653' title='bbox 1499 2402 1670 2443; x_wconf 84' lang='lat' dir='ltr'>copulavit.</span> <span class='ocrx_word' id='word_1_654' title='bbox 1683 2403 1771 2444; x_wconf 79' lang='lat' dir='ltr'>‚Quid</span> <span class='ocrx_word' id='word_1_655' title='bbox 1777 2402 1887 2443; x_wconf 84' lang='lat' dir='ltr'>plura</span> <span class='ocrx_word' id='word_1_656' title='bbox 1880 2404 1893 2428; x_wconf 80' lang='lat'><strong>&gt;</strong></span> <span class='ocrx_word' id='word_1_657' title='bbox 1920 2401 2063 2435; x_wconf 83' lang='lat' dir='ltr'>Prohibi-</span> 
     </span>
     <span class='ocr_line' id='line_1_103' title="bbox 1172 2450 2061 2494; baseline 0.003 -11"><span class='ocrx_word' id='word_1_658' title='bbox 1172 2461 1221 2484; x_wconf 84' lang='lat' dir='ltr'>tus</span> <span class='ocrx_word' id='word_1_659' title='bbox 1226 2450 1381 2492; x_wconf 79' lang='lat' dir='ltr'>perstitit</span> <span class='ocrx_word' id='word_1_660' title='bbox 1406 2457 1669 2484; x_wconf 75' lang='lat' dir='ltr'>excommunicatus</span> <span class='ocrx_word' id='word_1_661' title='bbox 1679 2451 1825 2493; x_wconf 83' lang='lat' dir='ltr'>adbaef</span> <span class='ocrx_word' id='word_1_662' title='bbox 1790 2462 1804 2484; x_wconf 91' lang='lat' dir='ltr'>t</span> <span class='ocrx_word' id='word_1_663' title='bbox 1841 2460 1989 2494; x_wconf 85' lang='lat' dir='ltr'>totumque</span> <span class='ocrx_word' id='word_1_664' title='bbox 2002 2455 2061 2486; x_wconf 82' lang='lat' dir='ltr'>Ec·</span> 
     </span>
     <span class='ocr_line' id='line_1_104' title="bbox 1170 2500 2067 2546; baseline 0.003 -13"><span class='ocrx_word' id='word_1_665' title='bbox 1170 2500 1326 2543; x_wconf 82' lang='lat' dir='ltr'>clefiasticae</span> <span class='ocrx_word' id='word_1_666' title='bbox 1336 2500 1476 2544; x_wconf 73' lang='lat' dir='ltr'>Censura·</span> <span class='ocrx_word' id='word_1_667' title='bbox 1489 2506 1628 2546; x_wconf 85' lang='lat' dir='ltr'>vigorem,</span> <span class='ocrx_word' id='word_1_668' title='bbox 1639 2513 1785 2546; x_wconf 88' lang='lat' dir='ltr'>nugarum</span> <span class='ocrx_word' id='word_1_669' title='bbox 1794 2504 1960 2543; x_wconf 77' lang='lat' dir='ltr'>puerilium</span> <span class='ocrx_word' id='word_1_670' title='bbox 1964 2502 2067 2543; x_wconf 79' lang='lat' dir='ltr'>faba--</span> 
     </span>
     <span class='ocr_line' id='line_1_105' title="bbox 1170 2552 2058 2596; baseline 0.002 -12"><span class='ocrx_word' id='word_1_671' title='bbox 1170 2552 1217 2584; x_wconf 84' lang='lat' dir='ltr'>las</span> <span class='ocrx_word' id='word_1_672' title='bbox 1228 2553 1387 2594; x_wconf 84' lang='lat' dir='ltr'>deputavit</span> <span class='ocrx_word' id='word_1_673' title='bbox 1398 2577 1405 2583; x_wconf 94' lang='lat'>.</span> <span class='ocrx_word' id='word_1_674' title='bbox 1422 2555 1477 2583; x_wconf 90' lang='lat' dir='ltr'>Cui</span> <span class='ocrx_word' id='word_1_675' title='bbox 1489 2554 1564 2585; x_wconf 78' lang='lat' dir='ltr'>certe</span> <span class='ocrx_word' id='word_1_676' title='bbox 1576 2552 1626 2586; x_wconf 88' lang='lat' dir='ltr'>boc</span> <span class='ocrx_word' id='word_1_677' title='bbox 1636 2554 1680 2585; x_wconf 86' lang='lat' dir='ltr'>ad</span> <span class='ocrx_word' id='word_1_678' title='bbox 1685 2555 1810 2585; x_wconf 84' lang='lat' dir='ltr'>Divinae</span> <span class='ocrx_word' id='word_1_679' title='bbox 1836 2555 2058 2596; x_wconf 81' lang='lat' dir='ltr'>indignationis</span> 
     </span>
     <span class='ocr_line' id='line_1_106' title="bbox 1162 2602 2060 2645; baseline 0.002 -11"><span class='ocrx_word' id='word_1_680' title='bbox 1162 2603 1312 2642; x_wconf 83' lang='lat' dir='ltr'>judicium</span> <span class='ocrx_word' id='word_1_681' title='bbox 1324 2607 1463 2645; x_wconf 59' lang='lat' dir='ltr'>configit,</span> <span class='ocrx_word' id='word_1_682' title='bbox 1494 2610 1526 2635; x_wconf 85' lang='lat' dir='ltr'>ut</span> <span class='ocrx_word' id='word_1_683' title='bbox 1530 2610 1626 2644; x_wconf 87' lang='lat' dir='ltr'>panes</span> <span class='ocrx_word' id='word_1_684' title='bbox 1639 2604 1675 2635; x_wconf 88' lang='lat' dir='ltr'>de</span> <span class='ocrx_word' id='word_1_685' title='bbox 1688 2602 1879 2644; x_wconf 85' lang='lat' dir='ltr'>nuptialibus</span> <span class='ocrx_word' id='word_1_686' title='bbox 1915 2602 2015 2644; x_wconf 76' lang='lat' dir='ltr'>mensis</span> <span class='ocrx_word' id='word_1_687' title='bbox 2024 2609 2060 2636; x_wconf 80' lang='lat' dir='ltr'>in</span> 
     </span>
     <span class='ocr_line' id='line_1_107' title="bbox 1165 2651 2054 2696; baseline 0.001 -13"><span class='ocrx_word' id='word_1_688' title='bbox 1165 2651 1287 2694; x_wconf 82' lang='lat' dir='ltr'>plateas</span> <span class='ocrx_word' id='word_1_689' title='bbox 1298 2661 1367 2685; x_wconf 88' lang='lat' dir='ltr'>ante</span> <span class='ocrx_word' id='word_1_690' title='bbox 1378 2663 1484 2684; x_wconf 88' lang='lat' dir='ltr'>canum</span> <span class='ocrx_word' id='word_1_691' title='bbox 1493 2664 1545 2684; x_wconf 89' lang='lat' dir='ltr'>ora</span> <span class='ocrx_word' id='word_1_692' title='bbox 1553 2653 1676 2695; x_wconf 64' lang='lat' dir='ltr'>projellt&#39;</span> <span class='ocrx_word' id='word_1_693' title='bbox 1690 2655 1811 2686; x_wconf 74' lang='lat' dir='ltr'>minime</span> <span class='ocrx_word' id='word_1_694' title='bbox 1834 2662 2029 2696; x_wconf 87' lang='lat' dir='ltr'>tangerentur</span> <span class='ocrx_word' id='word_1_695' title='bbox 2044 2677 2054 2684; x_wconf 82' lang='lat'>.</span> 
     </span>
     <span class='ocr_line' id='line_1_108' title="bbox 1170 2700 2054 2745; baseline -0.001 -11"><span class='ocrx_word' id='word_1_696' title='bbox 1170 2700 1314 2744; x_wconf 83' lang='lat' dir='ltr'>Insuper,</span> <span class='ocrx_word' id='word_1_697' title='bbox 1341 2705 1357 2734; x_wconf 86' lang='grc' dir='ltr'><em>ὸ</em></span> <span class='ocrx_word' id='word_1_698' title='bbox 1372 2706 1496 2735; x_wconf 83' lang='lat' dir='ltr'>Divinae</span> <span class='ocrx_word' id='word_1_699' title='bbox 1508 2702 1774 2744; x_wconf 70' lang='lat' dir='ltr'>animadversionis</span> <span class='ocrx_word' id='word_1_700' title='bbox 1782 2705 1931 2745; x_wconf 83' lang='lat' dir='ltr'>pavenda</span> <span class='ocrx_word' id='word_1_701' title='bbox 1937 2701 2054 2744; x_wconf 73' lang='lat' dir='ltr'>severi-</span> 
     </span>
     <span class='ocr_line' id='line_1_109' title="bbox 1153 2752 2053 2795; baseline -0.001 -10.982"><span class='ocrx_word' id='word_1_702' title='bbox 1153 2761 1239 2786; x_wconf 85' lang='lat' dir='ltr'>·.tas</span> <span class='ocrx_word' id='word_1_703' title='bbox 1232 2755 1238 2772; x_wconf 91' lang='lat'>&#39;</span> <span class='ocrx_word' id='word_1_704' title='bbox 1260 2753 1333 2788; x_wconf 81' lang='lat' dir='ltr'>dum</span> <span class='ocrx_word' id='word_1_705' title='bbox 1344 2752 1459 2795; x_wconf 86' lang='lat' dir='ltr'>rigidus</span> <span class='ocrx_word' id='word_1_706' title='bbox 1464 2752 1548 2792; x_wconf 86' lang='lat' dir='ltr'>stat</span> <span class='ocrx_word' id='word_1_707' title='bbox 1567 2754 1638 2786; x_wconf 89' lang='lat' dir='ltr'>dum</span> <span class='ocrx_word' id='word_1_708' title='bbox 1647 2752 1845 2795; x_wconf 77' lang='lat' dir='ltr'>praeceptisse</span> <span class='ocrx_word' id='word_1_709' title='bbox 1859 2752 2053 2786; x_wconf 81' lang='lat' dir='ltr'>sacerdotali-</span> 
     </span>
    </p>

    <p class='ocr_par' dir='ltr' id='par_1_22' title="bbox 1153 2784 2214 3535">
     <span class='ocr_line' id='line_1_110' title="bbox 1153 2784 2053 2845; baseline 0 -12"><span class='ocrx_word' id='word_1_710' title='bbox 1153 2784 1156 2833; x_wconf 73' lang='lat' dir='ltr'>i</span> <span class='ocrx_word' id='word_1_711' title='bbox 1170 2802 1224 2834; x_wconf 89' lang='lat' dir='ltr'>bus</span> <span class='ocrx_word' id='word_1_712' title='bbox 1235 2813 1293 2835; x_wconf 89' lang='lat' dir='ltr'>non</span> <span class='ocrx_word' id='word_1_713' title='bbox 1304 2801 1442 2836; x_wconf 83' lang='lat' dir='ltr'>humiliat</span> <span class='ocrx_word' id='word_1_714' title='bbox 1453 2825 1463 2841; x_wconf 86' lang='lat'>‚</span> <span class='ocrx_word' id='word_1_715' title='bbox 1488 2808 1539 2844; x_wconf 89' lang='lat' dir='ltr'>qui</span> <span class='ocrx_word' id='word_1_716' title='bbox 1550 2802 1800 2845; x_wconf 82' lang='lat' dir='ltr'>vtg1laresb1met</span> <span class='ocrx_word' id='word_1_717' title='bbox 1813 2803 1857 2835; x_wconf 69' lang='lat' dir='ltr'>ad</span> <span class='ocrx_word' id='word_1_718' title='bbox 1863 2801 1991 2845; x_wconf 83' lang='lat' dir='ltr'>salutem</span> <span class='ocrx_word' id='word_1_719' title='bbox 2003 2813 2053 2834; x_wconf 91' lang='lat' dir='ltr'>no—</span> 
     </span>
     <span class='ocr_line' id='line_1_111' title="bbox 1169 2851 2049 2896; baseline -0.002 -12"><span class='ocrx_word' id='word_1_720' title='bbox 1169 2853 1247 2893; x_wconf 89' lang='lat' dir='ltr'>luit,</span> <span class='ocrx_word' id='word_1_721' title='bbox 1273 2858 1305 2885; x_wconf 87' lang='lat' dir='ltr'>in</span> <span class='ocrx_word' id='word_1_722' title='bbox 1315 2851 1439 2888; x_wconf 80' lang='lat' dir='ltr'>cubiculo</span> <span class='ocrx_word' id='word_1_723' title='bbox 1450 2852 1645 2887; x_wconf 83' lang='lat' dir='ltr'>dormientem</span> <span class='ocrx_word' id='word_1_724' title='bbox 1658 2855 1779 2896; x_wconf 72' lang='lat' dir='ltr'>repento&gt;</span> <span class='ocrx_word' id='word_1_725' title='bbox 1792 2855 1828 2886; x_wconf 81' lang='lat' dir='ltr'>de</span> <span class='ocrx_word' id='word_1_726' title='bbox 1839 2851 2011 2891; x_wconf 83' lang='lat' dir='ltr'>caelestibus</span> <span class='ocrx_word' id='word_1_727' title='bbox 2009 2857 2049 2884; x_wconf 86' lang='lat' dir='ltr'>ir-</span> 
     </span>
     <span class='ocr_line' id='line_1_112' title="bbox 1169 2901 2057 2944; baseline 0 -9"><span class='ocrx_word' id='word_1_728' title='bbox 1169 2913 1259 2936; x_wconf 87' lang='lat' dir='ltr'>ruens</span> <span class='ocrx_word' id='word_1_729' title='bbox 1264 2901 1383 2943; x_wconf 88' lang='lat' dir='ltr'>fulmen</span> <span class='ocrx_word' id='word_1_730' title='bbox 1395 2908 1531 2935; x_wconf 84' lang='lat' dir='ltr'>extinxit</span> <span class='ocrx_word' id='word_1_731' title='bbox 1543 2929 1549 2936; x_wconf 96' lang='lat'>.</span> <span class='ocrx_word' id='word_1_732' title='bbox 1562 2903 1650 2944; x_wconf 77' lang='lat' dir='ltr'>5icfic</span> <span class='ocrx_word' id='word_1_733' title='bbox 1664 2903 1894 2944; x_wconf 85' lang='lat' dir='ltr'>Divinifuroris</span> <span class='ocrx_word' id='word_1_734' title='bbox 1907 2910 2057 2942; x_wconf 64' lang='lat' dir='ltr'>expertusy</span> 
     </span>
     <span class='ocr_line' id='line_1_113' title="bbox 1171 2951 2051 2996; baseline -0.001 -11"><span class='ocrx_word' id='word_1_735' title='bbox 1171 2952 1208 2993; x_wconf 81' lang='lat' dir='ltr'>est</span> <span class='ocrx_word' id='word_1_736' title='bbox 1219 2954 1365 2986; x_wconf 82' lang='lat' dir='ltr'>moriendo</span> <span class='ocrx_word' id='word_1_737' title='bbox 1369 2951 1564 2995; x_wconf 71' lang='lat' dir='ltr'>sententiam,</span> <span class='ocrx_word' id='word_1_738' title='bbox 1595 2959 1648 2996; x_wconf 80' lang='lat' dir='ltr'>qui</span> <span class='ocrx_word' id='word_1_739' title='bbox 1660 2955 1779 2987; x_wconf 85' lang='lat' dir='ltr'>vulneri</span> <span class='ocrx_word' id='word_1_740' title='bbox 1789 2952 1842 2995; x_wconf 85' lang='lat' dir='ltr'>suo</span> <span class='ocrx_word' id='word_1_741' title='bbox 1857 2976 1867 2992; x_wconf 87' lang='lat'>‚</span> <span class='ocrx_word' id='word_1_742' title='bbox 1880 2953 1951 2984; x_wconf 90' lang='lat' dir='ltr'>dum</span> <span class='ocrx_word' id='word_1_743' title='bbox 1963 2957 2051 2985; x_wconf 77' lang='lat' dir='ltr'>vive.-</span> 
     </span>
     <span class='ocr_line' id='line_1_114' title="bbox 1171 2999 2049 3045; baseline 0.002 -11"><span class='ocrx_word' id='word_1_744' title='bbox 1171 3010 1234 3042; x_wconf 88' lang='lat' dir='ltr'>ret,</span> <span class='ocrx_word' id='word_1_745' title='bbox 1263 3001 1404 3036; x_wconf 80' lang='lat' dir='ltr'>adbibere</span> <span class='ocrx_word' id='word_1_746' title='bbox 1418 3002 1630 3045; x_wconf 84' lang='lat' dir='ltr'>contempserat</span> <span class='ocrx_word' id='word_1_747' title='bbox 1652 3005 1846 3036; x_wconf 86' lang='lat' dir='ltr'>medicinam.</span> <span class='ocrx_word' id='word_1_748' title='bbox 1873 2999 2049 3043; x_wconf 59' lang='lat' dir='ltr'>&#39;Ejusmodi</span> 
     </span>
     <span class='ocr_line' id='line_1_115' title="bbox 1172 3051 2050 3095; baseline 0.001 -11"><span class='ocrx_word' id='word_1_749' title='bbox 1172 3052 1321 3093; x_wconf 83' lang='lat' dir='ltr'>exempla</span> <span class='ocrx_word' id='word_1_750' title='bbox 1333 3051 1450 3085; x_wconf 89' lang='lat' dir='ltr'>adduci</span> <span class='ocrx_word' id='word_1_751' title='bbox 1467 3054 1586 3095; x_wconf 85' lang='lat' dir='ltr'>poffint</span> <span class='ocrx_word' id='word_1_752' title='bbox 1599 3053 1736 3095; x_wconf 88' lang='lat' dir='ltr'>plurima</span> <span class='ocrx_word' id='word_1_753' title='bbox 1748 3076 1755 3083; x_wconf 91' lang='lat'>.</span> <span class='ocrx_word' id='word_1_754' title='bbox 1770 3051 1880 3087; x_wconf 83' lang='lat' dir='ltr'>Etiam</span> <span class='ocrx_word' id='word_1_755' title='bbox 1894 3051 1972 3085; x_wconf 86' lang='lat' dir='ltr'>sacri</span> <span class='ocrx_word' id='word_1_756' title='bbox 1986 3052 2050 3085; x_wconf 89' lang='lat' dir='ltr'>Ca-</span> 
     </span>
     <span class='ocr_line' id='line_1_116' title="bbox 1177 3101 2096 3145; baseline 0.002 -12"><span class='ocrx_word' id='word_1_757' title='bbox 1177 3111 1276 3134; x_wconf 85' lang='lat' dir='ltr'>nones</span> <span class='ocrx_word' id='word_1_758' title='bbox 1299 3101 1483 3138; x_wconf 74' lang='lat' dir='ltr'>incaestuosa</span> <span class='ocrx_word' id='word_1_759' title='bbox 1510 3102 1667 3145; x_wconf 86' lang='lat' dir='ltr'>conjugia.</span> <span class='ocrx_word' id='word_1_760' title='bbox 1694 3125 1705 3141; x_wconf 89' lang='lat'>‚</span> <span class='ocrx_word' id='word_1_761' title='bbox 1741 3111 1895 3144; x_wconf 86' lang='lat' dir='ltr'>tanquam</span> <span class='ocrx_word' id='word_1_762' title='bbox 1928 3111 2054 3136; x_wconf 68' lang='lat' dir='ltr'>naturae·</span> <span class='ocrx_word' id='word_1_763' title='bbox 2092 3122 2096 3127; x_wconf 90' lang='lat'><strong>·</strong></span> 
     </span>
     <span class='ocr_line' id='line_1_117' title="bbox 1177 3150 2049 3195; baseline 0.002 -12"><span class='ocrx_word' id='word_1_764' title='bbox 1177 3150 1332 3184; x_wconf 87' lang='lat' dir='ltr'>adulteria</span> <span class='ocrx_word' id='word_1_765' title='bbox 1342 3175 1356 3190; x_wconf 59' lang='grc' dir='ltr'><strong><em>ο</em></strong></span> <span class='ocrx_word' id='word_1_766' title='bbox 1382 3150 1575 3193; x_wconf 73' lang='lat' dir='ltr'>rigidissime</span> <span class='ocrx_word' id='word_1_767' title='bbox 1588 3152 1709 3194; x_wconf 86' lang='lat' dir='ltr'>semper</span> <span class='ocrx_word' id='word_1_768' title='bbox 1720 3151 1895 3195; x_wconf 87' lang='lat' dir='ltr'>punierunt</span> <span class='ocrx_word' id='word_1_769' title='bbox 1908 3176 1914 3183; x_wconf 88' lang='lat'>.</span> <span class='ocrx_word' id='word_1_770' title='bbox 1943 3152 1990 3185; x_wconf 84' lang='lat' dir='ltr'>Ea</span> <span class='ocrx_word' id='word_1_771' title='bbox 2004 3153 2049 3185; x_wconf 85' lang='lat' dir='ltr'>es-</span> 
     </span>
     <span class='ocr_line' id='line_1_118' title="bbox 1179 3200 2048 3244; baseline 0.001 -10"><span class='ocrx_word' id='word_1_772' title='bbox 1179 3202 1207 3234; x_wconf 89' lang='lat' dir='ltr'>se</span> <span class='ocrx_word' id='word_1_773' title='bbox 1220 3200 1384 3234; x_wconf 82' lang='lat' dir='ltr'>bestialem</span> <span class='ocrx_word' id='word_1_774' title='bbox 1397 3201 1566 3235; x_wconf 83' lang='lat' dir='ltr'>morem&amp;</span> <span class='ocrx_word' id='word_1_775' title='bbox 1594 3201 1729 3240; x_wconf 84' lang='lat' dir='ltr'>vitium,</span> <span class='ocrx_word' id='word_1_776' title='bbox 1758 3201 1897 3243; x_wconf 80' lang='lat' dir='ltr'>ideoque</span> <span class='ocrx_word' id='word_1_777' title='bbox 1920 3213 1975 3244; x_wconf 77' lang='lat' dir='ltr'>per</span> <span class='ocrx_word' id='word_1_778' title='bbox 1997 3202 2048 3236; x_wconf 84' lang='lat' dir='ltr'>be-</span> 
     </span>
     <span class='ocr_line' id='line_1_119' title="bbox 1177 3250 2045 3294; baseline 0.001 -11"><span class='ocrx_word' id='word_1_779' title='bbox 1177 3250 1360 3284; x_wconf 86' lang='lat' dir='ltr'>stialitatem</span> <span class='ocrx_word' id='word_1_780' title='bbox 1379 3250 1541 3294; x_wconf 87' lang='lat' dir='ltr'>intelligi,</span> <span class='ocrx_word' id='word_1_781' title='bbox 1556 3251 1589 3284; x_wconf 89' lang='lat'>&amp;</span> <span class='ocrx_word' id='word_1_782' title='bbox 1603 3251 1727 3287; x_wconf 80' lang='lat' dir='ltr'>subisto</span> <span class='ocrx_word' id='word_1_783' title='bbox 1739 3252 1874 3286; x_wconf 80' lang='lat' dir='ltr'>nomine</span> <span class='ocrx_word' id='word_1_784' title='bbox 1897 3252 2045 3286; x_wconf 85' lang='lat' dir='ltr'>damnari</span> 
     </span>
     <span class='ocr_line' id='line_1_120' title="bbox 1174 3299 2044 3345; baseline 0 -12"><span class='ocrx_word' id='word_1_785' title='bbox 1174 3300 1214 3338; x_wconf 91' lang='lat' dir='ltr'>ab</span> <span class='ocrx_word' id='word_1_786' title='bbox 1228 3299 1404 3342; x_wconf 82' lang='lat' dir='ltr'>Ancyrana</span> <span class='ocrx_word' id='word_1_787' title='bbox 1415 3300 1552 3341; x_wconf 77' lang='lat' dir='ltr'>synodo</span> <span class='ocrx_word' id='word_1_788' title='bbox 1562 3301 1719 3342; x_wconf 85' lang='lat' dir='ltr'>affirmat,</span> <span class='ocrx_word' id='word_1_789' title='bbox 1745 3302 1778 3334; x_wconf 72' lang='lat'>&amp;5</span> <span class='ocrx_word' id='word_1_790' title='bbox 1788 3303 1917 3345; x_wconf 87' lang='lat' dir='ltr'>capitali</span> <span class='ocrx_word' id='word_1_791' title='bbox 1930 3302 2044 3344; x_wconf 85' lang='lat' dir='ltr'>suppli·</span> 
     </span>
     <span class='ocr_line' id='line_1_121' title="bbox 1173 3349 2045 3395; baseline -0.001 -11"><span class='ocrx_word' id='word_1_792' title='bbox 1173 3352 1226 3384; x_wconf 84' lang='lat' dir='ltr'>cio</span> <span class='ocrx_word' id='word_1_793' title='bbox 1234 3349 1396 3392; x_wconf 82' lang='lat' dir='ltr'>punienda</span> <span class='ocrx_word' id='word_1_794' title='bbox 1403 3350 1530 3383; x_wconf 83' lang='lat' dir='ltr'>censet&#39;</span> <span class='ocrx_word' id='word_1_795' title='bbox 1523 3362 1557 3383; x_wconf 82' lang='lat' dir='ltr'>in</span> <span class='ocrx_word' id='word_1_796' title='bbox 1570 3352 1627 3385; x_wconf 92' lang='lat' dir='ltr'>suo</span> <span class='ocrx_word' id='word_1_797' title='bbox 1639 3351 1806 3395; x_wconf 86' lang='lat' dir='ltr'>capitulari</span> <span class='ocrx_word' id='word_1_798' title='bbox 1821 3352 1904 3386; x_wconf 88' lang='lat' dir='ltr'>Isaac</span> <span class='ocrx_word' id='word_1_799' title='bbox 1914 3353 2045 3394; x_wconf 86' lang='lat' dir='ltr'>Episco-</span> 
     </span>
     <span class='ocr_line' id='line_1_122' title="bbox 1175 3392 2215 3443; baseline -0.004 -9"><span class='ocrx_word' id='word_1_800' title='bbox 1175 3411 1232 3442; x_wconf 87' lang='lat' dir='ltr'>pus</span> <span class='ocrx_word' id='word_1_801' title='bbox 1244 3399 1475 3443; x_wconf 89' lang='lat' dir='ltr'>Lingonenfis.</span> <span class='ocrx_word' id='word_1_802' title='bbox 1505 3400 1657 3436; x_wconf 81' lang='lat' dir='ltr'>Eadem·</span> <span class='ocrx_word' id='word_1_803' title='bbox 1651 3414 1684 3434; x_wconf 81' lang='lat' dir='ltr'>in</span> <span class='ocrx_word' id='word_1_804' title='bbox 1702 3402 1885 3436; x_wconf 88' lang='lat' dir='ltr'>Canonicis</span> <span class='ocrx_word' id='word_1_805' title='bbox 1902 3402 1942 3434; x_wconf 83' lang='lat' dir='ltr'>ad</span> <span class='ocrx_word' id='word_1_806' title='bbox 1964 3401 2040 3433; x_wconf 81' lang='lat' dir='ltr'>San·</span> <span class='ocrx_word' id='word_1_807' title='bbox 2061 3392 2117 3423; x_wconf 65' lang='grc' dir='ltr'>ΤῘΓ·</span> <span class='ocrx_word' id='word_1_808' title='bbox 2140 3405 2167 3430; x_wconf 85' lang='lat'>4·</span> <span class='ocrx_word' id='word_1_809' title='bbox 2186 3405 2215 3426; x_wconf 63' lang='lat' dir='ltr'>f</span> 
     </span>
     <span class='ocr_line' id='line_1_123' title="bbox 1172 3442 2214 3535; baseline 0 -51"><span class='ocrx_word' id='word_1_810' title='bbox 1172 3451 1259 3487; x_wconf 69' lang='lat' dir='ltr'>stum</span> <span class='ocrx_word' id='word_1_811' title='bbox 1268 3447 1541 3535; x_wconf 49' lang='lat' dir='ltr'>Amphilochiu}</span> <span class='ocrx_word' id='word_1_812' title='bbox 1556 3451 1668 3485; x_wconf 86' lang='lat' dir='ltr'>litteris</span> <span class='ocrx_word' id='word_1_813' title='bbox 1681 3450 1841 3490; x_wconf 84' lang='lat' dir='ltr'>adulterio</span> <span class='ocrx_word' id='word_1_814' title='bbox 1852 3459 1954 3494; x_wconf 82' lang='lat' dir='ltr'>aequat</span> <span class='ocrx_word' id='word_1_815' title='bbox 1967 3449 2038 3484; x_wconf 91' lang='lat' dir='ltr'>Ma</span> <span class='ocrx_word' id='word_1_816' title='bbox 2054 3442 2132 3511; x_wconf 39' lang='lat' dir='ltr'>cyp</span> <span class='ocrx_word' id='word_1_817' title='bbox 2168 3479 2214 3510; x_wconf 83' lang='lat'>67·</span> 
     </span>
    </p>

    <p class='ocr_par' dir='ltr' id='par_1_23' title="bbox 1566 3508 1990 3543">
     <span class='ocr_line' id='line_1_124' title="bbox 1566 3508 1990 3543; baseline -0.002 -9"><span class='ocrx_word' id='word_1_818' title='bbox 1566 3512 1583 3534; x_wconf 82' lang='lat' dir='ltr'>a</span> <span class='ocrx_word' id='word_1_819' title='bbox 1634 3511 1658 3537; x_wconf 89' lang='lat'><em>2</em></span> <span class='ocrx_word' id='word_1_820' title='bbox 1906 3508 1990 3543; x_wconf 82' lang='lat' dir='ltr'>gnus</span> 
     </span>
    </p>
   </div>
   <div class='ocr_carea' id='block_1_14' title="bbox 2080 2383 2207 2463">
    <p class='ocr_par' dir='ltr' id='par_1_24' title="bbox 2080 2383 2207 2463">
     <span class='ocr_line' id='line_1_125' title="bbox 2081 2383 2193 2415; baseline 0.01 -1"><span class='ocrx_word' id='word_1_821' title='bbox 2081 2383 2142 2415; x_wconf 86' lang='lat' dir='ltr'>Li.b</span> <span class='ocrx_word' id='word_1_822' title='bbox 2168 2392 2193 2415; x_wconf 79' lang='lat' dir='ltr'>r.</span> 
     </span>
     <span class='ocr_line' id='line_1_126' title="bbox 2080 2429 2207 2463; baseline -0.016 -7"><span class='ocrx_word' id='word_1_823' title='bbox 2080 2429 2132 2463; x_wconf 76' lang='lat' dir='ltr'>Ep.</span> <span class='ocrx_word' id='word_1_824' title='bbox 2162 2436 2207 2455; x_wconf 81' lang='lat'>21.</span> 
     </span>
    </p>
   </div>
  </div>
 </body>
</html>
