2352 3736
554 169 642 199 DE
715 153 754 197 S.
826 151 1166 197 LEON1³

270 242 388 277 clamat
401 236 441 273 ad
453 239 543 273 suam
555 237 682 282 plebem
696 237 830 270 Sanetus
843 234 1048 279 Augustinus
1063 246 1075 266 :
1092 236 1160 265 Ne-

255 303 314 323 ·mo
325 291 409 324 vobis
417 289 543 331 fabulas
558 289 674 321 vendat
685 312 695 328 ‚
722 284 863 320 dicendo
885 309 896 325 ,
923 287 968 317 Et
981 281 1157 323 Pontiusfe-

254 347 307 374 -cit
320 341 493 373 miraculum
507 364 517 379 ,
543 340 578 372 (τ
591 342 731 372 Donatus
753 342 855 370 oravit
869 358 878 374 ‚
906 336 940 368 (9·
959 333 1110 377 respondit
1130 338 1157 365 ei

267 394 352 424 Deus
363 392 508 424 deCoelo.
538 389 582 423 Et
606 391 642 422 in
663 385 748 421 libro
771 385 820 419 dev
836 384 966 418 unitate
989 383 1156 417 Ecclefiae:

268 446 365 474 Nemo
387 438 566 475 Donatista
584 439 665 471 dicat
690 462 700 478 ‚
735 435 804 468 Ideo
823 445 930 468 verum
950 432 987 472 est
1010 432 1155 477 nostrum

268 492 388 535 dogma
400 514 410 530 ‚
436 495 508 533 quia
520 489 572 522 illa
585 490 620 522 (ar
633 489 687 520 illa
698 485 838 522 miracula
855 483 931 525 fecit
955 485 1090 516 Donatus
1108 483 1159 515 vel

268 545 418 581 Pontius,
446 542 501 574 vel
517 538 638 582 quilibet
660 537 738 569 alius
752 559 763 575 ,
788 544 842 567 aut
865 540 934 575 quia
960 533 1093 567 homines
1113 532 1159 564 ad

267 597 422 625 memorias
435 594 597 628 Martyrum
609 586 769 626 nostrorum
779 592 865 618 orant
878 586 910 618 (Ὗ
930 585 1132 617 exaudiuntur
1144 605 1154 621 ,

267 649 321 674 aut
334 647 406 684 quia
416 640 469 673 illa
481 639 522 671 ibi
532 641 704 680 contingunt
717 659 729 675 ,
755 644 807 668 aut
829 639 899 677 quia
921 636 970 667 ille
982 632 1086 674 frater
1108 643 1156 665 no-

260 691 322 730 ster
339 714 350 730 ,
384 699 435 722 aut
453 690 508 721 illa
525 686 607 730 soror
638 684 732 726 nostra
758 687 819 719 tale
842 682 939 727 visum
958 683 1090 726 vigilans
1112 687 1157 715 vi-

267 743 336 780 dit,
362 741 416 774 vel
437 738 498 772 tale
520 737 618 780 visum
640 737 790 770 dormiens
811 733 992 777 somniavit.
1021 733 1154 775 Episco-

255 800 385 833 -porum
402 788 560 828 istorum,
585 787 641 830 qui
664 787 747 830 parti
769 786 829 817 suae
852 781 1045 816 Basilicas&
1068 782 1156 816 Con-

89 507 167 544 Cap.

206 517 249 543 ις.

256 849 427 874 -ventuum
441 837 625 872 libertatem
636 835 727 870 reddi
751 834 1002 877 impetraverant
1014 834 1032 865 a
1057 832 1171 875 Julia-.

267 901 314 922 no
332 889 489 931 Apostata
513 912 522 926 ,
549 886 703 927 Princeps
726 894 794 918 erat
819 883 984 923 Ροῃτίως,
1010 882 1043 916 &
1066 880 1155 916 hunc

252 951 343 974 —cum
357 939 493 971 Donato
505 947 627 980 magno
647 935 739 968 fuisse
768 933 1060 977 Thaumaturgum
1083 933 1156 966 buc-

255 986 642 1024 ·cinabantDonatistae,
667 984 807 1026 ideoque
830 984 923 1016 suum
948 983 1071 1027 dogma
1095 984 1156 1017 effe

254 1039 475 1082 legitimum,
501 1037 534 1070 δε
555 1034 670 1068 divino
692 1033 886 1068 testimonio
905 1034 1172 1067 confirmatum-1

258 1089 380 1123 „Etiam
404 1087 512 1121 nescio
537 1097 634 1129 quem
662 1084 806 1127 ipsorum
831 1082 1059 1126 Presbyterum
1072 1082 1157 1117 defi-

268 1138 301 1172 bi
315 1140 395 1172 faita
408 1135 745 1180 Angeliapparitione
768 1133 859 1166 fuiffe
881 1133 1058 1178 gloriatum
1075 1157 1085 1172 ,
1111 1133 1158 1166 lu-

100 1197 154 1235 Ep,
186 1188 485 1233 165.cetexSan{ti
509 1185 687 1229 Augustini
712 1183 856 1226 Epistola
879 1183 919 1217 ad
943 1182 1088 1216 nobilem
1113 1184 1157 1216 vi-

266 1250 338 1272 rum
361 1237 566 1272 Generosum
580 1261 587 1268 .
616 1235 706 1268 Idem
728 1235 835 1267 stium
857 1232 874 1266 ὲ
904 1233 1044 1267 Valente
1067 1233 1158 1265 Mur-

257 1288 354 1322 -fienfi
378 1287 578 1321 Arianorum
603 1284 763 1327 Episcopo
791 1308 802 1323 ,
837 1294 933 1326 atque
954 1284 999 1318 ita
1023 1283 1157 1326 Impera·

265 1348 372 1372 torem
400 1336 634 1371 Constantium
656 1334 747 1368 fuisse
770 1334 804 1366 in
829 1334 896 1376 ejus
920 1333 1158 1367 communione

266 1389 435 1421 firmatum
461 1385 569 1419 scrIbit
596 1386 630 1418 in
652 1383 872 1419 Ecclefiastica
897 1383 1041 1416 Historia
1055 1381 1155 1425 Sulpi-

257 1439 333 1472 ·tius
344 1439 494 1471 Severus.
521 1434 708 1482 Qomodo
732 1434 882 1476 Cyrola,
911 1431 1156 1468 Wandalorum

267 1487 301 1520 in
315 1486 428 1521 Africa
441 1485 498 1519 sub
517 1484 715 1519 Hunnerico
740 1483 832 1527 Rege
858 1482 1001 1517 Arianus
1024 1482 1159 1524 Episco-

266 1548 350 1580 pus,
377 1536 486 1571 nescio
508 1546 605 1578 quem
628 1543 822 1577 pauperem,
848 1532 904 1574 qui
931 1532 962 1564 se
987 1542 1105 1565 caecum
1124 1532 1156 1564 δε

265 1588 308 1620 ab
331 1587 401 1629 ipso
422 1583 677 1620 illuminandum
707 1583 867 1625 fingeret,
895 1580 1000 1623 pretio
1020 1581 1136 1615 emerit
1150 1605 1160 1620 ‚

256 1636 379 1670 --multis
389 1636 483 1669 refert
495 1634 528 1666 in
540 1634 739 1666 Francorum
751 1630 901 1665 Historia
922 1628 1056 1665 Sanetus
1080 1631 1157 1665 Gre-

262 1685 376 1731 gorius
389 1685 569 1728 Episcopus
581 1682 786 1717 Turonensis
799 1706 806 1713 .
836 1679 963 1715 Verum
974 1682 1060 1714 fraus
1087 1691 1154 1713 non

256 1736 409 1770 -succeffit
421 1749 432 1768 .·
459 1736 550 1769 Deus
561 1734 650 1767 enim
664 1732 681 1764 ἐ
696 1729 867 1765 mendacio
879 1729 1048 1765 veritatem
1058 1729 1135 1764 fecit
1147 1755 1156 1770 ‚

264 1796 364 1819 caecus
377 1785 433 1819 ille
444 1784 593 1818 remansit
605 1793 708 1816 caecus
719 1805 730 1820 ,
757 1780 925 1824 quousque
937 1781 1055 1815 nostris
1067 1780 1157 1823 Epis-

265 1836 358 1879 copis
380 1834 512 1878 supplex
531 1833 636 1868 visum
659 1831 859 1875 recuperaret
881 1854 889 1862 .
915 1831 953 1864 ln
975 1832 1050 1865 foro
1076 1830 1155 1864 item

266 1883 640 1927 Constantinopolitano
676 1880 796 1916 delirus
831 1881 930 1914 senex
968 1879 1155 1923 Polychro-

260 1937 359 1976 nius,
385 1934 464 1969 dum
486 1935 577 1967 suam
604 1930 905 1970 Monotheliticam
929 1931 1086 1965 Haerefim
1101 1941 1155 1974 per

264 1985 446 2019 solemnem
458 1983 603 2018 defuncti
618 1981 861 2017 suscitationem
882 1981 1076 2015 confirmare
1088 1990 1154 2016 ten-

263 2037 369 2075 tavit,
395 2034 513 2068 derisus
532 2034 550 2067 a
576 2033 700 2076 populo
721 2030 817 2066 omni
839 2055 849 2071 ‚
888 2032 922 2065 δε
940 2032 959 2065 a
986 2033 1075 2065 sexta
1096 2032 1154 2072 Sy-

264 2085 356 2119 nodo
380 2085 442 2118 fuit
463 2084 555 2126 juxta
576 2083 731 2116 meritum
756 2081 931 2115 damnatus
956 2106 962 2112 .

263 2135 390 2177 Joanne
409 2133 553 2168 Calvino
572 2158 583 2174 ‚
610 2131 690 2166 dum
709 2132 727 2166 ἐ
753 2142 886 2166 mortuo
913 2132 1024 2165 vivum
1051 2131 1153 2164 facere

263 2194 368 2218 tentat
388 2182 585 2224 mendacio,
608 2182 627 2217 ὲ
650 2184 726 2217 vivo
750 2183 873 2216 factum
897 2182 964 2216 esse
984 2190 1150 2215 mortuum

263 2234 421 2269 testantur
443 2234 617 2278 gravissimi
635 2233 831 2276 Scriptores.
862 2231 1034 2272 Eandem,
1073 2231 1151 2264 licet

262 2297 331 2319 non
342 2283 489 2319 fraudem
502 2308 512 2323 ,
538 2294 647 2318 tamen
662 2282 837 2316 vanitatem
852 2291 944 2315 notat
968 2282 1004 2315 in
1029 2278 1148 2315 Luthe-

262 2335 350 2371 ranis
371 2335 523 2368 Erasmus
543 2356 554 2373 ‚
579 2333 700 2367 addens
720 2331 761 2366 ab
785 2331 848 2365 illis
872 2333 974 2374 usque
1001 2330 1066 2365 huc
1088 2343 1148 2366 nec

262 2396 368 2419 unum
391 2395 506 2419 canem
529 2384 667 2427 potuisse
689 2382 833 2416 suscitari
855 2407 861 2413 .
891 2382 944 2415 Est
965 2381 1065 2424 justus
1089 2382 1150 2415 sar-

254 2435 407 2468 casmus.
435 2434 540 2481 Qiod
560 2444 670 2467 tamen
696 2432 889 2467 venerabilis
912 2431 1014 2465 Wido
1038 2430 1149 2465 Abbas

250 2483 466 2519 ·Piscarienfis
499 2484 517 2516 ὲ
540 2484 605 2517 suis
626 2483 751 2517 rusticis
771 2483 914 2517 occisum
945 2481 1149 2516 Trasmundi

263 2535 408 2569 Comitis
419 2545 541 2578 equum
564 2533 779 2573 resuscitarit,
806 2544 904 2574 atque
926 2532 970 2565 ita
994 2531 1083 2566 hunc
1108 2531 1149 2566 ab

218 2600 224 2610 ·
264 2586 399 2619 istorum
438 2584 524 2618 caede
550 2584 708 2618 revocarit
727 2608 737 2624 ‚
765 2583 799 2616 in
823 2580 964 2625 ejusdem
986 2582 1146 2616 Coenobii

265 2633 458 2668 Chronicon
471 2635 603 2668 testatur
615 2634 756 2676 Joannes
768 2633 898 2667 Berardi
909 2658 916 2665 .
945 2633 1017 2666 Nec
1031 2632 1147 2666 desunt

264 2684 326 2716 alia
336 2683 495 2724 ejusmodi
505 2684 651 2727 exempla
663 2708 670 2714 .

316 2732 464 2779 Qaestio
482 2733 547 2772 est,
574 2734 628 2766 An
654 2742 860 2768 mortuorum
872 2732 1160 2772 suscitandorum„

265 2793 320 2816 aut
332 2783 394 2815 alia
408 2793 478 2815 vera
490 2782 641 2816 miracula
656 2782 801 2826 patrandi
816 2784 921 2828 gratia
934 2783 1025 2817 detur
1047 2775 1161 2827 quan-l

264 2834 373 2875 doque
385 2831 556 2865 Haereticis
566 2843 621 2865 aut
635 2833 707 2865 aliis
720 2833 937 2867 Infidelibus?
962 2833 1092 2868 Partem
1105 2833 1147 2867 af-

255 2882 459 2916 firmativam
481 2881 516 2914 in
538 2881 669 2915 laudato
690 2881 973 2925 Praescriptionum
1001 2884 1084 2918 libro
1104 2884 1147 2917 vi·

264 2934 358 2966 detur
378 2930 607 2966 Tertullianus
627 2933 805 2973 supponere
828 2957 835 2964 .
871 2932 962 2977 Qn
986 2934 1019 2966 ὅς
1039 2934 1079 2968 de
1102 2934 1145 2968 A·

265 2983 416 3025 pollonio
438 2978 620 3014 Thianensi
645 3004 654 3019 ‚
680 2979 814 3015 homine
843 2981 972 3017 Gentili
998 2984 1032 3016 <Sc
1059 2984 1145 3025 pessi-

91 1618 113 1646 [⁴⁸

115 1640 117 1642 .
146 1628 172 1646 2.
190 1625 246 1654 c-3.

88 1995 155 2026 Αέὶ.
177 2005 221 2033 15.

96 2853 167 2890 Cap.
181 2863 227 2887 44.

265 3044 321 3066 mo
349 3033 476 3076 Mago,
505 3030 613 3064 scribit
639 3031 674 3064 in
702 3031 880 3065 Aureliano
908 3032 1062 3076 Augusto
1076 3034 1133 3069 Fla

266 3083 335 3114 vius
363 3082 542 3125 Vopiscus:
572 3082 661 3123 ,Quid
682 3081 730 3112 illo
751 3088 817 3113 viro
835 3082 994 3122 Sani‘iius‚
1022 3094 1132 3116 venera

265 3132 355 3164 bilius
365 3156 376 3171 ,
404 3137 557 3173 antiquius
569 3156 578 3171 ‚
607 3128 801 3173 Diviniusqiie
820 3135 898 3163 inter
910 3131 1038 3164 homines
1055 3132 1144 3173 fuit?

265 3182 318 3215 Ille
329 3186 450 3213 mortuis
461 3182 593 3214 reddidit
605 3187 702 3214 vitam
716 3204 726 3220 ,
753 3181 800 3213 ille
811 3180 905 3213 multa
922 3181 1003 3213 ultra
1015 3181 1144 3217 homines

265 3233 300 3265 &
304 3230 381 3272 fecit
393 3234 427 3264 Co·
438 3232 517 3263 dixit
527 3255 538 3271 ,
564 3242 630 3273 quae
641 3237 692 3272 qui
714 3232 788 3263 velit
810 3233 881 3272 noffe
892 3253 902 3269 ,
930 3233 1048 3264 Graecos
1068 3233 1145 3276 legat

263 3281 366 3320 libros,
377 3285 427 3322 qui
443 3281 478 3312 dc
488 3282 550 3321 ejus
561 3287 629 3313 vita
642 3279 794 3323 conscripti
803 3278 874 3322 sunt
886 3304 891 3311 .
919 3280 1019 3326 Qud
1032 3282 1123 3316 illum
1135 3309 1145 3324 ,

264 3332 357 3365 uti&
377 3329 558 3373 Apuleium
580 3330 854 3370 Madaurensem,
881 3329 924 3362 ob
946 3341 1067 3372 patrata
1089 3334 1146 3366 mi·

138 3415 143 3421 ,
262 3381 370 3415 racula
383 3379 534 3416 Gentiles
547 3377 680 3413 Christo
690 3380 841 3413 Domino
865 3380 1078 3423 praetulerint‚
1103 3394 1146 3417 te-

96 3414 183 3453 Epist.
203 3422 229 3452 5·
263 3429 406 3466 staturin
421 3430 534 3463 litteris
555 3429 596 3462 ad
623 3428 791 3463 Comitem
816 3430 1048 3468 Marcellinum
1071 3435 1146 3469 San-

363 3480 468 3520 christ.
484 3483 562 3522 Lupi
576 3483 659 3522 Opcr.
672 3482 749 3512 Tom.
763 3484 814 3514 IV.

97 3122 226 3158 Cap-24.

1000 2082 1112 2115 Etiam
1135 2080 1153 2113 a
1172 2106 1174 2108 .

1235 148 1475 193 N0N1
1542 150 1845 194 Aer1s.*
1933 162 2027 208 307

1217 233 1285 266 stus
1297 231 1505 275 Augustinus
1515 255 1522 262 .
1550 230 1594 264 Et
1611 228 1652 264 de
1663 231 1861 274 Imperatore
1876 227 2097 273 Vespasiano}

1218 292 1323 323 praeter
1345 283 1435 325 spem
1454 281 1563 316 evesto
1584 279 1722 315 adistam
1740 279 1960 325 dignitatem,
1983 279 2096 317 scribit
2111 305 2163 336 Lib

1217 331 1391 365 Svetonius
1418 329 1656 375 Tranquillus:
1683 330 1852 364 auotoritas
1873 330 1908 363 ὢ·
1932 328 2017 372 quass
2027 333 2097 364 Ma·
2112 328 2176 384 αρ’·
2195 317 2241 382 ¹7⁰'

1208 380 1302 421 jestas
1323 383 1487 424 quadam,
1512 390 1546 414 ut
1563 379 1671 424 scilicet
1692 387 1867 424 inopinato,
1892 379 2097 423 &adbucno-

1217 443 1255 464 vo
1267 435 1420 473 Principi‚
1448 430 1568 465 deerat.
1597 439 1670 467 Haec
1691 442 1802 474 quoque
1825 430 1933 469 acctffit
1953 455 1961 463 .
1987 434 2019 465 Ε
2035 433 2098 474 ple-

1217 481 1250 514 be
1261 482 1386 524 quidam
1395 482 1557 515 luminibus
1568 480 1689 515 orbatus
1700 505 1713 522 ‚
1738 488 1811 516 item
1822 480 1899 514 alius
1919 480 2011 515 debili
2034 494 2099 518 cru-

1216 544 1268 570 re,
1289 531 1442 575 sedentem
1446 539 1502 573 pro
1522 531 1664 565 tribunali
1682 538 1801 573 pariter
1824 532 1985 572 adierunt,
2011 543 2098 567 oran-

1215 591 1260 614 tes
1271 590 1353 624 opem
1365 581 1552 615 valetudinis
1563 605 1573 621 ,
1600 582 1827 622 demonstratam
1839 583 1859 614 ἃ
1885 583 2024 624 Serapide
2039 591 2098 625 per

1216 638 1359 674 quietem:
1387 630 1599 671 Restituturum
1621 633 1734 671 oculos,
1752 631 1784 673 st
1798 630 1948 675 inspuiffit
1961 657 1972 673 ,
1996 633 2099 676 confir-

1215 689 1364 714 maturum
1375 692 1442 714 crus
1458 705 1470 720 ‚
1489 679 1520 722 fi
1522 682 1697 723 dignaretur
1719 683 1795 715 calce
1814 689 1974 726 contingere
1985 708 1992 716 .
2021 685 2098 728 Cum

1215 737 1272 764 vix
1291 731 1369 772 fides
1395 731 1461 773 esset
1481 741 1544 763 rem
1565 730 1623 762 ullo
1644 732 1729 764 modo
1742 730 1929 774 successuram
1942 757 1952 773 ,
1978 735 2099 776 ideoque

1215 793 1252 814 nc
1274 786 1406 823 experiri
1428 781 1547 821 quidem
1571 781 1693 813 auderet
1714 803 1725 819 ‚
1759 785 1889 814 extremo
1910 782 2099 816 hortantibus

1215 837 1318 864 amici's
1334 832 1442 872 palam
1463 838 1521 872 pro
1539 836 1669 864 concione
1693 841 1850 873 utrumque
1870 838 2023 873 tentavit,
2049 844 2099 867 nec

1214 889 1337 914 eventus
1360 879 1456 921 defuit
1477 905 1484 912 .
1512 880 1614 928 Qod
1639 882 1745 924 ipsum
1766 881 1802 914 in
1819 881 2039 916 Historiarum
2063 883 2102 917 li-

1216 931 1280 965 bris
1294 932 1449 965 asseverat
1463 930 1640 965 Cornelius
1652 931 1793 966 Tacitus
1804 956 1815 971 ,
1841 931 1965 966 addens
1976 944 2099 967 caecum

1216 981 1314 1015 istum
1324 982 1421 1015 fuisse
1434 981 1635 1025 AEgyptium
1650 1006 1662 1021 ,
1688 981 1830 1025 ideoque
1841 983 2008 1017 monitum
2020 984 2038 1017 ὲ
2049 984 2102 1018 Se-

1217 1031 1326 1075 rapide
1340 1056 1347 1063 .
1376 1031 1419 1064 Et
1429 1030 1468 1064 de
1488 1032 1687 1074 Imperatore
1714 1030 1889 1073 Adriano,
1916 1043 1970 1076 per
1989 1033 2100 1067 morbi

1217 1082 1456 1125 impatientiam
1476 1090 1609 1124 parante
1627 1082 1761 1124 seipsum
1781 1081 1932 1117 occidere
1950 1108 1961 1124 ,
1987 1084 2100 1118 scribit

1219 1132 1333 1166 AElius
1355 1133 1561 1176 Spartianus:
1589 1135 1641 1165 Ea
1660 1132 1830 1173 tempestate
1836 1131 2011 1175 supervenit
2021 1145 2101 1177 quae-
2116 1154 2179 1193 Cap
2207 1163 2240 1190 25

1217 1184 1289 1215 dam
1313 1183 1414 1215 mulier
1426 1205 1436 1220 ,
1462 1192 1529 1224 quae
1554 1183 1662 1215 diceret
1682 1179 1794 1225 somnio
1814 1181 1848 1226 fi’
1872 1189 2038 1224 monitam,
2065 1194 2100 1219 1ae
2180 1175 2187 1184 ⁴
2244 1174 2254 1190 ”

1217 1232 1375 1273 infinuaret
1399 1233 1531 1264 Adriano
1544 1256 1554 1271 ‚
1582 1243 1617 1266 ne
1634 1230 1666 1274 sc
1686 1234 1846 1273 occideret,
1877 1234 1955 1276 quod
1979 1234 2043 1275 esset
2054 1234 2100 1268 bc-

1219 1295 1253 1315 ne
1277 1284 1428 1316 valiturus
1450 1306 1458 1313 .
1488 1283 1581 1325 ,Quod
1597 1292 1662 1327 cum
1684 1294 1742 1316 non
1761 1282 1872 1327 feciffet
1890 1308 1901 1324 ‚
1938 1283 1989 1327 effe
2011 1295 2100 1318 caeca-

1218 1341 1281 1364 tam
1295 1357 1302 1364 .
1325 1334 1355 1375 J
1357 1332 1447 1375 uffam
1455 1340 1555 1366 tamen
1566 1338 1672 1365 iterum
1694 1334 1827 1366 Adriano
1847 1335 1950 1368 eadem
1971 1336 2101 1375 diceret,

1219 1393 1307 1424 atque
1315 1395 1415 1426 genua
1443 1383 1508 1423 ejus
1537 1381 1736 1425 oscularetur,
1762 1391 1916 1425 receptura
1936 1383 2053 1426 visum,
2074 1383 2106 1427 st

1211 1432 1325 1475 feciffet
1338 1455 1345 1464 .
1374 1433 1470 1475 ,Quod
1477 1430 1652 1474 insomnium
1664 1444 1729 1466 cum
1739 1433 1879 1476 impltffet
1890 1459 1902 1475 ,
1924 1435 2015 1467 oculos
2026 1446 2103 1468 rece-

1214 1487 1263 1523 pit
1274 1507 1284 1522 ,
1310 1493 1376 1514 cum
1386 1493 1465 1523 aqua
1476 1503 1487 1519 ,
1512 1492 1579 1522 quat.
1589 1482 1707 1522 insano
1717 1491 1784 1515 erat
1795 1506 1806 1522 ,
1827 1494 1865 1516 ex
1877 1494 1933 1525 quo
1954 1493 2080 1518 venerat
2090 1508 2103 1525 ‚

1218 1532 1308 1562 oculos
1333 1529 1475 1572 abluisset
1490 1554 1497 1561 .
1525 1535 1613 1563 Venit
1625 1533 1659 1564 (τ
1668 1533 1705 1564 dc
1726 1535 1885 1566 Pannonia
1904 1535 2029 1575 quidam
2052 1546 2104 1567 na-

1218 1590 1267 1613 tus
1283 1591 1376 1613 caecus
1389 1581 1434 1612 ad
1434 1579 1617 1622 febrientem
1629 1582 1797 1615 Adrianum
1810 1606 1820 1624 ‚
1831 1593 1951 1625 eumque
1960 1591 2080 1629 contigit
2092 1598 2103 1617 .-

1217 1633 1287 1673 .Quo
1300 1629 1386 1671 sablo
1406 1631 1440 1665 (tt
1463 1629 1525 1673 ipse
1548 1632 1639 1665 oculos
1663 1637 1794 1675 recepit,
1813 1634 1848 1667 (st
1871 1635 2039 1668 Adrianum
2053 1634 2106 1676 fe·

1217 1681 1279 1712 bris
1289 1682 1427 1722 reliquit.
1455 1680 1499 1713 Et
1525 1679 1565 1714 de
1591 1682 1713 1725 Mopso
1726 1683 1995 1727 Argonautarum
2017 1684 2105 1719 vate
2121 1691 2182 1722 Lib.
2211 1703 2262 1729 ¹4·

1216 1728 1369 1764 defunem
1381 1730 1465 1764 circa
1477 1729 1623 1765 Africam
1636 1756 1647 1772 ,
1674 1743 1712 1766 ac
1730 1731 1854 1767 ibidem
1877 1733 2026 1777 sepulto,
2049 1733 2106 1769 ha·
2120 1742 2144 1763 c·
2170 1742 2203 1770 25
2210 1755 2216 1761 ·

1217 1779 1269 1814 bet
1282 1779 1482 1814 Ammianus
1493 1781 1729 1816 Marcellinus:
1758 1781 1878 1826 CespIte
1898 1787 2008 1818 Punico
2033 1786 2104 1819 tedii·
2259 1813 2268 1815 γ.

1217 1834 1323 1864 Manes
1335 1831 1463 1864 dolorum
1475 1836 1625 1865 varietati
1646 1833 1825 1873 medentur,
1847 1835 2022 1877 plerumque
2045 1834 2104 1879 fiis.
2120 1850 2150 1878 1„
2176 1857 2220 1885 ¹3·
2246 1854 2275 1881 c.'

1210 1884 1321 1923 pii-ales
1345 1906 1352 1914 .
1390 1881 1434 1915 Et
1463 1881 1635 1916 ArIstaeum
1661 1883 1818 1924 Battum,
1846 1883 2042 1928 Cyrenenfis
2067 1887 2103 1920 in
2121 1893 2146 1918 6.
2170 1900 2197 1925 7.

1215 1931 1343 1974 Lybica
1364 1930 1538 1975 Pentapoli
1559 1932 1702 1966 civitatis
1724 1933 1946 1969 Conditorem
1972 1936 2006 1970 ἀ
2037 1935 2104 1970 Re-

1213 1992 1288 2026 gem
1301 2006 1311 2022 ,
1338 1981 1378 2015 ad
1390 1981 1486 2014 Cirni
1497 1981 1602 2016 Patris
1613 1992 1721 2026 preces
1729 1983 1825 2017 fuisse
1842 1995 1896 2027 per
1905 1984 2101 2027 Apollinem

1211 2030 1230 2064 a
1252 2031 1391 2066 naturali
1403 2030 1549 2066 balbutie
1561 2031 1731 2068 liberatum
1758 2031 1905 2068 adfirmat
1932 2034 2098 2077 Iustinus.

1213 2081 1324 2115 Etiam
1351 2081 1558 2124 AEsculapii,
1585 2081 1711 2117 Aristaei
1735 2082 1944 2126 Proconefii,
1971 2084 2100 2120 Aristaei

1212 2132 1442 2172 Clazomenii,
1473 2131 1662 2166 Cleomedis
1683 2132 1915 2177 Astipalenfis,
1941 2135 2101 2171 aliorum-

1211 2193 1273 2224 que
1284 2181 1473 2215 Gentilium
1485 2182 1640 2217 miracula
1651 2183 1782 2226 jactavit
1794 2185 1880 2229 apud
1892 2185 2075 2230 Origenem
2086 2211 2098 2228 ,

1199 2232 1241 2266 2&
1254 2243 1294 2266 ex
1306 2231 1450 2266 Pindaro
1473 2244 1511 2266 ac
1534 2233 1712 2269 Herodoto
1729 2236 1939 2270 confirmavit
1960 2236 2097 2276 Celsus,

1209 2282 1539 2317 exindecoucludens
1560 2283 1748 2319 Dominum
1771 2285 1917 2320 nostrum
1939 2286 2098 2329 JESUM

1210 2331 1377 2367 Christum
1416 2332 1483 2366 istis
1500 2332 1535 2366 in
1558 2333 1651 2367 nullo
1674 2335 1771 2370 fuisse
1793 2335 1970 2379 majorem·
1997 2336 2097 2371 Plura.

1209 2382 1329 2416 adduci
1349 2382 1468 2425 poffint
1488 2384 1566 2418 talia
1587 2386 1762 2427 exempla,
1789 2387 1822 2420 δε
1849 2387 1890 2421 de
1917 2387 1992 2430 ipsis
2018 2387 2097 2421 scri-

1209 2432 1256 2466 bit
1283 2433 1317 2466 in
1340 2432 1426 2467 libro
1463 2433 1503 2467 de
1530 2435 1657 2469 unitate
1684 2435 1831 2470 Ecclesiae
1857 2438 1992 2472 Sanetus
2028 2436 2098 2471 Au-

1208 2483 1356 2528 gustinus
1370 2498 1380 2517 .·
1408 2485 1624 2517 Exaudiantur
1642 2488 1728 2519 multi
1746 2509 1758 2526 ‚
1793 2488 1828 2520 Θ
1850 2488 1952 2520 multis
1975 2489 2072 2521 modis
2085 2513 2096 2529 ,

1209 2532 1366 2576 nonsolum
1377 2533 1541 2574 christiam·
1552 2534 1698 2568 Catholici
1711 2559 1721 2575 ‚
1744 2534 1805 2579 sed
1816 2538 1849 2570 (⁶7
1863 2539 2005 2580 Pagam’,
2029 2542 2061 2582 J
2064 2549 2096 2570 u-

1208 2585 1268 2616 αἰεὶ
1297 2608 1307 2623 ,
1328 2585 1362 2617 (⁸2⁸
1385 2588 1524 2617 Haeretici
1542 2591 1639 2618 variis
1663 2587 1811 2620 erroribus
1830 2588 1863 2622 (ν
1878 2586 2096 2630 superstitioni-

1207 2634 1262 2666 bus
1282 2634 1377 2666 dediti
1401 2658 1407 2665 .
1437 2637 1657 2668 Exaudiantur
1688 2644 1788 2670 autem
1818 2639 1870 2670 vel
1890 2639 1911 2668 a
1935 2635 2094 2680 spiritibus

1205 2682 1408 2726 sedulioribus
1433 2708 1443 2723 ,
1473 2691 1523 2726 qui
1548 2694 1650 2719 tamen
1676 2686 1754 2719 nihil
1762 2687 1885 2728 faciunt
1906 2687 1963 2728 nisi
1971 2694 2095 2728 permit-

1209 2742 1313 2766 tantur
1335 2735 1355 2764 a
1378 2736 1460 2774 Deo,
1482 2733 1649 2776 sublimiter
1659 2745 1751 2779 atque
1763 2735 2095 2776 ineffabiliterjudican-

1207 2791 1235 2817 tc
1247 2783 1324 2824 quid
1330 2788 1431 2825 cuique
1442 2784 1631 2817 tribuendum
1640 2785 1675 2828 sit
1688 2811 1697 2826 ‚
1726 2788 1775 2819 vel
1785 2786 1824 2818 ab
1846 2785 1907 2829 ipso
1928 2789 1990 2819 Deo
2009 2811 2019 2827 ,
2045 2789 2097 2821 vel

1208 2834 1378 2875 adpoenam
1400 2834 1525 2867 malitiae
1543 2833 1608 2877 suae
1622 2859 1633 2875 ,
1661 2838 1712 2869 vel
1729 2838 1772 2869 ad
1786 2835 1927 2879 solatium
1944 2835 2069 2879 miseriae
2080 2862 2093 2877 ,

1209 2885 1261 2917 vel
1287 2884 1330 2916 ad
1351 2890 1537 2917 monitionem
1556 2888 1727 2927 quaerendae
1742 2885 1853 2928 salutis
1881 2897 2001 2920 aeternae
2017 2912 2024 2919 .
2047 2889 2094 2920 Aa

1207 2932 1304 2976 ipsam
1316 2937 1385 2967 vero
1392 2933 1519 2977 salutem
1531 2946 1565 2968 ac
1577 2941 1676 2968 vitam
1686 2946 1831 2970 ‘eternam
1843 2948 1924 2970 nemo
1929 2944 2072 2979 pervenit
2082 2960 2094 2976 ‚

1208 2983 1264 3024 nisi*
1273 2983 1424 3025 quihabet
1437 2993 1526 3027 caput
1548 2985 1714 3025 christum.
1742 2984 1775 3018 A
1800 2987 1989 3021 Gentilibus
2011 2988 2096 3027 Scri-

1209 3032 1355 3076 ptoribus
1373 3035 1439 3076 jam
1461 3046 1640 3070 memorata
1661 3035 1817 3071 miracula
1842 3036 1966 3072 videtur
1986 3037 2094 3082 palam

1207 3083 1399 3117 confirmare
1414 3108 1421 3115 .

1258 3133 1295 3166 ln
1309 3131 1507 3167 homiliisad
1529 3135 1687 3179 populum
1708 3135 1959 3173 Antiochenum
1978 3138 2095 3172 confir-

1209 3194 1275 3217 mat
1286 3182 1386 3216 etiam
1398 3184 1435 3218 Sa
1441 3186 1531 3218 ustus
1541 3185 1681 3227 Ioannes
1694 3186 1948 3230 chrysostomus
1960 3200 1967 3222 ε
1981 3188 2093 3221 Etbm'-

1207 3240 1232 3266 ci
1255 3237 1474 3267 Daemoniorum
1502 3244 1568 3269 arte
1588 3237 1700 3270 morbos
1730 3235 1813 3281 saepb
1845 3248 1988 3273 curarunt
2010 3264 2021 3279 ,
2057 3239 2092 3272 (9⁶

1209 3292 1330 3326 aegrotos
1335 3281 1463 3325 sanitati
1475 3284 1680 3325 restituerunt.
1709 3287 1856 3324 Vitanda
1868 3290 1931 3324 effe
1955 3290 2091 3333 ejusmo-

1194 3332 1241 3366 'di
1253 3333 1407 3369 miracula
1419 3334 1562 3370 ostendit
1572 3349 1614 3371 ex
1635 3337 1890 3374 Deuteronomii
1909 3337 2064 3373 mandato
2077 3357 2090 3376 2

1194 3354 1245 3419 lac
1265 3383 1368 3425 ipsum
1389 3386 1524 3427 exponit
1546 3399 1553 3419 :
1592 3388 1624 3419 Si
1650 3387 1798 3430 Propheta
1830 3389 1975 3433 quispiam
1990 3384 2089 3429 surre-

1196 3420 1288 3474 lxerit
1299 3458 1310 3474 ‚
1337 3436 1370 3468 (Ὗ
1381 3434 1496 3478 ,[ζςηιυη
1520 3436 1645 3470 ediderit
1659 3463 1669 3478 ‚
1695 3440 1747 3471 vel
1767 3449 1913 3474 mortuum
1925 3441 2065 3470 excitarit
2077 3459 2089 3476 ‚

1197 3478 1202 3516 l
1618 3487 1698 3532 Qq
1749 3500 1771 3525 2
1993 3487 2043 3520 vel

2111 2464 2185 2502 Cap.
2205 2475 2251 2501 19.

2106 3266 2191 3294 Hom.
2214 3268 2260 3301 ja
