2352 3736
361 139 465 197 ²334

880 129 1520 178 DlssaRTAT10

125 215 186 247 Lib.
223 225 246 244 1.
302 226 376 257 tum
388 214 552 252 calumnia
565 236 572 243 .
599 212 653 245 De
676 211 743 245 suis
767 209 935 246 Armeniis
956 207 1065 244 scribit
1084 210 1184 247 etiam
1226 222 1231 250 ι
1247 224 1301 258 per
1313 212 1528 254 Catholicum
1549 215 1670 260 dogma
1683 240 1694 256 ‚
1718 219 1771 253 sed
1796 223 1897 257 etlam
1916 235 1977 268 per
2002 227 2123 261 variam

122 265 186 293 (Ψ
219 265 246 291 7·
302 264 486 301 Patriarcha
502 261 586 295 Isaac
603 274 613 294 .-
642 265 793 301 Armenii,
813 260 1107 304 Judaeorummore,
1128 270 1185 304 pa-

289 328 367 357 rnem
391 322 526 352 azymum
551 311 702 353 offerentes
725 311 810 343 nulla
835 314 942 343 unione
975 316 1185 354 commixtum,

298 371 382 399 unius
396 371 538 401 naturae,
557 360 671 405 solius,
695 366 841 401 inquam,
868 362 1003 393 Deitatis
1028 361 1184 401 masis-rium

288 414 409 456 faciunt
429 437 436 444 .
476 413 520 446 Et
546 411 628 445 infra
651 422 657 441 :
685 408 777 442 Nihil
795 410 882 443 aliud
901 414 987 452 impii
1009 411 1161 446 molientes
1175 437 1186 454 ‚

293 464 384 504 qudm
402 473 440 497 rur
470 461 585 502 Christo
601 459 768 501 perficiam
791 459 1034 494 humanationem
1056 472 1181 506 negent,

289 517 389 546 omnia
414 513 475 548 baec
489 519 639 555 nugantur
649 511 683 544 c‘a·
689 517 885 552 praetexunt.
908 511 953 545 Et
967 511 1050 545 inter
1068 514 1184 548 articu-

288 563 340 598 los
353 587 363 604 ,
389 572 527 606 quorum
538 562 632 594 causa
643 561 713 595 vult
727 560 875 595 damnari
901 560 1082 596 Armenios
1097 586 1107 602 ‚
1126 574 1184 607 po-

288 613 504 649 nit&hunc.·
532 613 648 647 Panem
659 623 814 653 azymum,
833 612 1019 656 Judaeorum
1029 624 1133 652 more,
1151 620 1184 646 in

287 660 621 705 Sacrificiumofferunt.
652 662 695 695 Et
717 660 859 697 interum
883 674 891 693 :
920 668 1083 702 Azymum,
1109 674 1182 695 mor-

286 724 371 748 tuam
384 711 503 753 bostiam
521 736 531 752 ,
559 713 725 754 impudenti
729 711 813 753 facie
822 718 855 744 in
862 711 1011 755 conspec‘lu
1025 715 1181 752 Deijuxta

286 764 480 801 Hebraeorum
496 763 688 797 traditionem
706 761 810 804 fistunt
836 788 842 794 .
871 763 914 797 Et
937 762 1044 796 infra.-
1064 766 1180 797 Panem

286 813 397 857 absque
401 812 468 857 sale
481 812 593 848 habent
608 838 614 844 .
629 812 672 847 Et
689 811 879 855 quibusdam
887 812 1029 855 Iudaicis
1043 812 1176 855 ritibus,

279 862 544 908 &Eutychiana
556 861 661 897 haerefi
684 863 882 906 quandoque
905 862 1095 898 laborarunt
1116 862 1179 898 Ar-

282 914 411 950 menii:
437 915 525 950 Isaac
535 914 674 947 affirmat
699 915 734 946 in
755 922 895 955 utroque
922 923 1029 947 errore
1051 912 1178 948 sordere

283 965 465 1008 pertinaces
487 989 498 1004 ‚
525 963 638 1006 utpote
657 964 713 1005 qui
737 973 791 1005 per
815 964 909 996 suum
936 962 1003 998 fine
1024 962 1176 998 fermenti

283 1015 409 1049 unione
426 1025 542 1058 panem
563 1013 780 1055 profiteantur
801 1013 868 1047 esse
884 1013 1016 1047 unicam
1030 1013 1065 1046 in
1079 1012 1177 1048 Chri-

281 1065 333 1099 sso
361 1065 514 1099 Domino
527 1063 600 1098 ⁴fine
623 1061 843 1106 Hypostatica
878 1063 1004 1097 unione
1027 1063 1175 1102 divinam

281 1125 431 1149 naturam
454 1139 464 1155 ‚
489 1124 587 1157 atque
608 1113 653 1147 ita
671 1113 706 1147 in
735 1114 806 1157 ipso
836 1113 994 1148 sacrificio
1016 1114 1049 1147 &
1074 1113 1175 1156 judai-

278 1175 355 1200 zent
379 1162 550 1209 quotidie,
575 1164 610 1199 ὅ(
629 1164 695 1197 sese
717 1162 859 1199 clament
883 1161 1152 1206 Eutychianistas
1166 1189 1173 1197 .

105 1235 160 1265 Lib
194 1243 227 1269 18
277 1216 333 1249 De
352 1216 474 1250 eisdem
494 1212 602 1250 scribit
627 1211 836 1257 Nicephorus
862 1212 1013 1248 calixtus
1038 1227 1046 1246 ε
1074 1218 1174 1248 Arme-

100 1261 172 1313 capJ
194 1289 202 1313 ⁵
212 1259 238 1314 32
276 1271 322 1299 nii
343 1271 376 1300 in
400 1277 432 1299 re
453 1266 561 1298 divina
574 1263 722 1305 facienda
747 1272 874 1297 utuntur
896 1274 995 1303 azymo
1007 1288 1018 1305 ,
1044 1276 1101 1297 non
1116 1273 1171 1306 pa-

275 1327 331 1349 ne.
359 1316 448 1349 Cum
471 1313 640 1349 Michaele
661 1313 832 1348 Cerulario
854 1314 995 1348 affirmat
1015 1325 1170 1358 azymum

274 1377 346 1400 non
364 1366 430 1400 esse
453 1375 570 1408 panem
593 1390 600 1397 .
638 1363 682 1398 Et
703 1365 808 1410 pergit
833 1376 840 1395 :
868 1368 965 1407 Atque
985 1364 1030 1398 illi
1050 1366 1171 1407 quidem

273 1427 351 1450 nunc
370 1427 407 1449 ex
432 1416 595 1448 traditione
625 1439 636 1455 ,
673 1426 743 1457 quae>
772 1418 886 1448 ratione
920 1416 1004 1449 nulla
1024 1420 1134 1449 nititur
1159 1440 1170 1456 ,

274 1466 340 1501 baec
353 1466 492 1508 faciunt.
519 1469 642 1498 Veteres
654 1473 754 1498 autem
764 1475 861 1497 eorum
886 1464 1024 1499 Dodlores
1051 1478 1170 1509 magnae

274 1521 425 1551 Armeniae
436 1518 612 1558 Gregorium
624 1515 707 1548 illum
730 1514 896 1553 Antistitem
917 1519 996 1548 ritus
1029 1513 1170 1557 ejusmodi

273 1574 316 1600 eis
322 1576 382 1609 per
391 1577 497 1599 manus
508 1563 685 1607 tradidisse,
711 1564 1046 1604 calumniosejaeti‘ant‚
1072 1571 1166 1598 maxi·

273 1619 322 1651 ma?
335 1619 406 1651 vero
416 1616 591 1651 oblationem
612 1624 746 1652 azymam
759 1638 769 1654 ,
792 1615 951 1655 propterea
961 1615 1042 1656 quod
1059 1618 1092 1647 in
1113 1627 1166 1653 my-

214 1680 216 1682 ·
267 1666 340 1707 stica
354 1670 476 1700 Domini
488 1669 583 1698 Coena
595 1675 728 1702 azymum
739 1669 829 1696 etiam
839 1661 1120 1702 Sacrificiumfuerit
1133 1687 1141 1695 .

323 1714 428 1764 Qod
441 1713 592 1749 Armenii
603 1723 725 1756 azymo
738 1722 821 1755 pane
834 1711 896 1744 fint
909 1711 952 1744 ufi
964 1710 982 1743 ὲ
994 1710 1107 1745 multis
1119 1712 1166 1745 sae-

267 1766 354 1801 culis
377 1790 389 1808 ,
424 1764 471 1800 est
491 1762 634 1798 omnino
663 1761 875 1799 certissimum
898 1786 905 1792 .
933 1759 1062 1796 Diserte
1076 1762 1167 1796 enim

84 1817 176 1856 Epist.
201 1829 224 1851 1-
267 1815 337 1852 hoc
356 1817 496 1851 affirmat
517 1814 552 1848 in
574 1812 688 1848 litteris
710 1812 751 1846 ad
778 1812 921 1854 ipsorum
944 1810 1167 1846 patriarcham

91 1857 202 1893 ubst·
263 1865 435 1910 ‘Vejajaser
465 1864 500 1899 ὅ(
533 1861 645 1897 laudat
669 1861 829 1897 Pontifex
860 1861 1038 1905 Gregorius
1073 1862 1168 1906 septi-

214 1950 216 1952 ,
265 1924 358 1954 mus.
387 1916 432 1950 Et
452 1914 495 1950 ad
516 1912 704 1949 duodecimi
717 1910 822 1946 saeculi
833 1922 959 1946 annum
973 1912 1165 1956 septuagefi·

264 1978 360 2003 mum
382 1965 563 2009 Imperator
573 1961 710 1996 Manuel
730 1960 926 1996 Comnenus
949 1959 1127 1998 Armenios
1148 1963 1167 1997 a

262 2016 421 2052 Romana
443 2013 586 2049 Ecclesia
614 2012 655 2048 ad
676 2011 1089 2055 Constantinopolitanum
1102 2012 1167 2046 Mi·

261 2067 387 2102 chaelis
423 2063 584 2098 Cerularii
615 2061 760 2098 schisma
799 2072 979 2105 pervertere
1019 2062 1163 2103 studuit,

264 2117 410 2159 ideoque
436 2113 477 2150 ad
504 2113 580 2149 illos
605 2113 689 2148 mifit
708 2112 891 2146 Dostorem
917 2111 1168 2147 Theorianum.

265 2168 350 2213 Egit
376 2168 410 2201 &
438 2163 616 2209 disputavit
641 2162 697 2198 hic
723 2170 799 2197 cum
824 2161 1012 2199 Patriarcha
1039 2162 1168 2196 Nierse·

265 2220 325 2258 se,
353 2218 387 2252 &
409 2227 458 2251 res
486 2227 555 2249 non
583 2213 668 2248 male
695 2212 842 2254 succeffit
865 2236 873 2245 .
900 2213 996 2247 Hinc
1021 2212 1167 2257 ejusdem

267 2268 377 2304 saeculi
403 2277 493 2301 anno
520 2264 756 2310 septuagesimo
783 2263 923 2307 septimo
952 2261 1040 2297 idem
1062 2262 1165 2306 Impe-

268 2326 357 2353 rator
383 2318 530 2362 Legatos
555 2315 639 2349 alios
677 2314 764 2348 misit
791 2313 832 2348 ad
867 2313 1023 2348 Niersefis
1051 2313 1167 2347 succes

268 2370 375 2403 sorem
401 2366 602 2411 Gregorium
623 2363 815 2409 Deghiam,
841 2363 874 2398 δε
902 2363 1007 2405 varios
1034 2363 1168 2398 unionis

269 2418 451 2458 articulos,
477 2427 616 2461 quorum
643 2416 749 2451 sextus
776 2415 839 2448 fuit
866 2412 920 2448 hic
943 2425 951 2446 ε
990 2416 1169 2459 ,Quaerimus

269 2480 303 2502 m
325 2476 357 2501 in
386 2477 466 2510 pane
486 2467 670 2508 fermentato
696 2490 706 2504 ‚
745 2467 779 2499 ez·
799 2470 830 2498 in
851 2470 923 2500 vino
942 2470 989 2498 cui
1019 2465 1163 2507 admixta

269 2519 306 2561 fit
328 2529 427 2559 aqua,
449 2516 636 2559 sacrificetis.
663 2515 738 2549 Hac
759 2514 902 2549 decausa
915 2513 1068 2549 Armenii
1082 2511 1164 2547 indi-

274 2578 391 2602 xerunt
412 2567 612 2600 Tarsensem
635 2564 807 2606 synodum
821 2588 832 2604 ,
857 2565 892 2596 δε
926 2574 981 2605 per
1002 2566 1095 2597 suurn
1108 2563 1168 2599 1>ae

272 2616 449 2652 triarcham
472 2613 566 2649 isthic
583 2614 790 2657 reposuerunt
808 2625 816 2644 ι
854 2613 942 2645 Circei
961 2612 1037 2645 hunc
1057 2619 1165 2645 articu-

274 2671 360 2708 lum,
386 2667 463 2710 quod
484 2664 560 2709 sani
579 2663 691 2706 justum
726 2662 765 2703 est
787 2687 798 2703 ,
835 2666 1026 2696 Reverentiae
1062 2662 1166 2703 vestrae

274 2719 431 2762 suademus
445 2741 456 2756 ,
482 2725 515 2749 ut
535 2714 676 2749 nimirum
700 2722 770 2747 cum.
792 2712 959 2755 apostolica,
971 2713 1056 2745 Petri
1066 2713 1159 2753 sede,

124 372 198 410 Cap.
219 376 246 405 8.

116 627 176 658 Lib.
207 638 231 661 ι..

95 1395 169 1437 Cap,
188 1403 234 1431 54.

277 2772 310 2803 a·
332 2780 397 2804 cum
418 2766 512 2808 nostra
532 2766 606 2807 aduc
631 2763 802 2797 bumilitate
814 2787 825 2804 ,
850 2763 1002 2798 concordes
1022 2763 1168 2805 efficiami-
1196 2780 1199 2782 >

283 2825 314 2852 ni
336 2843 347 2860 ‚
384 2826 474 2859 atque
498 2821 543 2850 ita
556 2814 683 2858 submissi
707 2815 795 2857 legem
829 2811 1001 2847 Charitatis
1028 2811 1175 2852 instaurez-

283 2875 342 2902 tis.
370 2871 447 2901 Sunt
469 2874 597 2908 namque
607 2865 673 2904 illi,
702 2862 849 2906 non-(ecus
861 2874 895 2897 ac
908 2875 981 2903 vos,
1002 2862 1166 2903 Apostolicae

286 2918 371 2958 hujus
392 2917 564 2962 traditionis
581 2913 743 2957 Discipuli,
768 2924 835 2947 cum
851 2912 956 2954 quibus
979 2913 1013 2946 <5
1033 2922 1084 2944 nos
1106 2917 1168 2948 azyss

289 2980 368 3001 mum
375 2977 485 3010 panem
494 2973 527 3000 in
533 2964 673 3010 sacrificio
682 2961 881 3006 consecramus
895 2987 902 2994 .
916 2959 1042 3005 ,Quodsi
1048 2970 1168 2995 tantam

289 3017 484 3051 humilitatem
497 3017 580 3051 vobis
593 3019 674 3049 Deus
685 3014 860 3056 concesserit,
888 3022 922 3045 ut
944 3012 999 3046 hac
1020 3017 1052 3045 in
1073 3022 1103 3045 re
1124 3022 1170 3044 no.-

292 3065 396 3107 biscum
407 3072 587 3103 conveniatis
601 3090 611 3106 ‚
637 3063 765 3100 debitum
786 3064 866 3099 nobis
878 3068 956 3103 erit,
982 3073 1018 3096 ne
1040 3062 1117 3104 quid
1124 3061 1170 3094 ob-

288 3115 390 3156 flaculi
403 3116 533 3157 Ecclefiae
543 3121 653 3153 unitati
665 3123 827 3157 opponatur
841 3138 851 3154 ,
875 3124 986 3155 aquam
1003 3120 1079 3154 puro
1102 3117 1172 3145 vino

294 3163 431 3207 miscendi
443 3167 486 3198 ad
490 3167 615 3213 gloriam
628 3169 704 3201 Dei.
734 3165 775 3199 Et
788 3174 939 3209 quartus,
965 3173 1062 3207 quern
1085 3161 1134 3195 illi
1154 3161 1172 3195 a

293 3214 415 3250 Graecis
426 3215 645 3256 postularunt,
672 3214 826 3249 articulus
838 3215 900 3248 fuit
910 3212 986 3247 hici:
1014 3217 1054 3248 Vt
1077 3215 1173 3245 sacro-

296 3263 434 3309 sanc‘lum
455 3265 633 3303 Sacrificium
654 3276 752 3302 azymo
768 3273 850 3306 pane
868 3263 1063 3306 perficiatur,
1077 3262 1172 3304 juxta

296 3325 405 3352 mmm
425 3322 541 3354 magnae
567 3316 760 3346 Romanorum
785 3313 938 3356 Ecclefiae,
963 3323 1053 3355 atque
1073 3310 1173 3351 nostrae

302 3365 511 3401 traditionem.
539 3359 679 3402 Terram
705 3363 852 3396 Sanstarn
879 3374 957 3398 tunc
973 3360 1173 3406 possidebant

303 3412 422 3454 Franci
447 3421 484 3451 ac
520 3408 577 3449 alii
610 3408 723 3447 Latini
748 3432 759 3451 2
791 3412 824 3447 δε
858 3423 927 3448 non
965 3410 1174 3450 solummodo

1246 265 1439 298 affinitatem
1464 262 1630 300 habebant
1650 267 1706 300 fibi
1728 266 1895 305 obnoxios
1923 273 2098 310 Armenios
2114 301 2121 309 .

1247 315 1402 348 Fraterna
1429 303 1518 349 ihter
1537 315 1623 359 ipsos
1643 318 1823 354 concordia
1853 322 1993 366 graviter
2009 326 2124 360 'urebat

1247 364 1440 400 Manualem
1465 365 1700 406 Comnenum‚
1726 366 1864 413 ideoque
1890 380 1946 413 per
1971 372 2124 409 Ecclefia-

1248 414 1333 448 sticae
1358 415 1495 450 unionis
1519 416 1631 451 fucum
1656 426 1794 452 conatus
1820 419 1864 454 est
1893 420 1994 463 ipsam
2019 422 2125 458 diffel-

1246 475 1335 498 vere.
1363 464 1408 499 Et
1434 464 1515 500 hinc
1539 478 1616 501 cum
1642 467 1795 502 Romana
1822 469 1963 505 Ecclesia
1981 472 2129 508 seseuni·

1246 524 1298 549 tos
1324 516 1535 559 reposuerunt
1557 516 1733 560 Armenii,
1761 528 1859 562 atque
1885 520 1930 555 ita
1951 521 2127 557 nullames-

1245 566 1277 599 se
1303 566 1439 601 unionis
1474 567 1562 610 spem
1576 592 1588 609 ‚
1625 568 1685 601 nisi
1721 569 1755 602 ὅ(
1781 569 1884 604 Graeci
1919 571 2023 606 velint
2059 572 2126 607 Mi-

1243 613 1368 650 chaelis
1393 616 1553 651 Cerularii
1577 616 1721 652 Schisma
1749 619 1963 662 proscribere,
1989 622 2023 655 ὃ(
2047 631 2126 657 cum

1244 664 1355 700 debita
1376 665 1564 702 humilitate
1590 668 1656 701 sese
1682 669 1813 703 reddere
1838 669 2033 706 obedientiae
2058 672 2127 707 Ro-

1242 725 1348 750 manae
1369 741 1380 757 ,
1415 718 1449 751 ἀ
1483 718 1553 762 ejus
1588 729 1702 761 azyma
1727 718 1896 755 admittere
1918 746 1926 753 .
1962 721 2125 757 Attamen

1243 765 1394 800 Graecum
1421 769 1617 802 fermentum
1643 779 1712 803 non
1725 768 1939 805 damnarunt.
1967 772 2125 806 Lucetex

1241 813 1433 852 Patriarchae
1455 818 1607 863 Gregorii
1634 818 1761 853 Sisenfis
1786 819 1921 864 epistola
1955 821 1997 856 ad
2030 822 2128 865 Hay·

1241 873 1354 901 tonem
1387 878 1429 901 ex
1454 869 1548 913 Rege
1573 868 1786 903 Coenobitam
1808 884 1819 903 ι
1856 872 2017 915 ,Quidquid
2040 873 2127 914 apud

1241 917 1294 949 nois
1319 921 1476 959 antiquum
1493 921 1526 952 (vs
1548 920 1568 951 ἃ
1586 923 1733 960 principio
1756 921 1924 961 traditum,
1952 920 2125 965 conservare

1239 968 1376 1000 accurate
1414 967 1573 1007 debemus,
1596 979 1632 1001 ne
1643 969 1762 1011 quando
1780 976 1824 1004 rei
1845 970 1948 1012 nostra·
1970 978 2123 1016 contingat

1239 1016 1274 1048 id
1287 1039 1297 1056 ,
1323 1018 1403 1058 quod
1407 1015 1490 1059 saepe*
1499 1028 1616 1052 numero
1626 1023 1725 1052 vineae
1746 1026 1863 1054 evenire
1882 1020 1956 1064 solet
1971 1047 1981 1062 ‚
2008 1028 2041 1055 in
2060 1033 2122 1064 qua

1237 1066 1340 1099 aditus
1362 1069 1453 1100 anteri
1476 1066 1614 1110 angustus
1638 1091 1649 1106 ,
1675 1079 1712 1100 ex
1733 1074 1847 1101 incuria
1869 1079 1967 1104 tamen
1987 1073 2122 1115 omissus,

1234 1116 1386 1157 paulatim
1394 1117 1500 1150 deinde
1509 1119 1529 1149 ἆ
1542 1114 1762 1159 transeuntibus
1774 1124 1908 1159 aperitur
1922 1143 1933 1159 ,
1948 1132 1982 1153 ac
1991 1123 2121 1164 undique

1235 1167 1385 1200 dilatatur
1397 1191 1405 1200 .
1435 1169 1597 1210 Propterea
1610 1178 1665 1199 nos
1688 1173 2033 1210 excommunicationem,
2051 1182 2123 1213 qua

1235 1221 1267 1248 in
1282 1215 1441 1259 miscentes
1453 1229 1563 1260 aquam
1572 1219 1675 1259 inique*
1688 1218 1751 1250 lata
1759 1217 1868 1259 fuerat
1879 1243 1889 1259 ‚
1910 1225 2030 1261 penitus
2041 1219 2122 1253 abro-

1230 1277 1338 1309 gamus
1353 1268 1387 1301 (θ’
1403 1267 1551 1302 abolemus
1562 1292 1573 1308 ‚
1596 1279 1633 1301 ne
1636 1266 1720 1309 forte
1730 1266 1878 1311 quispiam
1887 1271 1903 1303 ἑ
1911 1270 2017 1311 populo
2029 1269 2122 1311 nostro

1237 1321 1372 1350 Armenio
1384 1341 1394 1357 ,
1408 1324 1470 1359 -qui
1487 1316 1575 1360 suum
1586 1323 1895 1356 aezymuminveterata
1914 1318 2120 1363 consuetudine

1230 1364 1351 1408 servat,
1374 1368 1487 1401 incidat
1499 1370 1575 1402 ultro
1587 1374 1619 1400 in
1633 1366 1878 1408 fermentatum,
1903 1380 1955 1402 aut
1973 1377 2064 1403 etiam
2085 1376 2119 1404 in

1232 1417 1325 1450 loram
1337 1423 1494 1460 quamvis.
1509 1421 1538 1450 E
1542 1417 1579 1459 tsi
1578 1418 1793 1460 fermentatum
1805 1418 1904 1460 nonsit
1914 1421 1933 1451 iz
1945 1420 2119 1454 eanonibus

1226 1465 1417 1508 stabilitum,
1436 1479 1466 1500 eo
1479 1479 1579 1502 tamen
1607 1477 1720 1502 utentes
1743 1469 1931 1509 improbandi
1952 1482 2010 1503 non
2026 1468 2118 1513 sunt,

1224 1518 1325 1555 juxti?
1340 1520 1526 1559 Praeceptum
1542 1522 1663 1556 Domini
1683 1517 1824 1562 Nierftfis
1838 1543 1848 1559 ,
1863 1521 1934 1559 dum
1944 1526 2036 1553 etiam
2044 1524 2119 1562 Apo-

1223 1565 1290 1605 stoli
1303 1566 1351 1598 illo
1364 1568 1513 1600 interdum
1530 1566 1599 1610 sunt
1613 1568 1658 1609 ufi
1670 1593 1680 1602 t
1702 1568 1827 1602 Lucide
1846 1569 1958 1604 laudat
1980 1569 2061 1604 Asta
2083 1571 2118 1604 δε

1233 1614 1406 1658 Disputata
1434 1616 1591 1650 Niersefis
1613 1628 1688 1650 cum
1711 1616 1927 1652 Theoriano.
1956 1619 2117 1654 Existimo

1229 1664 1317 1706 quod
1328 1664 1346 1698 a
1359 1666 1488 1704 Latinis
1500 1666 1540 1700 ad
1551 1667 1682 1705 Graecos
1693 1667 1827 1702 deficere
1840 1668 1991 1703 nolentes
2003 1669 2116 1704 Arme-

1232 1713 1277 1746 nii
1293 1714 1489 1756 postularint
1503 1725 1619 1759 azyma
1634 1715 1760 1750 admitti
1774 1719 1807 1749 in
1820 1718 1978 1752 sacrificio
1990 1742 2000 1758 ,
2024 1719 2114 1762 quod

1226 1763 1346 1797 scirent
1357 1763 1420 1798 esse
1432 1765 1605 1799 articulum
1618 1765 1850 1808 impossibilem
1862 1792 1872 1807 ‚
1882 1768 2022 1809 ideaque
2033 1779 2116 1805 nun·

1229 1812 1325 1856 quam
1349 1814 1608 1852 admittendum.
1669 1813 1805 1859 uidquid
1826 1814 1884 1858 fit,
1913 1817 1980 1851 haec
1999 1818 2116 1855 omnia

1229 1863 1371 1898 clamant
1384 1865 1493 1908 azymi
1507 1867 1602 1900 usum
1613 1867 1676 1899 effe
1688 1866 1753 1899 illis
1764 1867 2026 1910 antiquissimum
2038 1893 2046 1900 .
2113 1888 2118 1891 -

1277 1914 1422 1962 Qlaestio
1433 1914 1478 1949 est
1491 1940 1502 1956 ,
1516 1915 1547 1950 A
1561 1927 1628 1960 quo
1642 1916 1737 1950 illum
1750 1917 1930 1960 acceperint
1942 1919 1955 1951 ?
1967 1918 2118 1962 Respon-

1228 1963 1373 1999 deoeffe
1392 1964 1501 1999 varias
1520 1966 1695 2000 sententias
1709 1990 1716 1998 .
1743 1966 1890 2010 Ipsorum
1910 1968 2037 2011 antiqui
2060 1990 2071 2006 ‚
2088 1969 2120 2002 st

1229 2014 1261 2048 N
1265 2012 1422 2058 icephoro
1433 2014 1571 2049 Calixto
1578 2015 1744 2050 credimus
1754 2041 1765 2059 ,
1790 2018 1947 2051 Dostores
1957 2017 2115 2052 dixerunt

1226 2064 1290 2099 esse
1307 2063 1326 2097 ὲ
1342 2065 1460 2099 Sancto
1474 2066 1532 2099 suo
1547 2065 1710 2109 Apostoto
1721 2066 1755 2100 δε
1779 2065 1966 2101 patriarcha
1988 2066 2119 2111 Grego-

1225 2115 1298 2154 rio,
1319 2115 1375 2157 qui
1401 2115 1460 2148 sub
1481 2115 1646 2159 Tyridare
1666 2115 1760 2160 Rege
1782 2116 1830 2150 &2
1840 2127 1964 2161 magno
1980 2115 2121 2159 Impera-

1226 2161 1298 2198 tore
1321 2163 1546 2199 Constantino
1569 2165 1750 2209 praedicavit
1781 2163 1878 2199 isthic
1907 2166 2118 2202 &fundavit

1228 2214 1452 2259 Evangelium
1474 2239 1482 2248 .
1504 2213 1595 2249 Idem
1614 2214 1772 2249 scribitin
1795 2216 1953 2259 opusculo
1971 2216 2012 2250 de
2023 2217 2129 2260 Jaco«

1225 2265 1366 2299 bitarum
1401 2264 1437 2298 δε
1470 2263 1769 2300 Chatzitzariorum
1797 2267 1852 2299 seu
1880 2266 2114 2302 Armeniorum

1227 2313 1332 2349 haerefi
1362 2309 1551 2350 Demetrius
1563 2315 1770 2358 Cyzicenus:
1793 2319 1925 2349 Armenii
1936 2328 2026 2359 quum
2036 2317 2119 2350 abien

1226 2370 1335 2399 tionem
1343 2364 1492 2406 offerunt,
1509 2365 1633 2407 faciunt
1652 2377 1786 2405 azymam
1807 2392 1814 2398 .
1838 2370 1884 2398 Et
1899 2369 2034 2405 Juniores
2050 2373 2118 2410 quir»

1230 2416 1298 2448 dem
1322 2413 1527 2449 chatzitzarii
1548 2427 1586 2452 ex
1607 2415 1695 2460 causa
1724 2416 1922 2449 irrationabili
1941 2418 1976 2449 id
1995 2428 2115 2459 ceremoae

1228 2471 1288 2498 ntae
1312 2465 1467 2499 indullum
1487 2475 1659 2510 nugantur,
1686 2476 1800 2499 veteres
1821 2475 1918 2500 autem
1938 2477 2035 2500 eorum
2054 2468 2113 2498 Do-

1229 2515 1322 2549 t‘Jores
1354 2515 1495 2549 §andum
1518 2518 1538 2548 ἃ
1558 2519 1618 2550 Deo
1637 2516 1777 2558 afflatum
1799 2528 1834 2549 ac
1857 2520 2015 2554 Martyrem
2036 2518 2112 2548 Gre-

1226 2571 1368 2608 gorium,
1389 2577 1509 2609 magnae
1533 2569 1681 2600 Armenia
1704 2565 1904 2608 Episiopum,
1933 2565 2111 2611 oblationem

1231 2614 1375 2658 ejusmodi
1390 2615 1452 2658 fine
1468 2615 1618 2657 fermento
1651 2617 1716 2649 ideo
1749 2615 1902 2656 tradidisse
1923 2615 2112 2647 calumniam

1233 2674 1282 2697 tur
1305 2690 1315 2705 ,
1348 2672 1419 2708 quia
1440 2677 1525 2708 quem
1548 2664 1680 2704 Christus-
1697 2671 1807 2705 panem
1830 2663 1936 2696 tribuit
1956 2671 1989 2695 in
2009 2670 2114 2698 σαντα·

1232 2714 1367 2756 Mystica‚
1399 2716 1503 2748 dicunt
1524 2725 1654 2752 azymum
1668 2712 1757 2756 fuisse
1775 2736 1784 2744 .
1817 2713 2020 2754 opusculum
2040 2711 2115 2748 hoc*

1232 2776 1334 2809 nuper
1359 2764 1506 2808 vulgavit
1524 2763 1712 2797 Franciscus
1735 2761 1904 2796 Combefis
1917 2787 1925 2795 .
1955 2763 1999 2798 Et
2019 2764 2113 2799 favee

1231 2812 1444 2858 pereundem
1466 2811 1628 2856 publicata
1645 2813 1687 2846 de
1709 2813 1872 2846 Armeniae
1891 2812 1985 2847 rebus
2007 2824 2111 2847 narra-

1230 2865 1298 2898 tio.
1320 2861 1472 2896 Affirmat
1484 2862 1661 2896 Armenios
1678 2862 1696 2896 a
1717 2861 1908 2904 Julianistis,
1930 2863 1984 2896 seu
2005 2863 2109 2905 Euty-

1231 2912 1355 2947 chianis
1377 2913 1502 2955 Juliani
1534 2912 1751 2946 Halicarnasii
1783 2912 1935 2956 Episcopi
1953 2912 2110 2945 sectatori-

1232 2963 1290 2998 bus
1301 2962 1392 2996 fuiffe
1405 2961 1547 2997 seduaos
1560 2963 1595 2996 in
1609 2962 1702 2996 istam
1713 2960 1865 2996 hraerefim
1879 2985 1890 3002 ,
1907 2962 1942 2995 dc
1954 2962 2057 3005 pergit
2066 2961 2109 2995 de

1234 3014 1374 3056 ipsorum
1387 3010 1572 3046 Patriarcha
1584 3007 1704 3055 Moyse
1714 3023 1751 3046 ac
1772 3013 1967 3056 Imperatore
1987 3010 2112 3045 Mauri-

1235 3064 1283 3097 tio
1298 3066 1490 3104 :Imperator
1512 3065 1675 3096 Mauritius
1689 3063 1768 3103 juffit
1778 3060 1935 3107 Episcopo:
1956 3071 2053 3094 omnes
2074 3072 2111 3095 ae

1235 3111 1345 3156 Moysen
1367 3112 1551 3146 Catholieum
1573 3115 1635 3146 und
1667 3124 1731 3145 cum
1752 3110 1929 3144 militaribus
1948 3116 2038 3153 copiis
2060 3123 2114 3144 ve·

1236 3173 1300 3197 nire
1322 3163 1623 3206 Constantinopolim.
1648 3162 1771 3204 Utique
1791 3159 1832 3194 ad
1866 3160 1940 3194 istas
1965 3160 2118 3204 quaestio·-

1237 3225 1290 3247 nes
1311 3213 1521 3257 synodaliter
1539 3210 1783 3256 componendas
1804 3235 1810 3241 .
1841 3211 1947 3244 Verum
1968 3211 2017 3244 ille
2036 3211 2110 3250 iuffls

1235 3263 1465 3307 haudquaquam
1485 3263 1623 3296 adhibuit
1643 3265 1774 3294 animum
1796 3285 1806 3299 ‚
1826 3261 1924 3293 dicens
1937 3271 1948 3290 .·
1978 3259 2054 3300 Abfit
2074 3266 2109 3291 ut

1235 3313 1384 3357 transeam
1414 3314 1538 3356 fluvium
1570 3317 1646 3344 Azat
1665 3336 1676 3352 ‚
1707 3310 1759 3343 vel
1771 3309 1867 3350 furno
1894 3310 2002 3343 coc‘lum
2023 3318 2110 3340 come-

1237 3366 1306 3396 dam
1319 3390 1328 3405 ‚
1349 3373 1399 3397 aut
1410 3365 1537 3397 calidum
1549 3360 1647 3394 bibam
1661 3385 1670 3393 .
1692 3359 1806 3394 Palam
1826 3358 1942 3394 alludit
1962 3356 2004 3390 ad
2027 3356 2114 3388 Gran·

1237 3426 1292 3448 cos
1302 3439 1312 3456 ,
1335 3415 1391 3459 qui
1406 3412 1641 3449 Eucharistiam
1653 3409 1818 3449 sacrabant
1827 3421 1867 3446 ex
1879 3409 2040 3461 fermento
2053 3429 2062 3443 ‚
2074 3406 2109 3444 ὃς

2003 3465 2060 3491 im,
