2352 3736
74 350 137 383 Lib.
159 362 186 389 3.

74 412 137 439 cap·
151 408 191 435 ¹3·

73 2661 138 2694 Lib.
158 2663 188 2690 ιζ

75 2711 137 2740 caP.
151 2705 195 2732 16.

640 124 935 170 quaa-rum
970 109 1278 154 ROMANUM
1314 109 1693 155 ConcrtiuM.

258 197 343 233 nihil
377 196 418 231 ad
454 195 599 240 ipsorum
635 195 801 240 requisivit
827 194 1134 229 canonizationem.

256 248 350 282 Hinc
369 248 450 282 item
460 248 500 282 de
511 248 685 281 Mensurio
710 244 956 289 Carthaginensi
972 242 1138 286 Archiepi-

251 298 355 341 ‘scopo
377 298 534 332 scribit-‚in
548 296 751 332 Collationis
775 294 1042 338 Carthaginensis
1064 292 1139 327 Bre-

255 349 368 383 viculo
389 349 523 382 Sanctus
551 347 759 392 Augustinus
773 360 783 379 :
810 348 847 377 In
870 345 1004 384 litteris,
1029 343 1140 386 utique

255 398 418 434 Mensurii
430 398 472 433 ad
482 398 668 433 Secundum
680 395 906 441 Tigisitanum
921 394 1121 437 Episcopum
1131 416 1142 432 ‚

257 449 360 483 lelium
383 448 420 489 est
440 461 505 488 eos,
534 454 585 491 qui
602 447 638 491 se
659 445 796 488 offerrent
816 442 1064 487 persecutionibui·
1084 455 1141 477 non

256 499 455 543 comprehenfi
465 524 476 541 ,
498 501 533 534 Θ·
556 499 634 532 ultr&
664 498 792 530 dicerent
806 493 958 537 sehabere
973 493 1140 538 scripturas

258 562 333 593 quas
357 562 414 584 non
434 552 615 587 traderent,
638 545 775 588 &quibus
798 544 848 578 hoc
861 556 945 578 nemo
966 543 1141 588 quaefierat,

257 601 433 644 displicuisse
453 597 621 641 Menficrio,
643 595 728 630 &ab
755 601 796 629 eis
809 594 990 628 honorandis
1002 595 1067 627 euin
1077 601 1142 636 pro-

260 650 379 694 hibuisse
400 649 582 689 Christianos
594 672 602 679 .
630 648 769 690 ,Quidam
788 651 878 680 etiam
900 652 933 679 in
954 644 1054 679 eadem
1065 647 1139 686 Epi-

251 700 326 741 stola
339 696 496 743 facinoross
518 697 721 742 arguebantur
738 722 748 737 ,
775 698 808 730 (ν
820 695 883 739 fisci
899 695 1064 732 debitores,
1090 700 1141 736 qui

257 750 391 792 occassone
407 746 617 791 persecutionis
637 748 688 781 vel
699 758 799 780 carere
814 746 924 779 vellent
943 743 1059 787 onerosa
1069 746 1142 777 mul-

255 806 299 836 tis
321 799 432 833 debitis
453 804 542 838 vita,
570 799 623 832 vel
637 806 770 841 purgare
787 794 820 838 se
842 804 989 836 putarent
1013 797 1047 828 ὢ·
1062 794 1145 836 quasi

257 850 375 885 abluere
380 848 520 890 facinora
527 846 606 890 sua,
632 849 686 880 vel
699 848 772 879 certe
794 851 943 887 acquirere
963 850 1142 886 pecuniam,

258 902 334 934 &in
346 899 471 939 custodia
487 899 597 931 deliciis
609 896 729 939 perfrui
749 897 786 928 de
810 894 940 938 obsequio
960 895 1142 934 christiano-

254 962 322 983 rum
335 975 342 984 .
374 949 479 984 Veros
499 948 517 981 a
538 947 623 981 falsis
637 971 647 986 ‚
674 948 824 980 &certos
842 946 883 980 ab
905 945 1038 979 incertis
1053 945 1144 979 Mar·

254 999 381 1043 tyribus
401 997 605 1032 discernebat
624 996 815 1031 Mensurius
835 1019 845 1034 ,
883 996 916 1029 &
939 995 1024 1029 solos
1055 995 1116 1029 hos
1130 1020 1140 1036 ‚

254 1060 339 1092 quos
349 1050 440 1092 juxta
454 1048 689 1093 Evangelicam
703 1047 807 1090 legem
822 1046 915 1079 fuisse
928 1045 1142 1089 comprehen-

254 1101 329 1139 sos,
349 1101 510 1134 confessos
524 1124 533 1137 ,
560 1110 597 1132 ac
612 1098 784 1132 defunetos
803 1096 1022 1139 comperiebat
1042 1119 1052 1134 ,
1078 1096 1142 1129 sine

255 1150 423 1185 miraculis
444 1147 679 1183 canonizabat.
708 1147 751 1180 Et
775 1145 835 1180 hac
857 1146 925 1180 sola
948 1146 1141 1180 discretione

254 1201 364 1243 quoad
388 1199 551 1242 Martyres
573 1198 617 1231 est
631 1208 713 1240 opus
726 1221 733 1228 .

308 1248 413 1284 Porto
427 1261 493 1283 non
506 1248 644 1290 quaevis‚
673 1247 751 1280 licet
771 1245 936 1284 miraculis
961 1245 1138 1285 illustrata,

254 1299 379 1343 justitia
400 1299 440 1333 ad
464 1298 752 1333 canonizationem
777 1297 894 1331 sufficit
923 1308 929 1328 :
962 1297 1023 1329 effe
1046 1296 1139 1330 debet

255 1351 427 1389 eminens,
453 1348 538 1383 &ab
557 1348 652 1381 omni
674 1348 774 1381 etiam
797 1348 889 1380 famae
914 1348 1140 1380 noevoimma-

254 1401 364 1434 culata
378 1425 386 1432 .
414 1399 549 1432 Etenim
562 1397 820 1432 Constantinum
832 1396 1017 1441 Magnum,
1042 1408 1139 1440 quem

255 1450 302 1483 ob
312 1450 436 1483 summa
450 1450 484 1482 in
510 1447 763 1490 Rempublicam
775 1446 812 1480 ac
827 1445 1004 1480 Ecclesiam
1026 1447 1140 1480 merita

258 1500 434 1535 Romanus
454 1500 588 1532 Senatus
608 1506 773 1540 receptum
786 1498 819 1530 in
839 1496 941 1530 coelos
962 1495 1057 1529 variis
1070 1496 1138 1538 post

256 1560 397 1584 mortem
422 1549 552 1592 pisturis
574 1548 619 1581 cst
643 1546 861 1590 protestatus,
888 1556 987 1588 quem
1011 1545 1090 1578 item
1105 1545 1137 1578 in

255 1600 418 1634 solemnes
429 1599 620 1632 Sanctorum
629 1595 753 1630 tabulas
766 1595 889 1638 accepit
901 1594 1012 1628 omnis
1024 1595 1141 1628 Orien-

255 1649 331 1683 talis
355 1648 512 1682 Ecclesia:
540 1647 665 1686 Hunc,
692 1647 853 1687 inquam,
879 1644 1139 1679 Constantinum

251 1700 291 1734 -in
304 1699 449 1733 laudatas
462 1696 587 1732 tabulas
600 1707 780 1738 numquam
799 1693 925 1728 admisit
941 1695 1065 1727 Latina
1079 1695 1140 1727 Ec-

252 1749 373 1789 clesia,
399 1748 489 1792 quod
514 1748 540 1780 is
551 1746 609 1781 sub
629 1747 701 1781 vitae
713 1746 813 1778 finem
835 1744 931 1777 vafris
953 1744 1141 1777 Eusebianae

255 1799 500 1833 criminationis
522 1796 644 1831 artibus
677 1793 942 1835 circumductus,
970 1794 1045 1828 licet
1072 1794 1141 1827 nul-

255 1850 291 1885 lo
313 1851 405 1892 pasto
431 1846 669 1882 orthodoxam
694 1845 790 1879 fidem
812 1869 822 1884 ‚
859 1844 927 1887 ejus
954 1853 1063 1878 tamen
1087 1844 1139 1878 de-

252 1899 414 1933 fensorem
436 1899 590 1932 sanetum
615 1894 830 1930 Athanasium
853 1893 936 1928 male
963 1894 1137 1928 trattaffet.

254 1949 383 1983 Aurelii
408 1946 674 1991 Carthaginensis
705 1942 954 1988 Archiepiscopi
982 1946 1017 1978 in
1052 1944 1141 1978 Afri-

253 2010 371 2033 canam
395 1997 572 2032 Ecclesiam
595 1994 839 2041 singulariffima
863 1994 1000 2034 merita,
1029 1994 1141 2028 vitam-

252 2059 317 2092 que
336 2048 409 2082 vere
435 2046 662 2090 Episcopalem
686 2045 759 2089 quis
781 2045 934 2089 ignoret?
963 2044 1071 2088 Ipsum
1096 2054 1142 2078 ta-

252 2110 330 2133 men
358 2123 368 2138 ‚
395 2096 483 2140 quod
504 2097 672 2131 adversum
700 2096 871 2129 Romanas
902 2094 1139 2137 appellationes

253 2150 286 2181 ὅ(
298 2148 500 2182 Sardicenses
520 2147 676 2180 Canones
686 2146 893 2189 pertinaciter
907 2145 993 2188 quasi
1007 2156 1065 2188 pro
1080 2146 1141 2178 sua:

255 2199 433 2234 Dioecesios
445 2197 730 2241 'Juribuslitigaffet
748 2220 757 2235 ‚
786 2195 977 2229 Sanctorum
1002 2205 1140 2230 numero

255 2247 450 2291 Apostolica
476 2248 573 2282 Sedes
596 2257 774 2289 numquam
796 2244 957 2287 adscripsit
984 2269 990 2275 .
1019 2244 1140 2277 Adver-

255 2300 327 2330 sum
352 2298 512 2331 Romanae
533 2296 678 2330 Ecclesiae
702 2296 910 2334 exaffiones,
937 2294 971 2328 ὅ(
998 2292 1139 2337 Aposto-

253 2347 333 2381 licas
365 2346 664 2381 Ecclefiasticorum
685 2345 921 2379 beneficiorum
955 2345 1140 2378 reservatio-

254 2408 313 2431 nes
344 2397 424 2431 dure
454 2398 537 2430 olim
558 2394 772 2431 recalcitravit
808 2394 971 2428 Robertus
1002 2394 1139 2430 Lincol·

251 2447 372 2480 -niensis
385 2447 582 2490 Episcopus:
616 2445 752 2479 Etenim
770 2443 1075 2479 excommunicatus
1089 2444 1137 2477 In·

254 2498 449 2531 nocentium
468 2507 619 2538 quartum
657 2495 855 2529 Pontificem
891 2493 1065 2538 appellavit
1102 2505 1140 2528 ac

250 2549 405 2581 evocavit
431 2546 471 2580 ad
498 2547 661 2580 Divinum
690 2545 854 2579 Tribunal
884 2570 894 2586 ‚
921 2546 1139 2588 evocatioque

251 2596 274 2630 ὲ
295 2598 488 2638 quibusdam
512 2598 630 2630 dicitur
652 2595 804 2638 accepiffe
826 2596 973 2629 effestum
995 2620 1002 2627 .
1031 2594 1138 2641 Qid-

256 2647 336 2688 quid
357 2648 414 2687 sit,
442 2647 551 2681 scribit
566 2647 731 2679 Henricus
755 2643 1003 2689 Cnyghtonus:
1031 2647 1092 2678 Hac
1103 2646 1140 2677 de

257 2694 345 2737 causa
358 2719 368 2735 ,
393 2702 532 2737 quamvis
545 2697 690 2729 Rohertus
713 2694 877 2738 perspicuis
891 2695 1037 2738 effulgeret
1050 2701 1139 2727 mira-

256 2746 353 2782 culis,
378 2756 434 2777 non
454 2745 491 2784 est
511 2747 665 2788 permissus
687 2752 878 2779 canonizari.
906 2745 1009 2792 Qiod
1034 2745 1137 2789 ipsum

258 2795 322 2829 late
343 2794 481 2838 exponit
492 2795 667 2829 Matthaeus
678 2796 856 2830 Parisiensis
867 2821 877 2837 ,
906 2795 1028 2829 addens
1039 2797 1137 2828 etiam

257 2844 420 2879 Sevallum
446 2843 682 2878 Eboracensem
719 2845 1014 2889 Archiepiscopum
1042 2846 1137 2880 fuisse

257 2895 371 2929 eadem
385 2895 425 2928 de
435 2895 527 2928 causa
542 2895 865 2931 excommunicatum
887 2895 927 2929 ab
940 2895 1135 2931 Alexandro

250 2955 393 2986 quarto,
419 2943 589 2987 appellasse
614 2944 691 2978 item
710 2945 750 2977 ad
773 2946 938 2978 Divinum
955 2944 1112 2986 judicium
1126 2970 1136 2986 ,

259 2996 469 3037 &tamquam
494 2995 675 3035 Martyrem
697 2994 729 3026 iri
755 2994 822 3037 ipso
842 2995 956 3028 mortis
984 2995 1065 3028 lesto
1081 2996 1137 3029 mi·

258 3045 375 3078 iaculis
396 3045 575 3078 coruscasse
605 3067 611 3074 .
638 3044 738 3076 Hanc
760 3044 847 3077 enim
873 3045 1136 3079 Ecclefiarumli-

258 3095 417 3128 bertatem
427 3104 549 3129 armata
571 3104 670 3127 manu
684 3093 935 3136 vindicandam,
955 3095 1134 3138 omnesque

252 3144 295 3178 jn
318 3144 375 3177 tali
398 3142 483 3180 bello
507 3144 632 3178 occisos
654 3143 722 3176 fore
753 3143 915 3185 Martyres
948 3144 1134 3187 praedicarat

252 3204 456 3228 memoratus
468 3194 647 3238 Episcopus
669 3193 852 3226 Robertus.
882 3193 924 3226 Et
937 3191 1016 3226 hinc
1039 3193 1133 3235 illos,

250 3254 398 3287 *quorum
411 3244 644 3287 corporaapud
667 3255 727 3276 nos
738 3243 865 3287 sulgent
887 3242 1072 3283 miraculis,
1101 3246 1134 3279 &

257 3295 375 3332 animae
411 3303 605 3336 torquentur
642 3293 675 3326 in
704 3292 940 3337 purgatricibus
975 3292 1133 3336 flammis,

260 3346 348 3388 posse
359 3344 558 3382 canonizari,
570 3351 625 3377 aut
635 3354 790 3386 umquam
804 3344 896 3381 fuisse
909 3343 1132 3385 canonizatos,

261 3405 329 3429 non
358 3393 453 3427 facile
488 3392 654 3426 credidero
682 3418 688 3425 .
716 3394 798 3440 Qio
824 3394 922 3436 usque
957 3403 1134 3437 purgantur

305 3484 307 3486 Ι
358 3444 463 3484 Chrst.
471 3447 527 3485 Lpi·
538 3445 754 3485 Oper.Tom.1V.

1913 122 2010 174 267

1198 192 1417 228 eminentium
1440 194 1540 228 etiam
1566 195 1759 228 Sanctorum
1781 193 1896 228 animai
1913 218 1925 236 ,
1952 198 2085 232 consue-

1200 255 1276 277 runt
1296 244 1394 278 etiam
1406 254 1542 288 corpora
1563 244 1824 278 &miraculorum
1846 245 1951 290 gratia
1961 246 2087 289 suspen-

1199 293 1234 327 di
1249 318 1256 325 .
1283 294 1386 342 Qod
1401 295 1491 329 enim
1505 296 1639 330 Sanctus
1650 293 1878 339 Ragnebertus
1890 305 1965 329 ante
1978 295 2085 339 lapsos

1203 344 1322 386 septem
1343 356 1479 389 acceptae
1493 370 1503 386 ‚
1531 346 1649 379 &ante
1671 355 1812 379 mortem
1825 345 1974 379 nondum
1994 357 2085 381 com·

1201 394 1294 436 pletae
1305 396 1502 438 poenitentiae
1522 407 1629 429 annos
1640 395 1733 429 nullo
1755 395 1915 429 miraculo
1929 395 2085 431 inclarue-

1202 445 1243 477 rit
1255 468 1266 484 ‚
1292 445 1360 488 ejus
1377 446 1462 488 apud
1475 446 1683 481 Franciscum
1705 443 1750 478 du
1761 443 1892 480 Chesne
1913 446 1980 480 vita
1991 445 2086 482 testa-

1203 504 1271 527 tur.
1300 493 1446 530 Adversa
1457 496 1605 539 exempla
1618 497 1693 529 sunt
1704 495 1847 530 omnino
1861 495 1951 530 nulla
1970 504 2026 530 aut
2037 508 2084 532 ra-

1203 545 1338 579 riffima.
1367 544 1473 592 Qod
1492 546 1582 579 enim
1606 545 1647 578 de
1668 545 1788 580 Sansto
1807 547 1963 582 Severino
1981 546 2084 581 Colo-

1204 595 1304 629 niensi
1329 595 1496 639 Episcopo
1516 595 1691 629 adducitur
1712 597 1730 628 a
1754 597 1872 631 Sansto
1893 596 1992 632 Petro
2015 597 2084 631 Da-

1201 645 1328 685 miani,
1356 645 1402 679 est
1424 643 1670 688 apocryphum,
1697 646 1790 679 nullo
1810 646 2015 690 antiquitatis
2026 659 2084 682 au·

1202 694 1352 729 thentico
1363 694 1555 729 testimonio
1575 694 1741 737 adjutum.
1778 695 1888 730 Unici
1901 696 2083 738 Paschafii,

1203 746 1363 778 Romanae
1395 744 1546 778 Ecclesiae
1566 744 1733 783 Diaconi‚
1759 745 1904 780 tunicam
1924 748 2008 790 apud
2020 758 2083 782 nos

1200 795 1346 838 purgasse
1371 794 1620 840 Energumenos
1646 819 1660 837 ,
1693 794 1727 827 &
1748 795 1894 828 animam
1922 796 1957 829 in
1979 797 2083 839 poenis

1200 845 1292 878 fuisse
1325 844 1522 889 purgatoriis
1542 844 1654 879 scribit
1674 844 1710 878 in
1742 845 1968 890 Dialogorum
1992 846 2083 880 libris

1201 895 1334 929 Sanetus
1345 895 1525 940 Gregorius
1537 895 1684 940 Magnus
1694 921 1701 927 .
1729 894 1857 930 Verum
1870 895 1925 929 ille
1936 907 2005 930 non
2017 904 2084 930 erat

1200 946 1432 980 canonizatus.
1460 946 1499 979 In
1520 946 1742 980 Laurentiano
1765 946 1917 980 adversus
1937 947 2086 990 Symma-

1199 994 1301 1030 chum
1322 995 1522 1030 Pontificem
1549 995 1729 1031 Schismate
1750 998 1854 1031 fuerat
1876 996 2084 1040 pertinaciter

1202 1056 1348 1081 mortuus
1361 1071 1372 1087 ,
1397 1046 1538 1091 ideoque
1549 1045 1739 1081 credebatur
1751 1047 1785 1081 δε
1797 1046 1971 1081 damnatus
1984 1070 1991 1078 .
2020 1047 2085 1081 Ve-

1200 1095 1271 1130 rum
1283 1096 1359 1140 quia
1382 1096 1510 1142 magnis
1527 1097 1807 1138 eleemosynarum
1832 1098 1956 1131 meritis
1978 1098 2085 1131 fuerat

1203 1146 1352 1187 illustris,
1380 1148 1412 1180 (7
1424 1153 1495 1190 quia
1507 1158 1563 1179 non
1576 1147 1704 1180 malitia·
1715 1171 1727 1187 ‚
1747 1145 1806 1189 sed
1813 1153 1991 1190 ignorantiae
2011 1159 2086 1181 erro·
2103 1150 2163 1180 Lib.
2173 1163 2199 1185 4·

1200 1209 1231 1230 re
1239 1205 1418 1239 peccaverat
1430 1222 1442 1238 ,
1462 1202 1589 1240 purgari
1595 1196 1658 1239 post
1670 1206 1795 1230 mortem
1817 1199 1837 1229 ἃ
1842 1205 1963 1239 peccato
1967 1203 2067 1238 potuit
2075 1223 2082 1229 .
2099 1200 2165 1230 <3²9-
2174 1193 2225 1227 403

1207 1247 1310 1281 Aliud
1338 1248 1489 1281 fimilium
1522 1247 1758 1282 miraculorum
1781 1258 1849 1280 non
1887 1248 1954 1281 scio
1975 1259 2087 1281 exem-

1203 1298 1290 1339 plum
1305 1324 1311 1331 .
1342 1297 1547 1342 singularem
1563 1296 1734 1333 Paschafio
1744 1297 1860 1331 factam
1872 1298 2011 1341 gratiam
2027 1298 2088 1332 Di-

1203 1347 1281 1380 vina
1303 1347 1460 1391 Maiestas
1478 1348 1639 1383 miraculo
1659 1347 1913 1383 demonstravit‚
1944 1349 1997 1382 De
2008 1359 2088 1382 cun-

1204 1399 1328 1431 storum
1357 1398 1456 1442 igitur
1470 1422 1481 1438 ,
1505 1409 1588 1440 quos
1604 1408 1762 1441 umquam
1783 1397 1995 1433 canonizavit
2019 1398 2087 1432 Ro-

1202 1458 1296 1480 mana
1319 1447 1461 1481 Ecclesia
1478 1471 1488 1487 ,
1513 1447 1636 1481 coelesti
1657 1446 1859 1482 beatitudine
1870 1459 1940 1482 non
1952 1447 1998 1481 est
2019 1459 2087 1482 am-

1202 1496 1402 1540 bigendum.
1521 1496 1526 1505 ¹

1251 1546 1442 1579 Sanctorum
1467 1547 1595 1581 cultum
1618 1558 1655 1580 ac
1679 1547 1927 1583 invocationem
1948 1546 2091 1582 omnino

1202 1596 1477 1639 impugnaverunt
1497 1596 1516 1631 ὲ
1541 1597 1704 1631 veteribus
1737 1598 1912 1632 Haereticis
1932 1596 2067 1642 quidam
2080 1621 2092 1638 ‚

1200 1646 1253 1687 sed
1277 1646 1389 1679 nullus
1411 1647 1718 1682 canonizationem.
1749 1648 1880 1682 Primus
1899 1647 1933 1683 id
1956 1657 2095 1683 attenta-

1203 1696 1250 1729 vit
1274 1695 1386 1729 nescio
1412 1697 1486 1737 quis
1510 1696 1544 1729 in
1572 1697 1699 1742 Anglia
1733 1697 1935 1732 Guilielmus
1955 1723 1966 1738 ,
1993 1709 2093 1742 quem

1201 1743 1352 1778 Thomas
1369 1746 1554 1780 Waldenfis
1576 1747 1719 1790 appellat
1733 1747 1932 1792 Magistrum
1957 1748 2093 1791 Joannis

1200 1796 1346 1830 Wicleffi
1361 1821 1366 1827 .
1394 1794 1540 1831 Afferuit
1552 1796 1579 1830 is
1592 1796 1698 1831 solum
1714 1797 1781 1831 sine
1792 1797 1938 1841 generali
1952 1797 2092 1841 Synodo
2107 1788 2172 1869 ἐξ)
2177 1796 2212 1863 3·1’
2220 1842 2267 1863 η.

1200 1845 1399 1880 Pontificem
1425 1858 1492 1880 non
1511 1847 1599 1890 posse
1612 1847 1826 1883 canonizare.
1854 1847 1962 1881 Notat
1986 1848 2094 1892 Euge-

1201 1896 1293 1930 nium
1314 1897 1446 1930 tertium
1462 1922 1472 1937 ‚
1499 1898 1534 1931 ὃς
1552 1897 1656 1941 plures
1681 1898 1750 1940 eius
1774 1898 1974 1933 Succeffores
1995 1924 2002 1930 .
2029 1898 2094 1931 Ve-

1201 1946 1273 1980 rum
1293 1945 1380 1989 apud
1407 1946 1592 1980 Henricum
1617 1946 1867 1991 Cnyghtonum
1895 1948 1998 1982 exstat
2019 1947 2092 1983 lon-

1200 1996 1240 2040 ge
1259 1995 1350 2039 pejor
1374 1996 1510 2039 Joannis
1521 1996 1666 2031 Wicleffi
1692 1996 1883 2031 Articulus:
1915 1997 2091 2041 ,Quodfesta

1200 2045 1373 2079 sauciorum
1385 2071 1396 2086 ‚
1419 2045 1527 2089 scilicet
1554 2045 1719 2088 stephani,
1748 2051 1907 2080 Laurentii
1933 2071 1943 2087 ‚
1969 2050 2092 2090 Marga-

1200 2105 1271 2129 retae
1286 2121 1295 2136 ,
1322 2096 1502 2130 Catharinae
1515 2120 1526 2136 ,
1551 2099 1585 2131 (τ
1609 2097 1735 2130 aliorum
1758 2122 1769 2137 ‚
1796 2109 1854 2130 non
1871 2095 1945 2140 fiant
1968 2097 2090 2131 colenda

1201 2157 1290 2187 neque
1322 2146 1494 2179 celebranda
1520 2170 1531 2187 ‚
1557 2157 1587 2179 eo
1611 2149 1692 2188 quod
1711 2145 1836 2190 nescltur
1870 2170 1881 2186 ,
1911 2156 1944 2180 ut
1964 2148 2088 2190 dicunt,

1201 2205 1296 2228 utrum
1311 2195 1372 2236 fint
1393 2198 1554 2237 damnati,
1581 2198 1635 2230 vel
1654 2209 1732 2230 non.
1760 2202 1825 2231 Nec
1840 2198 2018 2231 credendum
2028 2197 2089 2238 est,
2106 2188 2214 2265 [3137053-

1202 2257 1292 2287 neque
1311 2244 1451 2284 standum
1476 2258 1573 2279 eorum
1607 2252 1824 2281 canonizationi
1846 2273 1857 2288 ,
1885 2249 1919 2281 Cr
1941 2247 2089 2290 approba·
2104 2231 2122 2260 F

1201 2300 1274 2328 tion}
1296 2295 1438 2328 diciorum
1458 2297 1630 2330 sanatorum
1647 2306 1705 2339 per
1727 2302 1851 2331 Curiam
1875 2301 2042 2331 Romanam
2053 2303 2086 2332 in

1201 2345 1255 2377 bac
1274 2354 1382 2387 parte.
1410 2345 1470 2379 Ait
1492 2348 1785 2382 canonizationem
1812 2347 1882 2382 fieri
1905 2359 1973 2382 non
1997 2350 2085 2391 posse

1202 2396 1258 2429 nisi
1276 2394 1294 2428 ὲ
1309 2396 1380 2430 solo
1403 2395 1504 2437 Deo,
1532 2397 1672 2440 ideoque
1698 2398 1785 2432 solos
1810 2398 1843 2431 in
1855 2398 1949 2432 sacris
1969 2398 2086 2432 litteris

1199 2446 1411 2480 canonizatos
1438 2446 1501 2480 esse
1534 2447 1630 2480 nobis
1659 2447 1827 2482 habendos
1853 2460 1912 2492 pro
1938 2449 2084 2483 Sanctis.

1202 2495 1307 2530 Addit
1332 2495 1452 2539 Papam
1478 2495 1533 2531 hic
1560 2508 1629 2531 non
1653 2497 1724 2541 plus
1745 2499 1855 2542 posse,
1882 2498 1978 2540 quam
1990 2497 2086 2541 poffit

1202 2546 1373 2588 Presbyter
1393 2547 1533 2589 Joannes
1556 2546 1817 2589 Abyssinorum,
1845 2559 1901 2582 aut
1913 2548 2087 2583 Saraceno-

1200 2608 1271 2630 rum
1286 2596 1467 2630 Soldanus.
1498 2596 1630 2631 Etenim
1653 2597 1918 2632 &canonizandi
1937 2599 2003 2632 vita
2015 2598 2087 2641 pos-

1200 2647 1349 2689 situsque
1373 2644 1412 2679 ad
1426 2655 1564 2681 mortem
1586 2646 1680 2682 fuisse
1692 2647 1919 2692 hypocritica‚
1945 2648 2086 2682 &mira-

1199 2696 1274 2730 cula
1287 2707 1410 2739 queunt
1433 2697 1495 2730 esse
1513 2696 1619 2731 illusio
1641 2698 1674 2731 &
1687 2698 1849 2742 praestigiae
1862 2722 1873 2738 ,
1899 2696 2085 2740 &ipsorum

1199 2746 1294 2780 testes
1318 2745 1437 2788 poffint
1458 2745 1565 2790 decipi
1589 2747 1638 2780 vel
1662 2748 1795 2781 mentiri
1818 2772 1828 2787 ‚
1855 2746 1995 2791 ideoque
2018 2746 2086 2781 haec

1202 2796 1315 2830 omnia
1328 2796 1450 2830 incerta
1463 2798 1537 2830 sunt
1551 2820 1562 2836 ‚
1587 2797 1738 2840 &ipsum
1759 2798 1857 2831 etiam
1869 2796 1991 2840 Papam
2003 2797 2084 2832 citra

1205 2846 1351 2880 divinam
1374 2846 1608 2880 revelationem
1633 2858 1701 2880 non
1738 2848 1857 2892 possint
1888 2847 2083 2882 certificare.

1208 2896 1364 2940 Ejusdem
1390 2908 1430 2930 ex
1456 2896 1621 2942 Trialogo
1647 2897 1741 2931 verba
1768 2898 1901 2932 adducit
1935 2897 2084 2932 laudatus
2101 2906 2217 2938 0122,

1201 2946 1357 2981 Thomas
1374 2946 1580 2988 Waldensis,
1606 2947 1783 2991 &copiose
1804 2949 1936 2981 refutat.
1963 2946 2012 2980 At
2025 2948 2083 2982 mi-

1200 3008 1250 3030 ror
1273 3021 1282 3036 ‚
1310 3008 1368 3030 cur
1387 2997 1428 3030 de
1451 2998 1556 3031 Sancti
1581 2998 1681 3045 etiam
1704 2993 1894 3040 Stephani,
1920 3008 2017 3041 quem
2038 2997 2083 3032 sa-

1199 3058 1257 3079 crae
1273 3047 1299 3079 A
1308 3046 1544 3089 postolicorum
1556 3049 1683 3080 astuum
1697 3047 1810 3081 litterae
1832 3046 1936 3090 palam
1947 3048 2083 3082 canoni-

1199 3106 1294 3135 zant‚
1322 3095 1547 3138 finalijustitia
1569 3096 1603 3129 δε
1617 3097 1808 3139 sempiterna
1830 3096 1935 3142 gloria
1947 3097 2082 3132 Wiclef-

1200 3147 1248 3180 fus
1270 3143 1420 3178 dubitet.
1450 3146 1546 3179 Circa
1572 3146 1720 3180 sanctam
1743 3147 1824 3181 item
1849 3171 1861 3188 ,
1887 3158 1985 3192 quam
2011 3146 2083 3182 An-

1200 3196 1264 3240 glia
1293 3197 1414 3238 semper
1441 3195 1673 3240 religiosissime
1703 3196 1806 3231 coluit
1828 3221 1840 3238 ,
1865 3196 2081 3233 catharinam

1203 3245 1322 3279 imitari
1346 3254 1498 3288 potuerat
1523 3245 1718 3289 discipulum
1745 3248 1836 3281 suum
1860 3247 2019 3290 Joannem
2040 3248 2082 3281 de

1201 3295 1387 3338 Montagu‚
1414 3295 1454 3329 de
1475 3307 1542 3338 quo
1570 3308 1685 3331 omnes
1710 3297 1898 3332 Sanstorum
1922 3298 2080 3341 imagines

1202 3345 1371 3387 dejiciente
1385 3343 1492 3379 scribit
1506 3344 1658 3379 Thomas
1679 3346 1868 3382 Monachus
1878 3345 2080 3389 Waifingha-

1201 3395 1317 3430 mensis
1339 3407 1346 3427 :
1373 3398 1469 3442 Unam
1488 3394 1665 3442 solummodo
1685 3399 1877 3442 privilegium
1903 3399 2016 3436 adepta
2041 3395 2080 3438 est
2098 3418 2122 3447 F·
2133 3425 2148 3453 3
2155 3419 2198 3448 23·

1596 3447 1735 3484 le

1934 3451 2030 3487 imago
