2352 3736
37 1186 99 1218 Lib.
108 1194 134 1222 3.

36 1226 113 1266 Cap.
127 1236 172 1262 ua

34 1647 97 1680 h'b.
107 1658 132 1678 ι.

35 1689 107 1726 Cap.
121 1691 151 1721 6.

35 1878 109 1918 Cap.
127 1882 154 1909 8.

37 2335 113 2371 ibid.

43 2677 179 2718 Epist-48·

478 130 565 162 ot
638 118 677 162 S.
749 118 1086 164 Leonis

207 201 300 246 cujus
317 200 353 238 in
366 197 478 235 Africa
499 198 589 235 Sedis
608 200 767 244 Apostata
781 201 946 245 Episcopo
969 199 1085 234 instru-

208 252 276 290 &us
295 251 423 288 censuit
442 249 674 294 rebaptismum
684 251 889 294 profuturum
910 251 1086 291 1·αεῖαᾷἰο-

209 302 270 341 ni,
296 303 431 335 cunstos
454 301 614 336 Romanae
635 301 805 342 Ecclesia,
831 312 900 345 quae
922 302 1026 344 lapsos
1045 299 1085 334 ad

209 362 324 394 pacem
332 351 502 389 admittere
513 351 579 394 jam
591 362 733 395 coeperat
743 351 801 386 sub
814 362 994 385 memorato
1005 350 1086 386 Cor-

210 401 319 441 nelio,
344 402 642 439 communicatores
654 401 760 436 edixit
771 402 950 435 Haereticos
961 425 972 441 ,
998 402 1086 435 ideo-

210 462 273 494 que
283 451 301 485 a
312 451 345 485 se
359 474 370 491 ,
395 450 436 485 ad
449 451 540 494 cujus
551 451 820 491 communionem
839 450 905 494 jam
923 452 1086 491 contradica

209 499 417 539 essetChristi
435 501 597 542 Ecclefia,
623 499 869 546 rebaptizandos
882 526 889 533 .
917 501 1084 549 roirca

210 561 279 583 non
298 552 360 585 nisi
388 551 445 586 sub
463 551 622 595 Stephani
645 550 770 594 Papatu
798 550 866 585 haec
892 550 1085 587 attentavit,-

210 600 288 634 Hac
315 602 369 635 via
403 602 502 636 etiam
531 601 737 644 Cyprianum
773 602 808 635 ὅ(
835 600 1085 641 Firmilianum‚

210 651 357 690 summos
374 662 412 691 ac
430 651 597 694 Stephano
616 648 764 691 adversos
790 650 969 694 Episcopos
981 673 992 689 ‚
1019 647 1087 691 spe-

210 702 294 734 ravit
316 701 376 739 fibi
395 701 620 745 adjungendos
633 724 640 732 .
669 701 712 734 Et
735 700 803 734 haec
821 700 935 734 omnia
944 697 1009 731 alte
1023 708 1085 740 per-

209 750 538 794 pendens-Jubajanus
548 775 559 790 ,
579 750 664 791 vidit
675 751 737 785 esse
747 750 910 794 pessimam
925 747 1066 788 radicem
1076 772 1085 787 ,

210 811 254 832 ex
272 810 335 842 qua
347 811 417 835 non
438 801 496 834 soli
510 797 678 835 Catholici
690 801 893 841 HaereticoS,
921 797 975 832 sed
988 798 1087 836 etiam

210 848 367 884 Haeretici
388 850 603 888 Catholicos‚
627 850 663 883 &
684 850 748 882 sese
767 857 886 882 mutuo
910 847 1088 891 rebaptiza-

209 909 283 936 1ent
301 924 314 940 ‚
333 910 432 942 atque
453 901 498 934 ita
508 897 709 940 rebaptismis
729 897 916 941 impleretur
927 898 1066 938 Ecclesia
1079 922 1089 937 ,

197 949 368 983 &contra
381 947 615 992 Evangelicam
630 948 798 981 veritatem
819 957 870 981 tot
883 949 1088 982 nascerentur

208 997 406 1042 Baptismata
417 1023 427 1038 ‚
455 1007 537 1042 quot
558 996 664 1039 capita
676 998 837 1039 Seitarum
850 1022 857 1030 .
883 996 965 1039 Haec
976 999 1086 1032 retulit

206 1044 363 1081 ad'suum
385 1047 566 1088 Primatem
593 1047 748 1086 Sanctum
770 1047 998 1092 Cyprianum,
1024 1048 1086 1092 spe-

209 1106 284 1131 rans
295 1098 340 1131 ita
352 1097 371 1131 a
384 1109 550 1142 perperam
561 1096 690 1134 inducta
702 1109 757 1140 per
769 1097 991 1143 Agrippinum
1013 1109 1088 1132 con-

209 1147 381 1182 suetudine
404 1147 625 1183 revocandum
644 1172 652 1180 .
681 1147 807 1182 Verum
842 1147 923 1182 hora
949 1148 1087 1190 necdum

210 1207 360 1232 venerat.
388 1197 550 1241 Cypriani
571 1197 774 1241 Responsum
794 1198 861 1247 jam
883 1195 1084 1239 audivimus.

210 1248 321 1290 ipsum
342 1248 379 1281 in
392 1248 500 1284 Libris
519 1247 560 1282 de
571 1247 739 1291 Baptismo
758 1257 872 1282 contra
894 1248 1088 1287 Donatistas

210 1296 291 1331 reete
313 1296 424 1337 laudat
457 1298 589 1340 Sanljlus
606 1297 814 1343 Augustinus
832 1310 842 1341 ;
870 1298 1088 1341 nihilominus

209 1358 278 1381 rem
303 1347 469 1390 peffimam
484 1348 688 1393 Agrippinus
711 1351 844 1383 exorsus
863 1349 908 1383 est
920 1373 931 1390 ,
956 1350 990 1382 δε
1011 1349 1087 1383 San·

210 1399 280 1431 &us
291 1397 479 1442 Cyprianus
489 1400 691 1442 prosecutus.
717 1400 891 1433 Dederunt
911 1400 1022 1433 ansam
1033 1409 1087 1433 au·

209 1445 311 1482 daciae
321 1471 332 1487 ,
344 1459 443 1492 quam
454 1449 559 1482 forsan
570 1448 617 1482 sol
631 1460 810 1492 numquam
818 1449 946 1483 vidisset
958 1473 965 1481 .
986 1449 1087 1482 Hanc

208 1497 344 1532 interim
364 1499 399 1532 in
411 1498 605 1534 Catholicos
616 1498 738 1542 primus
747 1499 920 1534 attentavit
931 1499 1089 1533 Novatia-

207 1558 295 1588 nus,
321 1545 440 1593 dequo
463 1549 572 1583 scribit
591 1550 626 1582 in
638 1548 747 1584 Libris
766 1548 808 1582 de
828 1548 1022 1590 poenitentia
1043 1557 1088 1580 et-

209 1597 276 1631 iarn
286 1599 422 1632 Sanetus
434 1599 640 1632 Ambrosius:
672 1601 798 1629 Domine
823 1596 1087 1639 JEsU-CHRI-

208 1646 300 1683 STE
312 1670 323 1686 ,
350 1652 550 1680 Novatianus
567 1645 672 1690 servos
682 1654 748 1686 tuos
770 1651 873 1679 iterati
884 1644 1086 1686 Baptismatis

208 1695 276 1733 labe
297 1700 490 1739 inquinavit.
521 1696 578 1730 Ad
591 1695 768 1728 Ecclesiam
788 1695 955 1728 venientes
977 1693 1087 1727 Nova-

211 1746 373 1779 tianenses
395 1746 463 1784 sola
487 1756 604 1779 manus
635 1744 844 1788 impositione
863 1742 1088 1783 admittendos

210 1793 325 1828 scribit
343 1793 385 1828 ad
397 1795 552 1829 Sanctum
574 1794 771 1835 Vidiricium
781 1792 1085 1838 Rothomagensem

212 1843 412 1888 Episcopum
435 1846 569 1885 Sanctus
591 1844 751 1878 Pontifex
785 1844 998 1878 innocentius
1024 1843 1088 1886 pri·

211 1905 307 1934 mus,
331 1906 370 1929 ac
381 1894 529 1939 adjungit
543 1909 553 1927 .·
581 1897 696 1928 Praeter
706 1905 752 1928 eos
764 1918 775 1935 ‚
800 1900 854 1938 qui
865 1893 950 1936 forti?
972 1891 1086 1926 anobis

210 1946 257 1976 ad
263 1944 330 1977 illos
343 1942 529 1987 transeuntes
536 1943 611 1987 sunt
622 1945 801 1986 rebaptizati
809 1942 819 1976 ⁷.
847 1945 897 1978 Hi
911 1944 1088 1987 resipiscen-

215 2003 264 2028 tes
280 1992 336 2037 fieb
361 1997 644 2036 longapoenitentiae
666 1993 876 2036 satisfadlione
901 1994 1088 2027 admittendi

206 2041 299 2086 sunt.
324 2044 458 2077 Horum
478 2043 703 2085 poenitentiam
726 2044 855 2085 sanxit,
882 2055 950 2078 non
971 2044 989 2077 a
1009 2042 1089 2078 Sub-

211 2092 371 2126 ssratione
394 2117 404 2132 ‚
439 2092 492 2126 sed
523 2093 541 2126 a
563 2092 658 2127 Fletu
677 2092 899 2128 inchoandam
926 2119 934 2126 .
962 2093 1089 2128 Lucide

211 2142 367 2185 supponit
377 2142 643 2177 Novatianenses
653 2143 751 2178 etiam
765 2153 844 2178 tunc
862 2142 1069 2187 rebaptizasse
1079 2167 1087 2175 .

210 2191 356 2226 Videtur
377 2202 493 2227 tamen
514 2195 639 2229 crimen
659 2195 722 2228 toti
745 2195 884 2228 factioni
902 2206 971 2230 non
994 2193 1088 2228 fuisse

210 2252 406 2276 commune.
438 2242 506 2277 Uti
516 2244 601 2279 circa⁴
613 2243 767 2280 Paschale
785 2243 922 2286 festum,
948 2245 992 2278 ita
1004 2243 1089 2278 circa

212 2291 277 2325 hoc
290 2292 418 2331 facinus
428 2294 519 2328 fuere
535 2293 699 2329 discordes
710 2319 717 2327 .

261 2343 446 2378 Donatistis
457 2343 519 2378 fuit
529 2343 708 2379 universale
720 2369 732 2385 ,
757 2345 792 2380 &
803 2343 886 2378 adeo
906 2344 1067 2379 famosum
1077 2368 1088 2385 ‚

212 2400 248 2425 ut
258 2392 299 2426 de
312 2394 384 2436 ipfis
394 2393 482 2428 dicat
492 2395 597 2438 prima
610 2393 803 2429 Arelatensis
815 2394 969 2437 Synodus
980 2409 992 2428 .·
1018 2395 1088 2438 Afri

206 2449 331 2484 propria
339 2442 396 2486 sua
415 2446 477 2488 lege
498 2454 646 2485 utuntur,
670 2454 704 2478 ut
715 2445 902 2487 rebaptizent
918 2466 925 2476 ·
951 2445 1029 2479 Fuit
1039 2446 1092 2479 in-

211 2502 261 2525 ter
278 2493 432 2535 palmaria
454 2494 605 2530 factionis
615 2495 829 2531 fundamenta
842 2519 851 2527 .
878 2494 1037 2529 Attamen
1048 2494 1089 2529 ab

212 2542 281 2585 ipso
303 2543 452 2578 factionis
473 2546 612 2580 exordio
634 2557 702 2579 non
715 2544 811 2591 plene
830 2544 956 2590 viguit.
983 2545 1032 2579 lta
1045 2555 1090 2579 te-

211 2592 313 2625 statur
333 2593 367 2626 in
392 2593 506 2629 litteris
537 2595 578 2629 ad
598 2596 818 2631 Vincentium
844 2595 1089 2639 Rogatistarum

212 2641 470 2680 Cartennensem
485 2644 517 2677 in
529 2645 731 2679 Mauritania
744 2646 943 2690 Episcopum
960 2647 1091 2684 Sanstus,

214 2690 446 2734 Augustinus:
470 2694 626 2728 Trebonius
641 2720 651 2735 ,
676 2695 759 2730 homo
780 2695 886 2734 vestrae
908 2700 1091 2734 communio-

216 2746 265 2774 nis
278 2764 290 2780 ,
311 2739 415 2783 scribit
425 2743 445 2772 ἃ
457 2742 592 2775 ducentis
619 2743 851 2788 &septuaginta
861 2744 1017 2788 Episcopis
1034 2757 1087 2780 ve-

208 2791 282 2832 stris
308 2791 474 2827 Concilium
496 2791 678 2835 Cartbagine
697 2796 888 2837 celebratum,
919 2801 951 2828 in
971 2806 1027 2838 quo
1034 2804 1090 2837 per

212 2839 405 2884 septuaginta
429 2843 464 2875 (9·
483 2847 611 2884 quinque
630 2843 694 2875 dies
716 2867 728 2883 ‚
763 2844 918 2886 postpositis
951 2846 1087 2880 omnibus

210 2896 379 2933 praeteritis
392 2915 402 2931 ‚
427 2892 566 2924 limatam
577 2891 627 2934 effe
634 2891 810 2935 sententiam
820 2903 910 2936 atque
922 2895 1088 2936 decretum,

214 2950 248 2974 ur
257 2940 464 2975 Traditoribus
476 2965 487 2980 ,
513 2940 646 2983 immensi
661 2947 795 2979 criminis
816 2949 874 2976 reis
886 2968 898 2984 ,
916 2942 946 2985 fi
953 2942 1090 2985 baptiza-

215 2995 244 3023 ri
266 2993 376 3024 nollent
397 3015 408 3031 ,
430 3000 486 3033 pro
511 2997 637 3036 integris·
662 2998 922 3027 communicaretur
946 3018 954 3025 .
983 2996 1088 3029 Deute-

214 3046 294 3073 rium
323 3047 416 3076 eriam
439 3040 650 3084 Marionensem
675 3041 857 3086 Episcopum
880 3049 1087 3081 communionis

214 3089 320 3129 vestrae
329 3091 400 3124 dicit
410 3093 600 3125 Traditorum
617 3092 733 3134 plebem
741 3103 943 3141 congregatam
956 3093 1088 3136 Ecclefiae

215 3137 375 3183 miscuisse,
401 3139 598 3184 &secundum
609 3144 731 3179 statuta
745 3145 890 3184 Com-ilii,
917 3144 1086 3183 adurentis

215 3188 448 3233 &septuaglnta
469 3192 622 3237 Epiftopis
645 3192 749 3232 vestris
763 3193 846 3234 fat‘l'i
871 3217 884 3233 ‚
901 3193 1001 3236 fecffe
1020 3204 1087 3233 cum

214 3239 423 3274 Traditoribus
448 3247 611 3277 unitatem.
637 3247 705 3277 Nec
722 3242 816 3286 solum
839 3242 906 3276 huic
928 3247 1086 3286 neuterio,

210 3288 368 3334 sedetiam
388 3291 530 3334 universis
542 3297 712 3327 Maurorum
723 3292 877 3337 Episcopi:
884 3301 943 3335 per
956 3296 1086 3336 quadra·

209 3345 302 3383 ginta
311 3352 404 3374 annos
416 3366 426 3382 ‚
454 3353 528 3384 quos
549 3344 630 3376 ducit
639 3342 730 3386 usque
750 3346 794 3377 ad
798 3344 1026 3389 persecutionem
1033 3352 1087 3387 per

216 3393 385 3427 Macareum
387 3391 530 3435 fallam,
556 3393 828 3437 Traditoribusfine
849 3392 996 3438 baptismo
1013 3406 1088 3430 com·

1156 118 1756 169 NON1Acris.
1865 135 1966 183 407

1144 202 1314 244 municaffe.
1344 201 1436 235 Etin
1459 201 1607 244 populari
1633 211 1749 236 contra
1762 202 1889 239 Donati
1902 214 2025 246 partem

1145 250 1274 285 Psalmo
1295 253 1489 291 Romanum
1512 250 1603 294 Papae
1617 250 1814 290 Melchiadis
1835 251 2026 299 Judicium‚

1144 300 1178 341 δε
1191 301 1438 341 Donatistarum
1449 302 1571 344 abipso
1582 301 1836 344 appellationem
1860 304 1998 345 exponit
2011 328 2025 345 ‚

1144 361 1182 384 ac
1194 353 1311 396 pergit:
1341 355 1476 388 Donatus
1496 351 1602 394 ubique
1614 351 1714 385 vietus
1737 357 1824 392 eoepit
1837 351 2024 391 Christianos

1142 396 1246 442 ubique
1279 401 1467 443 rebaptizare
1493 425 1500 432 .
1542 399 1836 445 Carthaginensem
1874 402 2026 443 adversus

1145 449 1358 485 Caecilianum
1382 451 1401 484 a
1424 450 1574 490 Secundo
1590 451 1780 495 Tigifitano
1804 451 2027 496 Episcopofa-

1144 501 1228 533 stam
1242 501 1415 543 Synodum
1439 511 1598 534 memorat
1624 502 1747 535 Auctor
1758 501 1851 541 Libri
1876 503 2031 537 adversus

1144 548 1355 595 Fulgentium
1369 549 1579 589 Donatistam
1597 574 1607 589 ,
1632 551 1666 584 ἀ
1678 551 1811 591 adducit
1823 549 1925 590 hocce
1940 552 2031 591 Mar·

1145 599 1225 633 tiani
1244 599 1340 634 isthic
1355 599 1511 644 Episcopi
1532 601 1746 644 Suffragium:
1780 603 1861 639 sicut
1882 603 2027 643 palmites

1144 648 1323 691 infrut‘luofi
1337 654 1487 691 amputati
1503 651 1698 690 projiciuntur
1718 676 1728 691 ,
1754 656 1799 688 ita
1821 650 2024 694 Thurificati,

1145 700 1316 738 Traditores
1327 723 1338 739 ‚
1365 701 1399 740 θ
1408 704 1460 740 qui
1472 705 1504 737 in
1510 697 1668 740 schismate
1689 702 1708 731 ἃ
1722 702 1930 739 Traditoribus
1945 703 2026 735 ordi-

1146 757 1258 787 nantur
1270 771 1282 788 ‚
1307 758 1424 787 manere
1444 754 1478 780 in
1497 745 1623 788 Ecclesia
1646 751 1702 781 Dei
1725 760 1782 780 non
1808 751 1945 792 possunt,
1971 751 2028 794 nist

1145 803 1256 842 cognito
1276 799 1392 831 ululatu
1414 795 1467 840 suo
1478 805 1532 839 per
1551 802 1760 839 poem'tenti‘am
1785 801 2003 833 reconcilientur
2015 826 2025 835 .

1148 847 1191 881 Et
1202 847 1292 882 addit
1303 847 1391 881 hunc
1403 847 1677 890 commentarium
1690 859 1697 879 ε
1728 850 1787 881 Per
1794 854 2028 891 poenitentiam,

1146 908 1203 937 non
1210 905 1265 939 per
1275 897 1444 937 tinchonem
1457 922 1466 938 e
1495 897 1648 939 Affirmat
1672 898 1852 932 schismatis
1867 898 2029 935 Auctores

1148 959 1216 981 non
1228 947 1433 993 rebaptizasse
1444 971 1454 987 ,
1480 947 1623 992 ideoque
1640 948 1659 981 a
1674 947 1806 991 posteris
1828 947 2009 987 imitandos
2020 974 2030 982 .

1147 994 1309 1037 Donatus
1322 1007 1485 1043 magnus,
1513 999 1685 1041 proximus
1712 996 1873 1039 Major-ini
1894 1023 1905 1040 ,
1932 999 2030 1042 primi

1147 1048 1182 1087 in
1194 1047 1363 1082 schismate
1386 1058 1500 1082 contra
1512 1047 1726 1088 Caecilianum
1750 1048 1928 1092 Episcopi,
1954 1049 2034 1083 Suc-

1145 1100 1248 1132 cessor
1261 1098 1382 1141 scripsit
1393 1097 1578 1140 epistolam,
1600 1099 1633 1131 in
1649 1109 1713 1140 qua
1726 1100 1796 1143 agit
1809 1109 1846 1132 ur
1860 1099 1987 1133 nonnifi
1999 1105 2034 1133 in

1146 1150 1212 1189 ejus
1236 1153 1434 1182 communione
1461 1145 1610 1190 baptisma
1646 1146 1757 1186 Christi
1781 1148 1834 1190 effe
1872 1150 2010 1186 credatur
2028 1173 2037 1182 .

1148 1199 1253 1243 Ipsam
1264 1197 1418 1239 refutavit
1431 1199 1568 1233 Sanstus
1582 1197 1789 1242 Augustinus
1799 1223 1809 1237 ‚
1821 1197 1905 1232 acin
1917 1198 2013 1241 ipsius
2027 1223 2039 1245 ‚
2057 1206 2115 1237 Lib.
2126 1217 2152 1241 1-

1147 1248 1324 1291 quodlatet
1335 1249 1494 1292 autperiit
1506 1272 1516 1288 ,
1542 1250 1650 1290 operis
1662 1249 1887 1288 retractatione
1904 1247 2037 1283 scribit:
2056 1248 2126 1286 Cap-
2144 1258 2195 1281 ιι,

1146 1301 1223 1335 Sane
1243 1309 1301 1331 non
1314 1301 1454 1337 Donatus
1466 1296 1708 1342 Carthaginensi}
1723 1321 1734 1337 ‚
1754 1309 1790 1333 ut
1799 1297 1963 1338 Christiani
1993 1311 2038 1333 re-

1146 1347 1397 1390 baptizarentur,
1425 1348 1555 1390 instituit
1582 1372 1593 1388 ‚
1618 1349 1699 1391 quod
1715 1358 1766 1391 ego
1792 1359 1859 1381 eum
1882 1346 2037 1392 inllituiffe'

1146 1399 1332 1432 credideram
1353 1422 1365 1439 ,
1398 1400 1517 1441 quando
1550 1395 1627 1439 ejus'
1641 1397 1767 1440 epistolae
1807 1396 2033 1442 respondebam.

1149 1448 1305 1483 Audaciae
1318 1447 1498 1483 Auctorem
1511 1449 1616 1483 asserit
1627 1448 1719 1483 fuisse
1732 1449 1904 1482 Donatum
1920 1450 1954 1482 in
1976 1448 2040 1484 Ca-

1147 1498 1186 1532 fis
1197 1499 1299 1542 nigris
1319 1497 1541 1542 Episcopum,
1567 1499 1623 1542 qui
1653 1499 1772 1540 primus
1795 1498 2037 1543 Carthaginen-

1149 1548 1215 1580 sem
1226 1547 1380 1580 laceravit
1391 1548 1567 1581 Ecclesiam
1579 1571 1590 1587 ,
1617 1548 1651 1580 ὅ(
1666 1546 1779 1580 Altare
1798 1550 1898 1581 erexit
1912 1557 2037 1583 contra

1150 1596 1283 1630 Altare.
1310 1596 1400 1630 Nam
1412 1597 1447 1631 δε
1459 1595 1549 1630 hunc
1561 1620 1571 1636 ‚
1595 1607 1664 1631 non
1682 1596 1855 1631 Donatum
1870 1597 2036 1642 M·1gnum

1147 1645 1189 1677 de
1211 1644 1408 1686 rebaptismo
1434 1643 1607 1679 damnavit
1620 1645 1841 1680 Melchiades.
1875 1647 1941 1680 Hic
1955 1647 2036 1691 ergo

1146 1693 1193 1727 est
1206 1692 1328 1735 primus
1349 1692 1494 1728 audaciae
1508 1693 1583 1728 fons
1594 1718 1605 1735 ‚
1631 1705 1729 1738 quam
1743 1695 1778 1727 in
1792 1707 1927 1730 omnem
1945 1698 2037 1731 Afri-

1147 1754 1222 1783 cam
1243 1741 1411 1778 traducere
1434 1753 1574 1778 conatus
1601 1745 1664 1778 fuit
1690 1744 1836 1790 Magnus
1851 1747 2005 1782 Donatus
2021 1771 2035 1787 ‚

1148 1792 1203 1833 sed
1223 1794 1348 1835 cunctis
1369 1794 1430 1828 suae
1453 1793 1660 1828 turbulentiae
1679 1793 1880 1836 adjutoribus
1896 1807 1962 1830 non
1977 1808 2034 1840 po-

1149 1843 1213 1882 tuit
1224 1842 1334 1878 statim
1345 1841 1550 1888 persuadere.
1578 1842 1611 1877 A
1625 1843 1777 1883 Macario
1786 1865 1796 1883 ,
1825 1844 2034 1888 Imperatoris

1148 1893 1341 1936 Constantis
1366 1893 1494 1939 Legato
1523 1917 1536 1940 ἓ
1560 1893 1681 1933 offensa
1707 1895 1806 1933 factio
1830 1894 1877 1928 illi
1902 1896 2038 1932 tandem

1147 1944 1332 1987 acquievit.
1361 1944 1405 1978 Et
1425 1954 1507 1983 tunc
1524 1943 1678 1983 existimo
1704 1943 1856 1988 prodiisse
1879 1956 1947 1987 ejus
1974 1957 2039 1980 me-

1149 2004 1311 2034 moratam
1325 2018 1336 2035 ,
1360 2003 1431 2034 non
1452 1991 1669 2033 doctrinalem
1691 1990 1708 2034 ,’
1730 1993 1782 2027 sed
1807 1993 2034 2030 Primatialem

1148 2043 1318 2087 epistolam
1331 2067 1342 2084 ‚
1365 2055 1428 2088 qua
1438 2054 1599 2087 tanquam
1613 2043 1712 2077 totius
1726 2042 1845 2082 Africae
1860 2044 2034 2081 Exarchus

1149 2093 1256 2128 edixit
1276 2093 1425 2128 validum
1450 2093 1606 2137 baptisma
1627 2093 1690 2128 esse
1715 2093 1750 2128 in
1765 2094 1830 2129 sola
1856 2095 1910 2128 sua
1924 2106 2011 2138 parte
2026 2121 2035 2129 .

1150 2142 1241 2184 Nam
1267 2144 1302 2178 δε
1322 2142 1403 2178 hinc
1423 2142 1466 2178 ad
1491 2144 1645 2178 Sanctum
1669 2142 1897 2187 Augustinum
1917 2146 2035 2181 Fortu-

1150 2194 1224 2234 nius
1247 2193 1492 2228 Tuburficenfis
1512 2194 1761 2228 Donatistarum
1788 2194 1969 2237 Episcopus
1989 2196 2037 2230 di-

1150 2245 1202 2278 xit
1228 2268 1239 2285 ‚
1265 2245 1381 2277 tamdiu
1418 2242 1692 2288 transmarinarum
1713 2251 1851 2285 partium
1889 2244 2034 2286 Ecclefias

1149 2293 1275 2337 mansisse
1285 2299 1452 2328 innocentes
1469 2318 1479 2334 ,
1505 2295 1594 2330 donec
1604 2292 1796 2337 consenstffenr
1808 2300 1842 2328 in
1855 2306 1951 2329 eorum
1964 2295 2035 2337 san-

1145 2350 1289 2389 guinem,
1315 2356 1388 2387 quos
1407 2347 1614 2379 macarianam
1634 2344 1863 2391 persecutionem
1884 2347 2034 2390 pertuliffe

1148 2391 1268 2429 dicebat
1288 2419 1295 2426 .
1325 2394 1454 2429 Eodem
1480 2391 1850 2438 Macariano‘tempore
1876 2396 2032 2432 existimo

1152 2444 1302 2488 prodiisse
1323 2443 1488 2488 Synodale
1510 2445 1692 2480 Decretum
1714 2469 1725 2485 ‚
1753 2445 1795 2479 de
1812 2456 1879 2489 quo
1891 2447 2032 2489 perrexit

1151 2494 1238 2530 idem
1253 2495 1429 2529 Fortunius
1442 2507 1449 2527 :
1471 2499 1502 2540 J
1506 2508 1556 2528 am
1559 2495 1663 2537 fhrma
1668 2494 1759 2536 faeta
1770 2495 1809 2536 est
1819 2520 1830 2536 ,
1840 2526 1842 2528 .
1854 2505 1887 2529 ut
1898 2496 2031 2540 quisquis

1150 2546 1195 2578 ad
1213 2556 1265 2578 nos
1277 2545 1412 2587 fidelium
1434 2546 1471 2578 de
1486 2546 1570 2578 vobis
1595 2551 1714 2579 venerit
1729 2569 1740 2586 ,
1765 2546 1952 2587 baptizetur.
1986 2547 2032 2581 Et

1152 2594 1360 2639 Augustinus
1382 2594 1473 2629 addit
1486 2608 1497 2628 :
1524 2596 1617 2639 ,Quod
1629 2606 1692 2628 eum
1704 2600 1835 2628 invitum
1857 2598 1890 2630 (7
1903 2607 1969 2629 cum
1983 2598 2032 2629 do-

1150 2645 1209 2678 lore
1220 2646 1337 2685 dicere,
1364 2654 1511 2687 quantum
1529 2653 1649 2687 poterat
1662 2669 1672 2685 ,
1700 2646 1869 2687 apparebat
1883 2670 1891 2677 .
1921 2646 2030 2680 Etiam

1152 2693 1299 2739 plurimis
1309 2693 1417 2728 Laicis
1429 2694 1626 2737 displicuisse
1646 2694 1876 2737 rebaptismum
1890 2695 2031 2728 affirmat

1153 2746 1186 2779 in
1210 2743 1473 2788 quinquagesimi
1495 2745 1599 2787 quarti
1623 2744 1743 2778 Psalmi
1766 2746 2031 2785 commentario,

1153 2796 1187 2830 &
1199 2793 1308 2832 laudat
1321 2792 1378 2827 has
1389 2794 1532 2836 ipsorum
1542 2793 1692 2837 querulas
1704 2806 1800 2829 voces
1812 2808 1823 2828 .·
1850 2795 1925 2828 Vere*
1935 2820 1945 2835 ,
1966 2806 2032 2827 ma-

1149 2845 1218 2888 lefic
1231 2870 1240 2885 ,
1268 2850 1385 2878 utinam
1393 2844 1482 2887 poffet
1504 2845 1635 2887 nonfieri
1647 2869 1654 2876 .
1680 2845 1824 2886 Sedquid
1832 2843 1967 2886 facimus
1987 2846 2026 2879 de

1150 2899 1278 2929 statutis
1300 2894 1459 2934 nostrorum
1481 2897 1630 2935 Majorum
1651 2896 1664 2928 ?
1690 2894 1830 2929 Paulum
1855 2896 1889 2929 &
1912 2894 2028 2929 Maca-

1152 2946 1234 2980 rium
1255 2945 1295 2979 ad
1326 2945 1492 2988 pacandos
1513 2944 1758 2985 Donatistarum
1790 2946 1920 2985 animos
1943 2968 1954 2984 ,
1990 2945 2028 2979 δε

1150 2990 1424 3042 exstinguendum
1448 2993 1607 3036 schisma,
1633 3005 1709 3033 cum
1735 2995 1862 3040 magnis
1872 2991 1969 3034 donis
1992 2995 2028 3031 &

1153 3046 1307 3090 Augustae
1334 3044 1566 3084 benevolentia:
1586 3045 1681 3090 lignis
1705 3045 1823 3089 legavit
1847 3045 2027 3089 Imperator

1150 3095 1311 3131 Constans
1341 3108 1349 3128 :
1379 3104 1411 3130 at
1433 3094 1501 3129 fine
1521 3096 1633 3129 effectu
1654 3120 1661 3133 ,
1690 3096 1841 3136 SanQum
1862 3096 2025 3144 Principis

1149 3157 1230 3190 opus
1243 3144 1326 3185 adet}
1337 3145 1510 3181 infamavit
1523 3146 1652 3184 Donati
1672 3146 1772 3187 sastio
1785 3170 1795 3186 ,
1822 3155 1859 3180 ut
1871 3156 1939 3180 non
1952 3156 2024 3179 eru·

1149 3196 1285 3230 besceret
1308 3195 1342 3228 in
1364 3194 1493 3238 plebem
1515 3196 1678 3241 spargere:
1704 3198 1800 3240 ,Quod
1818 3201 1869 3239 qui
1888 3194 2023 3240 gustaret

1149 3255 1201 3280 aut
1226 3251 1367 3286 acciperet
1389 3247 1425 3279 de
1439 3245 1583 3289 sacrificio
1602 3247 1803 3286 adventantis
1817 3243 1833 3286 ,’
1853 3247 1890 3278 de
1903 3249 1989 3290 sacro
2001 3269 2014 3285 ,

1150 3297 1258 3340 utique
1269 3295 1436 3334 Idolorum
1447 3320 1457 3336 ‚
1464 3293 1581 3338 sumere
1591 3298 1743 3335 videretur
1755 3321 1762 3328 .
1789 3295 1901 3335 Etiam
1915 3296 2020 3338 ipsum

1150 3346 1333 3389 Principem
1346 3356 1382 3379 ac
1394 3345 1462 3389 ejus
1473 3348 1648 3391 praecipuos
1658 3344 1868 3390 Magistratus
1885 3343 2022 3379 horren·

1150 3396 1190 3433 de
1205 3395 1467 3441 blasphemarunt
1477 3420 1486 3429 .
1511 3396 1632 3441 thuo
1644 3395 1836 3432 Christiane
1855 3393 1926 3439 paci
1941 3401 2015 3476 gu·

1899 3452 1939 3477 ne

2054 2272 2135 2313 Epist,
2149 2279 2212 2311 163.
