2352 3736
53 877 190 935 2651>ss
197 904 208 932 5

485 127 591 171 De
661 126 701 173 S.
775 126 1104 174 L20N1s

225 211 319 246 duxit
330 209 398 244 dies
408 209 623 254 quadraginta
633 208 715 243 duos
727 234 734 242 .
762 208 869 243 Addit
894 207 978 252 apud
990 209 1019 243 S.
1032 204 1112 239 Am-

226 261 365 296 brofium
376 262 488 295 Sermo
498 259 685 294 Dominicae
697 260 732 294 in
758 260 987 304 Sexagefima:
1015 259 1113 300 ‚Quin-

226 310 387 355 quagesima
395 311 458 343 ideo
482 312 502 342 ἂ
521 308 698 353 quibusdam
719 307 861 352 servatur
875 333 886 349 ,
913 315 945 341 in
965 318 1023 350 qua
1042 305 1113 349 sunt

225 366 442 405 quinquaginta
460 361 524 393 dies
537 384 544 391 .
573 363 658 404 ,Quia
662 358 692 401 fi
695 358 877 402 subtraxeris
889 358 926 391 ab
940 357 987 390 bis
997 355 1113 400 septem

228 415 397 444 Dominicas
410 435 420 451 ‚
432 421 488 442 non
498 411 627 452 amplius
639 417 791 444 remanent
802 413 835 442 in
845 407 1025 447 abstinentia
1040 431 1051 446 ‚
1062 405 1118 447 nisi

226 462 429 504 quadraginta
451 462 549 494 &duo
560 462 640 493 dies.
667 462 714 493 Et
732 465 764 492 in
785 457 852 500 ipsis
876 458 988 491 duobus
1011 456 1112 490 diebus

227 512 281 543 alii
287 513 453 552 jejunant,
482 511 535 543 alii
556 520 632 549 non,
661 517 694 542 ut
718 514 750 542 in
763 511 856 542 Coena
869 512 1011 545 Domini,
1037 508 1111 540 &in

226 560 376 594 Sabbatho
395 560 520 593 sancvo.
549 557 768 607 Qodipsum
789 557 895 592 scribit
918 557 1045 591 AEneas
1070 555 1111 586 Ε-

226 611 377 654 piscopus
388 609 584 643 Parifienfis.
612 608 656 642 Et
666 606 734 642 haee
744 607 790 642 est
815 620 891 643 vera
913 607 999 651 apud
1021 605 1112 648 quas-

226 660 304 694 dam
326 659 481 694 Ecclefias
500 658 594 702 origo
617 667 673 691 aut
696 658 841 702 quintam
859 658 987 692 Feriam
1012 654 1110 697 majo-

226 721 318 750 rem,
343 720 397 744 aut
409 708 609 742 Sabbathum
623 708 771 742 sanetum
784 706 969 751 jejunandi.
998 705 1110 751 Qem

223 759 434 802 ,posteriorem
447 769 571 792 morem
584 759 642 793 suo
652 757 760 792 adhuc
773 767 918 800 tempore
930 755 1066 798 viguisse
1076 753 1109 787 in

226 809 319 844 ltalia
330 833 342 850 ‚
369 809 507 843 affirmat
520 807 554 842 &
566 809 712 852 queritur
723 808 757 840 in
770 806 884 840 litteris
896 804 936 840 ad
953 805 1014 838 suae
1025 804 1109 837 Con-

226 858 429 905 gregationis
452 858 610 892 Eremitas
635 858 768 891 sanstus
790 855 906 889 Petrus
929 854 1108 889 Damiani.

228 910 281 944 Ex
294 910 360 942 alio
373 919 481 942 tamen
492 907 557 950 ipss
568 905 727 949 principio
753 914 889 940 conatur
910 904 1111 948 aliquatenus

226 969 366 1004 purgare
387 981 394 989 .
435 956 478 989 Et
516 954 572 990 hic
597 954 778 998 jejunandae
803 955 1013 1000 Sexagefimae
1039 965 1110 988 mos

226 1009 351 1043 dudum
379 1006 571 1050 permansit.
599 1004 755 1039 Tandem
782 1015 891 1040 tamen
928 1005 1111 1039 contractus

225 1058 292 1092 suit
317 1057 358 1091 ad
386 1056 471 1090 solos
498 1055 662 1090 Clericos.
690 1055 738 1089 Ita
766 1055 873 1089 lucide
900 1056 1038 1090 affirmat
1059 1053 1111 1087 ad-

226 1108 361 1143 dueum
399 1106 545 1140 Romani
589 1104 726 1139 Ordinis
763 1105 988 1140 testimonium
1011 1129 1018 1136 .
1067 1104 1110 1138 Et

228 1157 319 1192 hunc
354 1167 477 1191 morem
515 1154 628 1189 videns
675 1154 804 1188 istarum
840 1155 925 1200 apud
954 1154 1110 1188 Ifidorum

227 1208 445 1242 Mercatorem
471 1205 681 1248 epistolarum
708 1203 833 1239 Auctor
862 1205 981 1248 scripsit
1000 1204 1111 1237 Teless

226 1257 371 1302 phorum
404 1256 446 1290 de
481 1255 558 1289 solis
594 1255 732 1289 clericis
767 1254 909 1290 statuisse
932 1280 939 1287 .
979 1253 1028 1287 At
1053 1264 1111 1297 pro

225 1306 381 1342 omnibus
406 1306 545 1340 statuisse
571 1306 708 1339 affirmat
732 1306 833 1339 etiam
858 1305 893 1338 in
931 1304 1046 1338 litteris
1071 1304 1110 1338 ad

228 1357 400 1393 laudatum
433 1355 615 1391 Alcuinum
655 1356 834 1399 Imperator
875 1354 1012 1392 Carolus
1048 1365 1121 1388 rna-¹

226 1419 390 1494 gmiistiam
410 1458 451 1493 de
473 1459 590 1493 Sancto
602 1470 684 1502 papa
693 1456 881 1493 Melchiade
895 1457 1003 1493 scribit
1012 1456 1111 1490 Liber

227 1508 452 1544 pontificalis:
490 1513 545 1542 Hic
554 1509 698 1550 constituit
709 1519 744 1542 ne
764 1510 826 1542 ulla
847 1514 959 1541 ratione
984 1509 1031 1540 die
1055 1510 1111 1538 Do-

1180 122 1785 168 N0N1Acr1s.
1892 141 1977 185 371

1171 214 1203 238 ta
1211 210 1304 239 Feria
1313 218 1422 249 quoque
1433 218 1489 239 non
1511 206 1549 246 est
1564 208 1789 248 jejunandum,
1822 217 1862 241 ut·
1877 212 1953 242 inter
1966 212 2051 250 jeju-

1171 261 1252 288 nium
1272 256 1502 296 Christianorum
1515 259 1549 291 <5
1563 259 1727 290 Gentilium
1744 282 1755 297 ,
1782 257 1996 292 Catholicorum
2006 267 2052 291 at-

1170 317 1225 347 que
1237 306 1458 340 Haereticorum
1473 305 1603 350 discretio
1612 307 1648 346 fit
1660 332 1667 339 .
1694 306 1804 341 Hatto
1815 308 1856 342 de
1867 309 1946 343 solis
1957 309 2050 343 extra

1171 355 1455 402 Qadragefimam
1467 382 1479 397 ,
1506 359 1639 391 Sanstus
1651 356 1854 402 Augustinus
1864 357 1905 392 de
1928 359 2050 392 cunctis

1173 416 1226 447 per
1245 416 1377 441 omnem
1399 418 1523 441 annum
1557 407 1679 451 quintis
1701 409 1769 451 agit
1791 408 1892 441 Feriis
1916 420 1923 439 ε
1963 408 2051 452 quod

1173 455 1284 498 nempe
1297 455 1421 491 dudum
1433 457 1508 490 ante
1518 457 1679 491 Hattonis
1701 467 1848 501 tempora
1871 457 2052 502 Gregorius

1172 505 1326 539 secundus
1337 507 1464 550 quintas
1474 506 1730 553 Qadragefimae
1741 506 1875 542 Ferias&
1899 506 1974 541 data
1998 517 2052 551 per

1171 554 1393 590 Melchiadem
1405 554 1550 590 libertate
1561 556 1601 590 ad
1623 556 1747 591 avitum
1764 556 1879 600 jejunii
1903 557 2052 592 debitum

1171 604 1341 639 reduxiss‘et
1364 631 1371 638 .
1411 606 1566 639 Testatur
1596 605 1661 641 hoc
1695 606 1794 641 Liber
1822 607 2050 641 pontificalis:

1170 657 1327 698 Gregorius
1351 655 1609 699 ,Quadragefimali
1647 665 1774 698 tempore
1794 682 1804 697 ‚
1839 667 1875 691 ut
1892 662 1922 690 in
1942 663 2052 700 quinta

1170 708 1262 738 Feria
1276 707 1428 746 jejunium
1448 714 1537 745 atque
1558 707 1707 747 Musarum
1737 707 1890 740 celebritas
1913 707 1997 749 fieret
2021 713 2054 740 in

1170 752 1303 795 Ecclefiis
1325 778 1336 794 ‚
1378 755 1457 796 quod
1488 765 1544 787 non
1566 754 1711 798 agebatur
1723 778 1733 794 ‚
1770 756 1912 793 instituit.
1949 755 2054 804 Qod.

1171 804 1275 847 ipsum
1287 802 1429 837 scr‘1bunr
1440 803 1608 838 Marianus
1618 804 1745 845 Scorus,
1757 803 1941 849 Sigebertus
1955 806 2055 840 Gem-

1170 853 1323 888 blacenfis
1333 879 1343 895 ‚
1370 865 1407 887 ac
1419 853 1611 897 Radulphus
1623 852 1663 888 de
1676 854 1800 889 Diceto
1813 879 1820 887 .
1850 854 1997 898 Exponit
2020 856 2054 889 in

1171 903 1255 938 libro
1266 903 1307 937 de
1330 903 1424 938 rebus
1446 904 1672 946 Ecclesiasticis
1698 904 1895 939 Walafridus
1919 904 2052 940 Strabo:

1166 953 1347 987 ‹Melchi'ades
1363 954 1468 994 statuit
1493 978 1504 995 ,
1540 965 1573 989 ut
1593 955 1674 990 nulla
1693 960 1806 989 ratione
1830 958 1981 988 Dominico
2005 957 2054 989 die

1156 1014 1224 1080 'aut
1236 1010 1340 1046 quinta
1353 1006 1601 1045 Ferrajejunium
1613 1012 1681 1047 quis
1698 1007 1816 1039 Fidelis
1841 1014 1941 1050 ageret
1958 1030 1964 1036 .
1993 1009 2054 1038 Pa-

1156 1084 1158 1090 s
1166 1059 1241 1097 gam*
1265 1060 1344 1088 enlm
1365 1053 1412 1087 bis
1431 1055 1533 1087 diebus
1554 1054 1638 1098 quast
1649 1057 1771 1096 jejunia
1783 1055 2029 1098 frequentabant
2046 1081 2053 1088 .

1156 1100 1237 1152 {Ideo
1249 1106 1361 1137 Beatus
1373 1108 1530 1147 Gregorius
1542 1111 1574 1138 in
1588 1103 1767 1148 dispositione
1794 1106 1944 1147 officiorum
1981 1111 2054 1138 anni

1157 1153 1252 1196 'infra
1264 1152 1550 1197 Quadragest‘mam,
1577 1161 1713 1197 quintam
1738 1159 1861 1188 Feriam
1889 1165 2053 1189 vacantem

1157 1203 1275 1245 vdimifit
1287 1218 1298 1238 .·
1325 1209 1364 1238 Ut
1373 1210 1442 1247 quia
1451 1204 1559 1246 festiva
1573 1214 1637 1238 erat
1650 1207 1745 1238 veluti
1757 1209 1912 1239 Dominica
1925 1229 1935 1244 ,
1960 1211 2052 1240 etiam

1156 1252 1255 1298 {officio
1263 1255 1322 1288 diei
1334 1258 1494 1291 Dominicae
1507 1255 1627 1289 celebris
1640 1254 1796 1289 baberetur
1809 1280 1816 1287 .
1844 1258 1925 1299 ,ραι
1940 1261 2047 1298 quinta

1156 1300 1263 1357 {Feria
1272 1310 1410 1348 quoniam
1430 1311 1514 1347 coepit
1542 1315 1575 1338 ut
1596 1314 1711 1339 caeterae
1729 1308 1860 1347 ‚iejuniis
1881 1307 2049 1349 applicari,

1157 1359 1159 1389 ,ἰ
1172 1358 1328 1399 Gregoriur
1336 1357 1436 1396 junior
1441 1355 1550 1396 statuit
1559 1367 1626 1390 eam
1637 1356 1727 1396 Miffis
1740 1357 1774 1389 o*
1784 1355 1978 1389 Orationibus
2003 1356 2055 1398 effe

1156 1396 1159 1436 ῗ
1169 1403 1323 1448 solemnem
1338 1430 1349 1446 ‚
1375 1407 1408 1439 (θ’
1429 1408 1630 1448 undecumque
1654 1407 1791 1450 colligens
1809 1431 1819 1446 ‚
1843 1405 1974 1449 ejusdem
1997 1406 2055 1438 diei

1156 1447 1394 1498 *argumentavit
1406 1457 1494 1497 officia
1508 1481 1515 1488 .
1544 1454 1645 1502 Quod
1658 1458 1761 1498 ipsum
1778 1456 1898 1490 eisdem
1911 1454 1977 1490 fere
1991 1466 2056 1489 ver-¹

1155 1484 1220 1551 ibis
1241 1504 1351 1538 scribit
1373 1505 1601 1548 micrologus,
1628 1506 1662 1538 &
1689 1505 1861 1550 adjungit.-
1903 1508 2055 1549 ,Quintam

226 1564 338 1594 minica
347 1567 401 1593 aut
411 1555 837 1602 quintaferiajejuniuniquis
848 1557 986 1598 fidelium
999 1563 1109 1599 ageret,
1155 1552 1415 1599 {Quadragefimae
1439 1547 1559 1586 Feriam
1581 1557 1740 1597 Gregorius
1753 1558 1858 1595 junior
1876 1554 1982 1595 statuit
2006 1554 2057 1596 effe

226 1614 300 1652 qula
306 1621 351 1642 eos
364 1610 429 1642 dies
434 1612 551 1651 Pagani
562 1606 647 1648 quafi
645 1604 672 1649 s
666 1617 767 1639 acrum
771 1608 926 1647 jejunium
938 1605 1088 1639 celebrant
1099 1630 1106 1637 .

1155 1601 1158 1643 ζ
1169 1601 1324 1647 solemnem
1345 1604 1443 1645 officiis
1455 1605 1648 1646 undequaque
1658 1603 1783 1637 collectis
1794 1629 1804 1646 ,
1830 1605 1864 1637 &
1874 1605 2006 1637 maxime
2018 1605 2055 1636 de

226 1657 337 1700 Hujus
347 1658 388 1691 de
398 1656 509 1701 quinta
520 1657 598 1690 feria
612 1656 872 1691 Statuticausam
894 1657 955 1689 effe
984 1655 1070 1688 varia
1091 1654 1110 1687 a
1154 1649 1351 1696 lestivaltbus
1375 1656 1556 1684 Dominicis.
1585 1654 1697 1687 Edicit
1716 1654 1889 1695 aestivales,
1918 1664 2055 1697 quarum

222 1708 380 1743 Domino
390 1708 466 1741 Deo
479 1705 751 1749 peraoa&n0bis
763 1704 885 1738 donata
904 1704 961 1737 ista
972 1702 1027 1737 die
1040 1714 1110 1746 my·
1154 1701 1351 1747 ‘Evangelia
1371 1701 1405 1735 ὅ(
1426 1712 1526 1736 omne
1548 1701 1653 1735 Miffae
1676 1703 1823 1736 officium
1845 1702 1989 1737 traduxit
2018 1703 2054 1736 in

225 1757 321 1791 steria
342 1767 380 1790 ae
402 1755 559 1789 beneficia
581 1754 719 1788 affirmat
741 1755 777 1788 in
800 1752 927 1788 laudata
962 1752 1107 1798 Epistola
1170 1753 1302 1797 quintas
1312 1750 1682 1799 Quadragefimaesserias
1697 1753 1736 1787 11.
1752 1752 1931 1798 Gregorius
1947 1777 1958 1793 ,
1983 1752 2056 1787 Do-

225 1816 366 1852 magnus
386 1805 548 1847 Carolus,
575 1804 640 1848 ipsa
661 1813 849 1845 enumerat,
876 1813 974 1846 atque
996 1803 1110 1847 adjun-

1169 1803 1326 1843 minicas,
1350 1815 1387 1838 ac
1413 1802 1643 1849 prosequitur:
1668 1806 1705 1835 In
1728 1804 1921 1837 Hebdomada
1941 1813 2052 1846 quoque

226 1858 298 1905 git:
336 1855 515 1900 Sexagefima
537 1879 548 1896 ‚
582 1863 617 1888 ut
648 1853 845 1895 existimamus
866 1879 877 1896 ,
908 1856 1064 1897 propterea
1086 1855 1106 1887 ἃ
1152 1853 1344 1895 sPentecostes
1359 1860 1464 1897 quinta
1478 1858 1571 1888 Feria
1579 1853 1665 1896 officio
1677 1856 1841 1887 Dominicae
1861 1854 2054 1895 inofficiatur.

225 1908 373 1942 nonnullis
385 1904 556 1948 observatur
569 1929 580 1946 ‚
604 1912 637 1938 ut
648 1906 682 1939 δ’
694 1908 830 1938 Decimus
840 1906 955 1939 dierum
979 1910 1104 1946 omnipo·
1151 1893 1154 1953 l
1170 1904 1324 1939 Affirmat
1338 1906 1371 1938 in
1384 1905 1509 1948 quintis
1525 1903 1788 1951 Qadragefimae
1801 1903 1891 1938 feriis
1903 1906 2003 1946 usque
2013 1900 2054 1938 ad

221 1963 299 1991 tenti
309 1959 368 1990 Deo
378 1956 449 1988 dare
456 1955 559 1997 poffint
568 1979 579 1995 ‚
605 1956 640 1989 θ
650 1957 810 1988 Dominum
820 1954 942 1995 nostrum
958 1955 1104 1998 JESUM

221 2005 492 2042 CHRISTUM
510 2005 744 2049 quadragenario
759 2006 966 2047 particulatim
983 2005 1104 2047 jejunio

218 2062 359 2094 imitari,
386 2056 560 2097 &primam
570 2056 622 2088 vel
629 2059 765 2097 quintam
770 2055 885 2097 feriam
895 2057 1037 2096 tijeiunio
1049 2066 1105 2088 va·

222 2118 291 2141 care
303 2105 430 2139 debeant
441 2129 448 2136 .
476 2104 669 2148 Hocipsum
683 2104 882 2139 Melch‘ia'dis
893 2105 1079 2139 institutum
1094 2128 1105 2143 ,

218 2156 417 2199 easdemque
427 2154 523 2198 ipfius
534 2155 675 2188 rationes
684 2154 794 2189 laudat
810 2154 1104 2198 memoratusaapud

225 2194 409 2242 Alcuinuffi
419 2204 571 2238 Flaccum
584 2203 706 2239 Auctor
717 2229 728 2246 ‚
754 2206 789 2240 δε
798 2207 904 2251 pergit
918 2218 926 2237 ι
953 2208 1035 2238 Tnnc
1041 2206 1106 2248 pla·

223 2262 287 2291 cuit
297 2254 453 2289 Fidelibus
467 2279 478 2295 ,
503 2263 536 2287 ut
545 2254 605 2287 οδῖο
616 2253 817 2288 hebdomadas
835 2254 1040 2297 *consecrarent
1058 2258 1103 2299 je-

216 2309 326 2348 junio,
351 2307 386 2340 ό·
393 2309 527 2348 primam
538 2308 723 2340 Dominieam
743 2303 952 2350 sexagefimam
973 2310 1105 2340 nomina.

221 2365 293 2390 rent
305 2381 316 2397 ,
341 2365 398 2388 non
415 2363 537 2397 propter
552 2352 781 2399 sexagenarium
807 2357 919 2390 dierum
930 2366 1081 2389 numerum
1094 2381 1105 2397 ,

220 2405 279 2450 sed
285 2414 407 2448 propter
418 2404 501 2449 usum
510 2406 657 2438 locutionis
667 2404 770 2445 nostrae
782 2430 791 2446 ,
818 2417 873 2449 quo
883 2407 1105 2450 ,Quadragena-

223 2460 269 2490 rio
279 2458 560 2500 ,Quinquagenarius
570 2480 580 2496 ‚
607 2461 653 2488 ita
664 2457 928 2500 ‚Quinquagenart'o
935 2458 955 2489 5
955 2468 1103 2500 exagem-

220 2509 286 2538 rius
305 2529 316 2545 ,
341 2507 375 2539 Θ
392 2508 588 2549 Sexagenaerio
611 2507 860 2550 Septuagenarius
880 2514 1051 2547 coaptatur.
1080 2511 1103 2539 Α

223 2554 405 2598 Sexagefima
416 2554 505 2598 usque
516 2557 560 2588 ad
570 2554 769 2598 Paschasunt
780 2556 838 2589 080
850 2555 1041 2590 bebdomada
1055 2582 1065 2597 ,
1090 2559 1106 2590 ἑ

221 2604 336 2646 quibus
342 2603 464 2650 fingulis
468 2604 498 2646 fi
500 2611 633 2647 primam
642 2607 676 2639 &³
689 2612 826 2647 quintam
830 2606 946 2648 feriam
967 2608 1004 2640 de
1024 2606 1107 2647 absti-

223 2660 329 2686 nentia
335 2653 496 2695 subtrahas
508 2679 519 2695 ‚
545 2662 577 2687 ut
590 2655 767 2689 melchiades
781 2655 908 2695 instituit
919 2682 930 2698 ,
956 2659 991 2691 ό·
1012 2655 1105 2700 ipficm

224 2704 304 2736 diem
315 2703 455 2735 santium
466 2704 588 2747 Pascbae
600 2729 612 2745 ‚
648 2706 849 2749 quadraginta
865 2714 982 2740 tantum
992 2708 1054 2741 dies
1066 2718 1106 2741 re·

223 2761 350 2786 manent
372 2751 556 2791 abstinentia
567 2776 578 2792 ,
604 2756 648 2788 ad
667 2760 860 2790 imitationem
881 2759 1000 2789 Domini
1020 2757 1105 2798 nostri

225 2801 550 2846 JESU-CHRISTI
561 2825 568 2833 .
596 2802 640 2835 Et
660 2804 805 2841 laudatus
815 2806 901 2850 apud
924 2807 953 2840 S.
968 2806 1106 2842 Ambro-

223 2852 306 2887 sium
328 2853 439 2885 Sermo
457 2863 464 2882 :
501 2851 684 2895 sexagesima
710 2855 884 2897 celebratur,
911 2862 944 2889 in
966 2868 1026 2899 qua
1033 2855 1114 2900 sunt,

222 2901 286 2935 030
296 2901 468 2934 hedomadae
477 2925 486 2940 ‚
513 2901 593 2940 idest
605 2925 615 2941 ,
651 2902 716 2935 dies
739 2910 958 2947 quinquaginta
976 2905 1050 2947 sex..
1076 2909 1106 2940 Si

218 2949 410 2994 subtraxeris
421 2951 480 2983 oc‘lo
494 2954 659 2984 Dominicos
670 2953 735 2985 dies
747 2977 758 2993 ‚
792 2954 828 2987 (5
837 2953 897 2986 050
906 2960 1026 2996 quintas
1048 2960 1107 2992 Fe-

221 3006 289 3033 rias
301 3025 313 3042 ,
338 2998 542 3044 quadraginta
552 3002 615 3033 dies
624 2999 801 3043 solummodo
810 3012 966 3037 remanent
976 3006 1083 3045 jejunii
1096 3032 1102 3039 .

273 3050 375 3097 Qod
400 3051 528 3095 quintas
548 3051 647 3084 etiam
667 3062 723 3095 per
749 3052 1038 3098 Qadragefimam
1051 3056 1105 3090 Fe-

221 3101 287 3133 rias
300 3100 416 3134 Latina
427 3100 509 3133 olim
523 3100 663 3134 Ecclesia
678 3125 690 3141 ‚
715 3102 828 3145 utique
840 3113 881 3136 ex
901 3104 932 3137 S.
947 3103 1105 3140 Melchia-

223 3149 277 3183 dis
288 3148 442 3184 Instituto
453 3175 464 3190 ,
491 3162 558 3185 non
580 3150 767 3193 jejunaverit
779 3176 789 3192 ‚
815 3151 911 3186 tradit
933 3153 968 3187 in
987 3154 1103 3197 episto·-

222 3198 255 3233 la
278 3198 318 3231 ad
338 3198 537 3235 Casuianum
560 3200 791 3244 Presbyterum
818 3202 953 3236 sanctus
974 3214 1104 3248 quoque

1167 1954 1335 1990 laudatum
1371 1954 1565 1999 Gregorium
1600 1953 1692 1987 fuisse
1713 1952 1831 1987 dictam
1857 1952 1992 1986 Missam
2013 1951 2055 1985 de

1150 2005 1358 2049 =praecedenti
1382 2004 1578 2038 Dominica.
1606 2003 1649 2037 Et
1676 2001 1750 2036 sane
1772 2013 1821 2036 res
1847 2001 1914 2046 ipsa
1936 2001 2054 2035 clamat

1167 2054 1342 2089 bodiernas
1375 2056 1562 2098 quintarum
1592 2052 1853 2101 Qadragefimae
1888 2052 2055 2086 Feriarum

1168 2105 1280 2139 Miffas
1302 2105 1366 2139 effe
1385 2104 1540 2147 posterius
1559 2102 1804 2146 superadjestas.
1839 2102 2054 2145 Reliquarum

1149 2145 1152 2181 ¹¹
1167 2155 1400 2198 consequentiae
1411 2166 1477 2189 non
1490 2153 1584 2197 plene
1594 2153 1846 2196 correspondent
1858 2178 1865 2184 .
1893 2152 1974 2199 Qae
1986 2162 2056 2186 om·
2121 2197 2124 2199 Δ

1166 2206 1221 2239 nia
1233 2206 1268 2240 in
1282 2203 1397 2239 animae
1409 2215 1539 2249 gemma
1552 2203 1650 2238 tradit
1663 2204 1762 2239 etiarn
1786 2203 1962 2238 Honorius
1987 2200 2057 2236 Au·
2072 2198 2134 2234 1³45
2152 2206 2228 2234 014·

1168 2255 1417 2302 gustodunenfis
1427 2281 1435 2288 .
1828 2288 1831 2291 .

1217 2307 1326 2340 Etiam
1348 2305 1481 2350 quidam
1501 2305 1606 2340 Graeci
1643 2306 1774 2350 quintas
1796 2303 2055 2353 Quadragefimae

1165 2357 1271 2390 Ferias
1283 2355 1433 2390 videntur
1454 2356 1534 2391 olim
1559 2368 1626 2390 non
1649 2356 1820 2400 jejunasse.
1851 2356 1941 2390 Hinc
1960 2356 2051 2390 enim

1167 2408 1201 2441 in
1216 2406 1354 2440 laudatis
1365 2405 1404 2440 ad
1421 2406 1604 2440 Alcuinum
1630 2408 1784 2441 Flaccum
1807 2406 1922 2440 litteris
1941 2405 2052 2440 scribit

1166 2467 1304 2501 magnus
1329 2456 1484 2491 Carolus:
1511 2456 1722 2500 Septuagesima
1738 2479 1748 2496 ,
1789 2466 1822 2490 ut
1853 2455 2051 2496 aestimamus‚

1162 2508 1320 2549 propterea
1342 2507 1383 2539 ab
1404 2506 1551 2549 aliquibus
1572 2506 1745 2550 observatur
1758 2531 1769 2547 ,
1796 2516 1829 2540 ut
1852 2509 1886 2540 ὁ·
1910 2510 2051 2540 Dei-imas

1165 2559 1281 2590 dierum
1294 2559 1420 2590 Domino
1436 2558 1509 2591 dare
1522 2568 1633 2599 queant
1645 2581 1656 2596 ,
1682 2559 1717 2591 ὦ·
1721 2561 1825 2599 prima
1847 2557 1901 2589 vel
1919 2563 2026 2598 quinta
2037 2579 2049 2595 ‚

1166 2618 1283 2641 necnon
1295 2605 1465 2649 &septima
1476 2609 1730 2647 FeriaJ'ejunium
1742 2605 1856 2649 solvere
1878 2607 1997 2648 posfint.
2025 2608 2050 2637 A

1166 2661 1185 2690 5
1187 2655 1376 2701 eptuagefima
1388 2657 1478 2699 usque
1490 2657 1533 2689 ad
1544 2655 1659 2699 Pascha
1665 2655 1739 2698 siant
1764 2666 1869 2689 novem
1894 2655 2049 2688 hebdoma-

1166 2708 1214 2740 dae
1227 2732 1237 2747 ‚
1265 2718 1332 2749 quae
1335 2706 1459 2747 faciunt
1471 2708 1534 2738 dies
1541 2705 1705 2749 sexaginta
1723 2714 1845 2747 quatuor
1857 2728 1864 2736 .
1893 2707 1924 2736 E
1939 2703 2046 2745 quibus

1163 2757 1235 2800 fide
1246 2767 1426 2798 unaquaque
1439 2755 1624 2788 hebdomada
1635 2765 1696 2789 tres
1719 2754 1868 2797 praefatos
1887 2753 2044 2797 subtraxe-

1168 2812 1209 2841 ris
1221 2808 1284 2839 dies
1298 2831 1308 2847 ‚
1336 2808 1370 2840 i&
1383 2803 1553 2848 Paschalem
1575 2805 1799 2845 sacratiffimum
1812 2828 1823 2845 ,
1846 2808 1973 2847 triginta
1989 2801 2046 2846 sex

1169 2863 1200 2890 in
1210 2855 1401 2899 observantia
1413 2865 1568 2889 remanent
1592 2857 1671 2888 dies.
1699 2854 1790 2889 Idem
1810 2853 1919 2889 scribit
1942 2853 2048 2889 iauda-

1168 2917 1220 2942 tus
1232 2907 1343 2940 Sermo
1357 2906 1442 2950 apud
1456 2907 1605 2940 Sanctum
1631 2904 1841 2940 Ambrosium
1854 2930 1864 2946 ‚
1892 2913 1986 2945 atque
1998 2902 2047 2938 vel

1169 2956 1229 2991 hac
1242 2957 1308 2990 sola
1322 2967 1401 2990 voce
1414 2956 1534 2990 clamat
1546 2957 1575 2989 se
1588 2955 1680 2989 nullo
1693 2953 1792 2989 modo
1817 2956 1883 2997 esse
1908 2952 2049 2988 Ambro-

1167 3007 1289 3040 sianum
1303 3030 1314 3045 ,
1341 3005 1392 3039 sed
1408 3005 1698 3040 Ambrofiastrum.
1727 3004 2047 3048 Exponitinlitteris

1167 3056 1206 3091 ad
1233 3056 1399 3090 laudatum
1422 3056 1654 3098 Imperatorem
1678 3054 1826 3088 laudatus
1858 3054 2047 3088 Alcuinus=

1167 3107 1277 3140 Audivi
1302 3130 1313 3146 ,
1351 3107 1423 3138 dum
1449 3108 1550 3138 Romae
1583 3105 1664 3147 essem
1691 3128 1702 3145 ,
1739 3103 1881 3147 quosdam
1918 3105 2047 3138 dicentes

1169 3155 1320 3200 Magistros
1335 3178 1345 3194 ‚
1370 3156 1453 3197 quod
1477 3157 1648 3189 Orientales
1669 3156 1779 3197 populi·
1799 3165 1904 3188 novem
1942 3152 2046 3189 bebdo-

1165 3207 1291 3245 madas,
1319 3208 1416 3238 Graeci
1443 3204 1520 3245 olto,
1549 3207 1656 3237 Latini
1690 3203 1801 3249 septem
1830 3206 1971 3246 jejunare
2002 3202 2045 3246 so·

52 3256 207 3296 Ep.86.c.4
222 3247 451 3293 Augustinus.-
478 3252 722 3291 ApudRomanos
732 3256 839 3294 quinta
858 3252 1004 3285 sabbathi
1020 3255 1100 3295 jeju-
1164 3258 1260 3290 leant.
1289 3253 1332 3287 Et
1355 3253 1421 3288 haec
1447 3255 1521 3288 sunt
1548 3253 1662 3296 verba,
1707 3266 1776 3298 quae
1801 3263 1894 3288 notat
1919 3254 1953 3288 &
1979 3263 2044 3290 car-

222 3299 356 3334 nandum
367 3309 423 3331 non
436 3300 571 3332 videtur.
604 3301 709 3348 Qod
721 3301 826 3346 ipsum
837 3301 1031 3337 lucidiffime
1042 3314 1100 3339 tra-

221 3348 274 3383 dit
294 3348 329 3382 in
349 3348 450 3392 ‚priori
470 3346 511 3382 ad
534 3349 721 3391 Ianuarium
742 3351 895 3395 epistola.
924 3352 967 3387 Et
990 3354 1024 3387 in
1045 3355 1101 3388 suo
1165 3366 1224 3388 nus
1250 3353 1408 3388 Maurus.-
1438 3355 1514 3394 Alii,
1540 3352 1630 3396 nescio
1655 3365 1777 3394 quorum
1798 3365 1848 3387 ore
1868 3352 1969 3389 dudi,
1995 3348 2042 3391 as-

224 3398 406 3443 capitulari
416 3399 523 3432 Hatto
532 3398 742 3437 Ver-cellensis
763 3398 942 3447 Episcopus
953 3417 964 3436 .·
1003 3405 1101 3448 ,Quin-

320 3447 510 3492 cbrss.Lupi
522 3452 743 3492 oper-TomJV.

1165 3306 1211 3349 pit
1232 3305 1266 3338 in
1295 3304 1384 3337 libris
1408 3304 1448 3338 de
1475 3304 1679 3338 Clericorum
1704 3303 1916 3339 Iastitutione
1939 3301 2040 3337 Raba-

1160 3404 1302 3448 severant
1326 3406 1406 3446 quod
1424 3405 1592 3438 orientales
1612 3405 1716 3449 populi
1751 3415 1856 3439 novem
1883 3400 2041 3433 bebdoma-

1462 3452 1494 3485 A
1508 3464 1524 3488 a
1536 3464 1554 3487 a
1586 3461 1612 3488 2
1911 3449 1968 3481 das
1980 3473 1991 3489 ,

2067 3113 2150 3152 Epist.
2171 3125 2195 3143 ι.

2057 3383 2114 3413 Li..
2137 3393 2211 3421 034.
