<?xml version="1.0" encoding="UTF-8"?>
<!DOCTYPE html PUBLIC "-//W3C//DTD XHTML 1.0 Transitional//EN"
    "http://www.w3.org/TR/xhtml1/DTD/xhtml1-transitional.dtd">
<html xmlns="http://www.w3.org/1999/xhtml" xml:lang="en" lang="en">
 <head>
  <title>
</title>
<meta http-equiv="Content-Type" content="text/html;charset=utf-8" />
  <meta name='ocr-system' content='tesseract 3.04.00' />
  <meta name='ocr-capabilities' content='ocr_page ocr_carea ocr_par ocr_line ocrx_word'/>
</head>
<body>
  <div class='ocr_page' id='page_1' title='image "./operaomniastudio04lupuuoft/operaomniastudio04lupuuoft_0090.png"; bbox 0 0 2352 3736; ppageno 0'>
   <div class='ocr_carea' id='block_1_1' title="bbox 380 175 441 220">
    <p class='ocr_par' dir='ltr' id='par_1_1' title="bbox 380 175 441 220">
     <span class='ocr_line' id='line_1_1' title="bbox 380 175 441 220; baseline -0.049 0"><span class='ocrx_word' id='word_1_1' title='bbox 380 175 441 220; x_wconf 88' lang='lat'>80</span> 
     </span>
    </p>
   </div>
   <div class='ocr_carea' id='block_1_2' title="bbox 312 246 1206 292">
    <p class='ocr_par' dir='ltr' id='par_1_2' title="bbox 312 246 1206 292">
     <span class='ocr_line' id='line_1_2' title="bbox 312 246 1206 292; baseline -0.01 -1"><span class='ocrx_word' id='word_1_2' title='bbox 312 268 372 291; x_wconf 81' lang='lat' dir='ltr'>nus</span> <span class='ocrx_word' id='word_1_3' title='bbox 384 253 507 290; x_wconf 80' lang='lat' dir='ltr'>laudat:</span> <span class='ocrx_word' id='word_1_4' title='bbox 536 251 641 286; x_wconf 87' lang='lat' dir='ltr'>Hunc</span> <span class='ocrx_word' id='word_1_5' title='bbox 653 254 743 287; x_wconf 89' lang='lat' dir='ltr'>enim</span> <span class='ocrx_word' id='word_1_6' title='bbox 765 253 872 287; x_wconf 87' lang='lat' dir='ltr'>solum</span> <span class='ocrx_word' id='word_1_7' title='bbox 884 246 1010 284; x_wconf 85' lang='lat' dir='ltr'>constat</span> <span class='ocrx_word' id='word_1_8' title='bbox 1031 247 1206 292; x_wconf 55' lang='lat' dir='ltr'>omnibus(</span> 
     </span>
    </p>
   </div>
   <div class='ocr_carea' id='block_1_3' title="bbox 617 159 1807 231">
    <p class='ocr_par' dir='ltr' id='par_1_3' title="bbox 617 159 1807 231">
     <span class='ocr_line' id='line_1_3' title="bbox 617 159 1807 231; baseline 0.005 -17"><span class='ocrx_word' id='word_1_9' title='bbox 617 159 893 214; x_wconf 48' lang='lat' dir='ltr'>Secuntur.</span> <span class='ocrx_word' id='word_1_10' title='bbox 931 169 1347 212; x_wconf 62' lang='lat' dir='ltr'>Paooemmns</span> <span class='ocrx_word' id='word_1_11' title='bbox 1383 168 1807 231; x_wconf 67' lang='lat' dir='ltr'>DIssert&#39;TATIo,</span> 
     </span>
    </p>
   </div>
   <div class='ocr_carea' id='block_1_4' title="bbox 1297 246 2123 293">
    <p class='ocr_par' dir='ltr' id='par_1_4' title="bbox 1297 246 2123 293">
     <span class='ocr_line' id='line_1_4' title="bbox 1297 246 2123 293; baseline 0.013 -10"><span class='ocrx_word' id='word_1_12' title='bbox 1297 246 1451 291; x_wconf 85' lang='lat' dir='ltr'>Ejusdem</span> <span class='ocrx_word' id='word_1_13' title='bbox 1465 251 1565 285; x_wconf 82' lang='lat' dir='ltr'>moris</span> <span class='ocrx_word' id='word_1_14' title='bbox 1579 256 1730 291; x_wconf 77' lang='lat' dir='ltr'>meminit</span> <span class='ocrx_word' id='word_1_15' title='bbox 1755 258 1791 292; x_wconf 85' lang='lat' dir='ltr'>in</span> <span class='ocrx_word' id='word_1_16' title='bbox 1802 256 1893 292; x_wconf 87' lang='lat' dir='ltr'>libris</span> <span class='ocrx_word' id='word_1_17' title='bbox 1918 257 1961 293; x_wconf 88' lang='lat' dir='ltr'>de</span> <span class='ocrx_word' id='word_1_18' title='bbox 1969 257 2123 293; x_wconf 75' lang='lat' dir='ltr'>Sacerdo-</span> 
     </span>
    </p>
   </div>
   <div class='ocr_carea' id='block_1_5' title="bbox 310 284 2284 362">
    <p class='ocr_par' dir='ltr' id='par_1_5' title="bbox 310 284 2284 362">
     <span class='ocr_line' id='line_1_5' title="bbox 310 284 2284 362; baseline -0.029 -22"><span class='ocrx_word' id='word_1_19' title='bbox 310 307 368 340; x_wconf 68' lang='lat' dir='ltr'>fib</span> <span class='ocrx_word' id='word_1_20' title='bbox 380 305 463 339; x_wconf 85' lang='lat' dir='ltr'>coelo</span> <span class='ocrx_word' id='word_1_21' title='bbox 476 302 623 336; x_wconf 79' lang='lat' dir='ltr'>Ecclefiis</span> <span class='ocrx_word' id='word_1_22' title='bbox 641 304 737 337; x_wconf 76' lang='lat' dir='ltr'>fuisse</span> <span class='ocrx_word' id='word_1_23' title='bbox 755 301 947 336; x_wconf 83' lang='lat' dir='ltr'>familiarem</span> <span class='ocrx_word' id='word_1_24' title='bbox 959 322 967 329; x_wconf 90' lang='lat'><strong>.</strong></span> <span class='ocrx_word' id='word_1_25' title='bbox 994 298 1128 331; x_wconf 86' lang='lat' dir='ltr'>Ducenta</span> <span class='ocrx_word' id='word_1_26' title='bbox 1141 294 1205 362; x_wconf 48' lang='lat' dir='ltr'>siu?</span> <span class='ocrx_word' id='word_1_27' title='bbox 1246 299 1296 331; x_wconf 91' lang='lat' dir='ltr'>tio</span> <span class='ocrx_word' id='word_1_28' title='bbox 1323 298 1452 335; x_wconf 68' lang='lat' dir='ltr'>Sanetus</span> <span class='ocrx_word' id='word_1_29' title='bbox 1477 300 1617 343; x_wconf 84' lang='lat' dir='ltr'>Joannes</span> <span class='ocrx_word' id='word_1_30' title='bbox 1639 303 1891 348; x_wconf 73' lang='lat' dir='ltr'>chrysostomus</span> <span class='ocrx_word' id='word_1_31' title='bbox 1907 333 1918 348; x_wconf 68' lang='lat'>‚</span> <span class='ocrx_word' id='word_1_32' title='bbox 1943 310 2082 344; x_wconf 71' lang='lat' dir='ltr'>referens</span> <span class='ocrx_word' id='word_1_33' title='bbox 2105 309 2125 343; x_wconf 67' lang='lat' dir='ltr'>e</span> <span class='ocrx_word' id='word_1_34' title='bbox 2142 300 2201 329; x_wconf 73' lang='lat' dir='ltr'>La.</span> <span class='ocrx_word' id='word_1_35' title='bbox 2215 284 2284 335; x_wconf 16' lang='lat' dir='ltr'>c.7‚7</span> 
     </span>
    </p>
   </div>
   <div class='ocr_carea' id='block_1_6' title="bbox 306 346 1188 448">
    <p class='ocr_par' dir='ltr' id='par_1_6' title="bbox 306 346 1188 448">
     <span class='ocr_line' id='line_1_6' title="bbox 306 346 1188 396; baseline -0.008 -8"><span class='ocrx_word' id='word_1_36' title='bbox 306 356 427 396; x_wconf 76' lang='lat' dir='ltr'>sterria,</span> <span class='ocrx_word' id='word_1_37' title='bbox 454 352 562 395; x_wconf 87' lang='lat' dir='ltr'>inquit</span> <span class='ocrx_word' id='word_1_38' title='bbox 583 351 703 387; x_wconf 74' lang='lat' dir='ltr'>Beatus</span> <span class='ocrx_word' id='word_1_39' title='bbox 725 351 905 385; x_wconf 82' lang='lat' dir='ltr'>Rhenanus</span> <span class='ocrx_word' id='word_1_40' title='bbox 930 370 941 388; x_wconf 90' lang='lat'>‚</span> <span class='ocrx_word' id='word_1_41' title='bbox 958 346 1081 388; x_wconf 82' lang='lat' dir='ltr'>faciunt</span> <span class='ocrx_word' id='word_1_42' title='bbox 1104 353 1188 390; x_wconf 84' lang='lat' dir='ltr'>quin-</span> 
     </span>
     <span class='ocr_line' id='line_1_7' title="bbox 310 398 1187 448; baseline -0.007 -11"><span class='ocrx_word' id='word_1_43' title='bbox 310 416 366 448; x_wconf 79' lang='lat' dir='ltr'>que</span> <span class='ocrx_word' id='word_1_44' title='bbox 375 404 471 436; x_wconf 75' lang='lat' dir='ltr'>millia</span> <span class='ocrx_word' id='word_1_45' title='bbox 482 405 659 436; x_wconf 83' lang='lat' dir='ltr'>Ducatorum</span> <span class='ocrx_word' id='word_1_46' title='bbox 674 426 681 434; x_wconf 89' lang='lat'><strong><em>.</em></strong></span> <span class='ocrx_word' id='word_1_47' title='bbox 706 398 808 447; x_wconf 84' lang='lat' dir='ltr'>Qod</span> <span class='ocrx_word' id='word_1_48' title='bbox 822 398 927 440; x_wconf 83' lang='lat' dir='ltr'>ipsum</span> <span class='ocrx_word' id='word_1_49' title='bbox 946 408 988 431; x_wconf 83' lang='lat' dir='ltr'>ex</span> <span class='ocrx_word' id='word_1_50' title='bbox 1000 398 1119 432; x_wconf 85' lang='lat' dir='ltr'>Budaeo</span> <span class='ocrx_word' id='word_1_51' title='bbox 1132 398 1187 431; x_wconf 89' lang='lat' dir='ltr'>ad·</span> 
     </span>
    </p>
   </div>
   <div class='ocr_carea' id='block_1_7' title="bbox 1247 346 2124 448">
    <p class='ocr_par' dir='ltr' id='par_1_7' title="bbox 1247 346 2124 448">
     <span class='ocr_line' id='line_1_8' title="bbox 1247 346 2124 395; baseline 0.015 -15"><span class='ocrx_word' id='word_1_52' title='bbox 1247 346 1345 382; x_wconf 86' lang='lat' dir='ltr'>Plebe</span> <span class='ocrx_word' id='word_1_53' title='bbox 1363 350 1519 391; x_wconf 80' lang='lat' dir='ltr'>quosdam</span> <span class='ocrx_word' id='word_1_54' title='bbox 1545 353 1703 388; x_wconf 76' lang='lat' dir='ltr'>maledice</span> <span class='ocrx_word' id='word_1_55' title='bbox 1729 366 1927 393; x_wconf 83' lang='lat' dir='ltr'>murmurare</span> <span class='ocrx_word' id='word_1_56' title='bbox 1953 358 2124 395; x_wconf 68' lang='lat' dir='ltr'>adversum</span> 
     </span>
     <span class='ocr_line' id='line_1_9' title="bbox 1247 398 2123 448; baseline 0.017 -18"><span class='ocrx_word' id='word_1_57' title='bbox 1247 398 1451 442; x_wconf 85' lang='lat' dir='ltr'>Episcopos,</span> <span class='ocrx_word' id='word_1_58' title='bbox 1476 400 1564 444; x_wconf 88' lang='lat' dir='ltr'>quod</span> <span class='ocrx_word' id='word_1_59' title='bbox 1576 403 1610 435; x_wconf 88' lang='lat' dir='ltr'>in</span> <span class='ocrx_word' id='word_1_60' title='bbox 1632 403 1793 448; x_wconf 78' lang='lat' dir='ltr'>eligendis</span> <span class='ocrx_word' id='word_1_61' title='bbox 1813 408 1950 443; x_wconf 82' lang='lat' dir='ltr'>Clericis</span> <span class='ocrx_word' id='word_1_62' title='bbox 1975 409 2123 443; x_wconf 82' lang='lat' dir='ltr'>attende·</span> 
     </span>
    </p>
   </div>
   <div class='ocr_carea' id='block_1_8' title="bbox 310 446 2124 503">
    <p class='ocr_par' dir='ltr' id='par_1_8' title="bbox 310 446 2124 503">
     <span class='ocr_line' id='line_1_10' title="bbox 310 446 2124 503; baseline -0.001 -16"><span class='ocrx_word' id='word_1_63' title='bbox 310 456 418 488; x_wconf 83' lang='lat' dir='ltr'>firmat</span> <span class='ocrx_word' id='word_1_64' title='bbox 430 463 627 486; x_wconf 81' lang='lat' dir='ltr'>memoratus</span> <span class='ocrx_word' id='word_1_65' title='bbox 640 450 826 487; x_wconf 87' lang='lat' dir='ltr'>Pamelius,</span> <span class='ocrx_word' id='word_1_66' title='bbox 853 449 998 491; x_wconf 67' lang='lat' dir='ltr'>resteque</span> <span class='ocrx_word' id='word_1_67' title='bbox 1018 446 1202 487; x_wconf 58' lang='lat' dir='ltr'>adversum</span> <span class='ocrx_word' id='word_1_68' title='bbox 1247 458 1317 481; x_wconf 87' lang='lat' dir='ltr'>rent</span> <span class='ocrx_word' id='word_1_69' title='bbox 1328 449 1410 484; x_wconf 81' lang='lat' dir='ltr'>solas</span> <span class='ocrx_word' id='word_1_70' title='bbox 1433 450 1585 493; x_wconf 84' lang='lat' dir='ltr'>divitias,</span> <span class='ocrx_word' id='word_1_71' title='bbox 1611 453 1644 486; x_wconf 74' lang='grc' dir='ltr'>ὅ(</span> <span class='ocrx_word' id='word_1_72' title='bbox 1667 454 1868 498; x_wconf 77' lang='lat' dir='ltr'>splendorem</span> <span class='ocrx_word' id='word_1_73' title='bbox 1877 459 2027 502; x_wconf 72' lang='lat' dir='ltr'>generis,</span> <span class='ocrx_word' id='word_1_74' title='bbox 2052 459 2124 503; x_wconf 78' lang='lat' dir='ltr'>qui.</span> 
     </span>
    </p>
   </div>
   <div class='ocr_carea' id='block_1_9' title="bbox 300 546 1184 793">
    <p class='ocr_par' dir='ltr' id='par_1_9' title="bbox 300 546 1184 793">
     <span class='ocr_line' id='line_1_11' title="bbox 310 546 1184 592; baseline -0.008 -5"><span class='ocrx_word' id='word_1_75' title='bbox 310 553 357 587; x_wconf 72' lang='lat' dir='ltr'>bic</span> <span class='ocrx_word' id='word_1_76' title='bbox 368 552 441 587; x_wconf 70' lang='lat' dir='ltr'>mih}</span> <span class='ocrx_word' id='word_1_77' title='bbox 453 576 463 592; x_wconf 89' lang='lat'>,</span> <span class='ocrx_word' id='word_1_78' title='bbox 488 556 539 592; x_wconf 81' lang='lat' dir='ltr'>qui</span> <span class='ocrx_word' id='word_1_79' title='bbox 549 553 671 581; x_wconf 71' lang='lat' dir='ltr'>mentiri</span> <span class='ocrx_word' id='word_1_80' title='bbox 682 551 742 581; x_wconf 76' lang='lat' dir='ltr'>noti</span> <span class='ocrx_word' id='word_1_81' title='bbox 749 546 918 591; x_wconf 83' lang='lat' dir='ltr'>erubescunt</span> <span class='ocrx_word' id='word_1_82' title='bbox 930 547 1071 589; x_wconf 78' lang='lat' dir='ltr'>Ecclefias</span> <span class='ocrx_word' id='word_1_83' title='bbox 1078 553 1184 589; x_wconf 75' lang='lat' dir='ltr'>primi-</span> 
     </span>
     <span class='ocr_line' id='line_1_12' title="bbox 311 599 1183 641; baseline 0 -11"><span class='ocrx_word' id='word_1_84' title='bbox 311 609 398 638; x_wconf 59' lang='lat' dir='ltr'>tivas</span> <span class='ocrx_word' id='word_1_85' title='bbox 409 626 420 641; x_wconf 87' lang='lat'>‚</span> <span class='ocrx_word' id='word_1_86' title='bbox 446 599 603 639; x_wconf 73' lang='lat' dir='ltr'>nostrarum</span> <span class='ocrx_word' id='word_1_87' title='bbox 622 604 765 634; x_wconf 72' lang='lat' dir='ltr'>matrices</span> <span class='ocrx_word' id='word_1_88' title='bbox 783 623 793 639; x_wconf 93' lang='lat'><strong><em>,</em></strong></span> <span class='ocrx_word' id='word_1_89' title='bbox 819 599 893 631; x_wconf 74' lang='lat' dir='ltr'>adeo</span> <span class='ocrx_word' id='word_1_90' title='bbox 904 599 1008 640; x_wconf 72' lang='lat' dir='ltr'>vixiffe</span> <span class='ocrx_word' id='word_1_91' title='bbox 1014 605 1160 640; x_wconf 81' lang='lat' dir='ltr'>pauperes</span> <span class='ocrx_word' id='word_1_92' title='bbox 1172 622 1183 641; x_wconf 81' lang='lat'><em>,</em></span> 
     </span>
     <span class='ocr_line' id='line_1_13' title="bbox 309 648 1183 692; baseline -0.007 -6"><span class='ocrx_word' id='word_1_93' title='bbox 309 653 395 686; x_wconf 70' lang='lat' dir='ltr'>immo</span> <span class='ocrx_word' id='word_1_94' title='bbox 405 658 467 681; x_wconf 84' lang='lat' dir='ltr'>tam</span> <span class='ocrx_word' id='word_1_95' title='bbox 485 658 586 681; x_wconf 81' lang='lat' dir='ltr'>tenues</span> <span class='ocrx_word' id='word_1_96' title='bbox 599 672 610 688; x_wconf 92' lang='lat'>,</span> <span class='ocrx_word' id='word_1_97' title='bbox 636 649 756 692; x_wconf 88' lang='lat' dir='ltr'>indigas</span> <span class='ocrx_word' id='word_1_98' title='bbox 767 671 777 687; x_wconf 90' lang='lat'><strong>,</strong></span> <span class='ocrx_word' id='word_1_99' title='bbox 803 649 838 681; x_wconf 77' lang='lat'><em>&amp;</em></span> <span class='ocrx_word' id='word_1_100' title='bbox 848 649 1000 681; x_wconf 74' lang='lat' dir='ltr'>mendicas</span> <span class='ocrx_word' id='word_1_101' title='bbox 1023 648 1160 690; x_wconf 82' lang='lat' dir='ltr'>exstitisse</span> <span class='ocrx_word' id='word_1_102' title='bbox 1173 672 1183 688; x_wconf 87' lang='lat'><em>,</em></span> 
     </span>
     <span class='ocr_line' id='line_1_14' title="bbox 306 696 1182 742; baseline -0.003 -9"><span class='ocrx_word' id='word_1_103' title='bbox 306 711 424 742; x_wconf 71' lang='lat' dir='ltr'>tamque</span> <span class='ocrx_word' id='word_1_104' title='bbox 434 697 512 730; x_wconf 84' lang='lat' dir='ltr'>nibil</span> <span class='ocrx_word' id='word_1_105' title='bbox 518 697 646 741; x_wconf 74' lang='lat' dir='ltr'>habuisse</span> <span class='ocrx_word' id='word_1_106' title='bbox 652 705 807 740; x_wconf 82' lang='lat' dir='ltr'>proprium</span> <span class='ocrx_word' id='word_1_107' title='bbox 818 697 872 731; x_wconf 83' lang='lat' dir='ltr'>vel</span> <span class='ocrx_word' id='word_1_108' title='bbox 878 696 964 741; x_wconf 83' lang='lat' dir='ltr'>suum</span> <span class='ocrx_word' id='word_1_109' title='bbox 975 723 983 737; x_wconf 94' lang='lat'>‚</span> <span class='ocrx_word' id='word_1_110' title='bbox 1011 706 1042 730; x_wconf 86' lang='lat' dir='ltr'>ut</span> <span class='ocrx_word' id='word_1_111' title='bbox 1058 698 1182 738; x_wconf 80' lang='lat' dir='ltr'>ostiatim</span> 
     </span>
     <span class='ocr_line' id='line_1_15' title="bbox 300 747 1182 793; baseline -0.002 -11"><span class='ocrx_word' id='word_1_112' title='bbox 300 753 388 793; x_wconf 56' lang='lat' dir='ltr'>poene*</span> <span class='ocrx_word' id='word_1_113' title='bbox 397 749 634 790; x_wconf 79' lang='lat' dir='ltr'>compellerentur</span> <span class='ocrx_word' id='word_1_114' title='bbox 643 755 803 791; x_wconf 85' lang='lat' dir='ltr'>quaeritare</span> <span class='ocrx_word' id='word_1_115' title='bbox 814 747 908 782; x_wconf 86' lang='lat' dir='ltr'>cibos.</span> <span class='ocrx_word' id='word_1_116' title='bbox 937 750 990 780; x_wconf 83' lang='lat' dir='ltr'>Hic</span> <span class='ocrx_word' id='word_1_117' title='bbox 1007 749 1094 781; x_wconf 82' lang='lat' dir='ltr'>vides</span> <span class='ocrx_word' id='word_1_118' title='bbox 1117 754 1182 781; x_wconf 76' lang='lat' dir='ltr'>auri</span> 
     </span>
    </p>
   </div>
   <div class='ocr_carea' id='block_1_10' title="bbox 300 488 1203 842">
    <p class='ocr_par' dir='ltr' id='par_1_10' title="bbox 300 488 1203 842">
     <span class='ocr_line' id='line_1_16' title="bbox 311 488 1203 828; baseline -0.009 -290"><span class='ocrx_word' id='word_1_119' title='bbox 311 501 518 538; x_wconf 86' lang='lat' dir='ltr'>Lutheranos</span> <span class='ocrx_word' id='word_1_120' title='bbox 534 502 568 535; x_wconf 89' lang='lat'>&amp;</span> <span class='ocrx_word' id='word_1_121' title='bbox 581 497 775 533; x_wconf 85' lang='lat' dir='ltr'>Calvinistas</span> <span class='ocrx_word' id='word_1_122' title='bbox 785 497 952 542; x_wconf 83' lang='lat' dir='ltr'>adjungit:</span> <span class='ocrx_word' id='word_1_123' title='bbox 978 488 1203 828; x_wconf 58' lang='lat' dir='ltr'>Respondeant!</span> 
     </span>
     <span class='ocr_line' id='line_1_17' title="bbox 300 798 1182 842; baseline -0.001 -10"><span class='ocrx_word' id='word_1_124' title='bbox 300 801 400 842; x_wconf 79' lang='lat' dir='ltr'>pondo</span> <span class='ocrx_word' id='word_1_125' title='bbox 412 799 508 831; x_wconf 83' lang='lat' dir='ltr'>multa</span> <span class='ocrx_word' id='word_1_126' title='bbox 526 799 638 831; x_wconf 80' lang='lat' dir='ltr'>donata</span> <span class='ocrx_word' id='word_1_127' title='bbox 661 798 795 840; x_wconf 84' lang='lat' dir='ltr'>Ecclefiae</span> <span class='ocrx_word' id='word_1_128' title='bbox 808 823 819 838; x_wconf 89' lang='lat'>‚</span> <span class='ocrx_word' id='word_1_129' title='bbox 846 806 934 839; x_wconf 83' lang='lat' dir='ltr'>atque</span> <span class='ocrx_word' id='word_1_130' title='bbox 957 800 1096 838; x_wconf 83' lang='lat' dir='ltr'>reddita,</span> <span class='ocrx_word' id='word_1_131' title='bbox 1124 810 1182 831; x_wconf 89' lang='lat' dir='ltr'>non</span> 
     </span>
    </p>
   </div>
   <div class='ocr_carea' id='block_1_11' title="bbox 302 947 1178 1145">
    <p class='ocr_par' dir='ltr' id='par_1_11' title="bbox 302 947 1178 1084">
     <span class='ocr_line' id='line_1_18' title="bbox 303 947 1178 991; baseline -0.003 -7"><span class='ocrx_word' id='word_1_132' title='bbox 303 951 423 984; x_wconf 75' lang='lat' dir='ltr'>starum</span> <span class='ocrx_word' id='word_1_133' title='bbox 450 948 671 982; x_wconf 85' lang='lat' dir='ltr'>ministrorum</span> <span class='ocrx_word' id='word_1_134' title='bbox 698 949 859 991; x_wconf 81' lang='lat' dir='ltr'>cupiditas</span> <span class='ocrx_word' id='word_1_135' title='bbox 879 947 1003 982; x_wconf 87' lang='lat' dir='ltr'>invidet</span> <span class='ocrx_word' id='word_1_136' title='bbox 1025 974 1035 990; x_wconf 85' lang='lat'>‚</span> <span class='ocrx_word' id='word_1_137' title='bbox 1071 949 1178 982; x_wconf 89' lang='lat' dir='ltr'>Eccle-</span> 
     </span>
     <span class='ocr_line' id='line_1_19' title="bbox 302 997 1176 1043; baseline -0.002 -9"><span class='ocrx_word' id='word_1_138' title='bbox 302 1000 417 1034; x_wconf 78' lang='lat' dir='ltr'>fiarum</span> <span class='ocrx_word' id='word_1_139' title='bbox 441 998 611 1043; x_wconf 81' lang='lat' dir='ltr'>opulentia</span> <span class='ocrx_word' id='word_1_140' title='bbox 623 997 727 1033; x_wconf 89' lang='lat' dir='ltr'>multo</span> <span class='ocrx_word' id='word_1_141' title='bbox 740 998 930 1033; x_wconf 84' lang='lat' dir='ltr'>testimonio</span> <span class='ocrx_word' id='word_1_142' title='bbox 940 998 1034 1043; x_wconf 86' lang='lat' dir='ltr'>poffit</span> <span class='ocrx_word' id='word_1_143' title='bbox 1045 997 1176 1033; x_wconf 78' lang='lat' dir='ltr'>demon·</span> 
     </span>
     <span class='ocr_line' id='line_1_20' title="bbox 302 1050 411 1084; baseline -0.028 0"><span class='ocrx_word' id='word_1_144' title='bbox 302 1050 390 1084; x_wconf 72' lang='lat' dir='ltr'>(irari</span> <span class='ocrx_word' id='word_1_145' title='bbox 404 1073 411 1081; x_wconf 86' lang='lat'><strong>.</strong></span> 
     </span>
    </p>

    <p class='ocr_par' dir='ltr' id='par_1_12' title="bbox 350 1098 1177 1145">
     <span class='ocr_line' id='line_1_21' title="bbox 350 1098 1177 1145; baseline -0.002 -12"><span class='ocrx_word' id='word_1_146' title='bbox 350 1098 549 1135; x_wconf 83' lang='lat' dir='ltr'>Tertulliani</span> <span class='ocrx_word' id='word_1_147' title='bbox 572 1100 668 1136; x_wconf 83' lang='lat' dir='ltr'>verba</span> <span class='ocrx_word' id='word_1_148' title='bbox 691 1125 702 1142; x_wconf 90' lang='lat'><strong>,</strong></span> <span class='ocrx_word' id='word_1_149' title='bbox 729 1102 819 1144; x_wconf 76' lang='lat' dir='ltr'>Apud</span> <span class='ocrx_word' id='word_1_150' title='bbox 846 1099 1058 1145; x_wconf 84' lang='lat' dir='ltr'>Romanensem</span> <span class='ocrx_word' id='word_1_151' title='bbox 1080 1100 1177 1133; x_wconf 83' lang='lat' dir='ltr'>Eccle-</span> 
     </span>
    </p>
   </div>
   <div class='ocr_carea' id='block_1_12' title="bbox 255 1146 1176 1194">
    <p class='ocr_par' dir='ltr' id='par_1_13' title="bbox 255 1146 1176 1194">
     <span class='ocr_line' id='line_1_22' title="bbox 255 1146 1176 1194; baseline -0.001 -11"><span class='ocrx_word' id='word_1_152' title='bbox 255 1146 263 1151; x_wconf 64' lang='grc'><strong><em>’</em></strong></span> <span class='ocrx_word' id='word_1_153' title='bbox 296 1148 370 1192; x_wconf 74' lang='lat' dir='ltr'>fiam</span> <span class='ocrx_word' id='word_1_154' title='bbox 384 1174 394 1190; x_wconf 93' lang='lat'>,</span> <span class='ocrx_word' id='word_1_155' title='bbox 420 1150 586 1185; x_wconf 84' lang='lat' dir='ltr'>adfirmare</span> <span class='ocrx_word' id='word_1_156' title='bbox 609 1153 762 1186; x_wconf 90' lang='lat' dir='ltr'>videntur</span> <span class='ocrx_word' id='word_1_157' title='bbox 772 1153 979 1186; x_wconf 85' lang='lat' dir='ltr'>Marcionem</span> <span class='ocrx_word' id='word_1_158' title='bbox 1000 1163 1078 1186; x_wconf 90' lang='lat' dir='ltr'>tunc</span> <span class='ocrx_word' id='word_1_159' title='bbox 1091 1150 1176 1194; x_wconf 75' lang='lat' dir='ltr'>prius</span> 
     </span>
    </p>
   </div>
   <div class='ocr_carea' id='block_1_13' title="bbox 125 1299 284 1334">
    <p class='ocr_par' dir='ltr' id='par_1_14' title="bbox 125 1299 284 1334">
     <span class='ocr_line' id='line_1_23' title="bbox 125 1299 284 1334; baseline 0.013 -6"><span class='ocrx_word' id='word_1_160' title='bbox 125 1299 155 1328; x_wconf 76' lang='lat'>1..</span> <span class='ocrx_word' id='word_1_161' title='bbox 167 1308 249 1334; x_wconf 73' lang='lat' dir='ltr'>4z.c·</span> <span class='ocrx_word' id='word_1_162' title='bbox 260 1309 284 1330; x_wconf 85' lang='lat'>1.</span> 
     </span>
    </p>
   </div>
   <div class='ocr_carea' id='block_1_14' title="bbox 290 1200 1184 3492">
    <p class='ocr_par' dir='ltr' id='par_1_15' title="bbox 290 1200 1184 3492">
     <span class='ocr_line' id='line_1_24' title="bbox 300 1200 1175 1242; baseline 0 -9"><span class='ocrx_word' id='word_1_163' title='bbox 300 1200 470 1235; x_wconf 67' lang='lat' dir='ltr'>credidisse</span> <span class='ocrx_word' id='word_1_164' title='bbox 492 1226 503 1242; x_wconf 94' lang='lat'>,</span> <span class='ocrx_word' id='word_1_165' title='bbox 538 1202 572 1235; x_wconf 89' lang='lat'>&amp;</span> <span class='ocrx_word' id='word_1_166' title='bbox 599 1211 693 1237; x_wconf 80' lang='lat' dir='ltr'>antea</span> <span class='ocrx_word' id='word_1_167' title='bbox 715 1213 783 1236; x_wconf 87' lang='lat' dir='ltr'>non</span> <span class='ocrx_word' id='word_1_168' title='bbox 815 1202 907 1236; x_wconf 73' lang='lat' dir='ltr'>fuisse</span> <span class='ocrx_word' id='word_1_169' title='bbox 933 1200 1175 1236; x_wconf 85' lang='lat' dir='ltr'>Christianum.</span> 
     </span>
     <span class='ocr_line' id='line_1_25' title="bbox 302 1249 1176 1296; baseline -0.002 -10"><span class='ocrx_word' id='word_1_170' title='bbox 302 1249 426 1286; x_wconf 72' lang='lat' dir='ltr'>Verum</span> <span class='ocrx_word' id='word_1_171' title='bbox 438 1251 538 1295; x_wconf 76' lang='lat' dir='ltr'>longe</span> <span class='ocrx_word' id='word_1_172' title='bbox 548 1252 642 1287; x_wconf 85' lang='lat' dir='ltr'>aliter</span> <span class='ocrx_word' id='word_1_173' title='bbox 652 1253 783 1286; x_wconf 73' lang='lat' dir='ltr'>Santstus</span> <span class='ocrx_word' id='word_1_174' title='bbox 795 1251 995 1296; x_wconf 85' lang='lat' dir='ltr'>Epiphanius</span> <span class='ocrx_word' id='word_1_175' title='bbox 1009 1266 1019 1286; x_wconf 89' lang='lat'><em>:</em></span> <span class='ocrx_word' id='word_1_176' title='bbox 1044 1255 1176 1284; x_wconf 81' lang='lat' dir='ltr'>Marcion</span> 
     </span>
     <span class='ocr_line' id='line_1_26' title="bbox 295 1300 1171 1345; baseline -0.001 -11"><span class='ocrx_word' id='word_1_177' title='bbox 295 1300 361 1343; x_wconf 66' lang='lat' dir='ltr'>fuit</span> <span class='ocrx_word' id='word_1_178' title='bbox 368 1312 475 1344; x_wconf 79' lang='lat' dir='ltr'>genere</span> <span class='ocrx_word' id='word_1_179' title='bbox 486 1304 627 1335; x_wconf 80' lang='lat' dir='ltr'>Ponticus</span> <span class='ocrx_word' id='word_1_180' title='bbox 641 1327 652 1342; x_wconf 86' lang='lat'><em>‚</em></span> <span class='ocrx_word' id='word_1_181' title='bbox 677 1314 714 1336; x_wconf 80' lang='lat' dir='ltr'>ex</span> <span class='ocrx_word' id='word_1_182' title='bbox 725 1313 760 1335; x_wconf 83' lang='lat' dir='ltr'>ea</span> <span class='ocrx_word' id='word_1_183' title='bbox 765 1311 854 1344; x_wconf 88' lang='lat' dir='ltr'>parte</span> <span class='ocrx_word' id='word_1_184' title='bbox 878 1315 945 1345; x_wconf 86' lang='lat' dir='ltr'>quae</span> <span class='ocrx_word' id='word_1_185' title='bbox 960 1304 1171 1345; x_wconf 71' lang='lat' dir='ltr'>Helenopontos</span> 
     </span>
     <span class='ocr_line' id='line_1_27' title="bbox 300 1353 1173 1395; baseline 0 -11"><span class='ocrx_word' id='word_1_186' title='bbox 300 1353 406 1386; x_wconf 74' lang='lat' dir='ltr'>dicitur</span> <span class='ocrx_word' id='word_1_187' title='bbox 427 1375 438 1391; x_wconf 91' lang='lat'>‚</span> <span class='ocrx_word' id='word_1_188' title='bbox 464 1354 569 1393; x_wconf 86' lang='lat' dir='ltr'>oppido</span> <span class='ocrx_word' id='word_1_189' title='bbox 586 1355 691 1392; x_wconf 79' lang='lat' dir='ltr'>synope</span> <span class='ocrx_word' id='word_1_190' title='bbox 712 1377 723 1392; x_wconf 88' lang='lat'>‚</span> <span class='ocrx_word' id='word_1_191' title='bbox 748 1354 993 1395; x_wconf 63' lang='lat' dir='ltr'>quemadmodum</span> <span class='ocrx_word' id='word_1_192' title='bbox 1017 1353 1173 1395; x_wconf 80' lang='lat' dir='ltr'>frequenti</span> 
     </span>
     <span class='ocr_line' id='line_1_28' title="bbox 300 1401 1170 1449; baseline -0.001 -14"><span class='ocrx_word' id='word_1_193' title='bbox 300 1403 337 1435; x_wconf 80' lang='lat' dir='ltr'>de</span> <span class='ocrx_word' id='word_1_194' title='bbox 348 1401 473 1442; x_wconf 86' lang='lat' dir='ltr'>eofama</span> <span class='ocrx_word' id='word_1_195' title='bbox 489 1402 673 1443; x_wconf 82' lang='lat' dir='ltr'>percrebuit.</span> <span class='ocrx_word' id='word_1_196' title='bbox 702 1405 859 1446; x_wconf 76' lang='lat' dir='ltr'>,Quiinitio</span> <span class='ocrx_word' id='word_1_197' title='bbox 879 1410 955 1437; x_wconf 80' lang='lat' dir='ltr'>vitae</span> <span class='ocrx_word' id='word_1_198' title='bbox 958 1405 1069 1449; x_wconf 85' lang='lat' dir='ltr'>scilicet</span> <span class='ocrx_word' id='word_1_199' title='bbox 1091 1402 1170 1443; x_wconf 79' lang='lat' dir='ltr'>casti-</span> 
     </span>
     <span class='ocr_line' id='line_1_29' title="bbox 296 1450 1169 1497; baseline -0.001 -12"><span class='ocrx_word' id='word_1_200' title='bbox 296 1460 463 1497; x_wconf 72' lang='lat' dir='ltr'>tatemprae</span> <span class='ocrx_word' id='word_1_201' title='bbox 469 1450 610 1494; x_wconf 65' lang='lat' dir='ltr'>scferens</span> <span class='ocrx_word' id='word_1_202' title='bbox 623 1477 633 1496; x_wconf 80' lang='lat'><em>,</em></span> <span class='ocrx_word' id='word_1_203' title='bbox 661 1452 868 1485; x_wconf 80' lang='lat' dir='ltr'>Monacborum</span> <span class='ocrx_word' id='word_1_204' title='bbox 879 1453 1011 1492; x_wconf 81' lang='lat' dir='ltr'>instituta</span> <span class='ocrx_word' id='word_1_205' title='bbox 1028 1452 1169 1496; x_wconf 80' lang='lat' dir='ltr'>profeffus</span> 
     </span>
     <span class='ocr_line' id='line_1_30' title="bbox 298 1501 1171 1546; baseline -0.002 -9"><span class='ocrx_word' id='word_1_206' title='bbox 298 1502 337 1543; x_wconf 81' lang='lat' dir='ltr'>est</span> <span class='ocrx_word' id='word_1_207' title='bbox 353 1527 366 1544; x_wconf 75' lang='grc'><em>,</em></span> <span class='ocrx_word' id='word_1_208' title='bbox 387 1509 513 1544; x_wconf 76' lang='lat' dir='ltr'>parente</span> <span class='ocrx_word' id='word_1_209' title='bbox 532 1510 625 1535; x_wconf 76' lang='lat' dir='ltr'>natm</span> <span class='ocrx_word' id='word_1_210' title='bbox 650 1501 811 1536; x_wconf 72' lang='lat' dir='ltr'>Catholicae</span> <span class='ocrx_word' id='word_1_211' title='bbox 831 1508 1035 1536; x_wconf 80' lang='lat' dir='ltr'>communionis</span> <span class='ocrx_word' id='word_1_212' title='bbox 1058 1502 1171 1546; x_wconf 58' lang='lat' dir='ltr'>Episco</span> 
     </span>
     <span class='ocr_line' id='line_1_31' title="bbox 294 1551 1172 1596; baseline 0 -10"><span class='ocrx_word' id='word_1_213' title='bbox 294 1562 348 1596; x_wconf 82' lang='lat' dir='ltr'>po.</span> <span class='ocrx_word' id='word_1_214' title='bbox 376 1551 475 1593; x_wconf 82' lang='lat' dir='ltr'>Post&#39;ca</span> <span class='ocrx_word' id='word_1_215' title='bbox 494 1563 558 1586; x_wconf 88' lang='lat' dir='ltr'>cum</span> <span class='ocrx_word' id='word_1_216' title='bbox 573 1556 723 1595; x_wconf 80' lang='lat' dir='ltr'>Virginem</span> <span class='ocrx_word' id='word_1_217' title='bbox 745 1554 906 1594; x_wconf 82' lang='lat' dir='ltr'>quamdam</span> <span class='ocrx_word' id='word_1_218' title='bbox 929 1553 1112 1596; x_wconf 82' lang='lat' dir='ltr'>adamasset,</span> <span class='ocrx_word' id='word_1_219' title='bbox 1137 1565 1172 1586; x_wconf 89' lang='lat' dir='ltr'>ac</span> 
     </span>
     <span class='ocr_line' id='line_1_32' title="bbox 290 1600 1169 1646; baseline -0.002 -10"><span class='ocrx_word' id='word_1_220' title='bbox 290 1602 458 1646; x_wconf 75' lang='lat' dir='ltr'>fraudibus</span> <span class='ocrx_word' id='word_1_221' title='bbox 465 1602 625 1645; x_wconf 72' lang='lat' dir='ltr'>pellexiffi’t</span> <span class='ocrx_word' id='word_1_222' title='bbox 637 1626 647 1645; x_wconf 81' lang='lat'>‚</span> <span class='ocrx_word' id='word_1_223' title='bbox 672 1604 692 1634; x_wconf 64' lang='lat' dir='ltr'>a*</span> <span class='ocrx_word' id='word_1_224' title='bbox 700 1600 753 1645; x_wconf 84' lang='lat' dir='ltr'>spe</span> <span class='ocrx_word' id='word_1_225' title='bbox 765 1607 839 1635; x_wconf 80' lang='lat' dir='ltr'>vitae</span> <span class='ocrx_word' id='word_1_226' title='bbox 854 1602 972 1642; x_wconf 61' lang='lat' dir='ltr'>coelestn</span> <span class='ocrx_word' id='word_1_227' title='bbox 984 1603 1066 1636; x_wconf 83' lang='lat' dir='ltr'>illam</span> <span class='ocrx_word' id='word_1_228' title='bbox 1072 1605 1169 1643; x_wconf 82' lang='lat' dir='ltr'>juxta</span> 
     </span>
     <span class='ocr_line' id='line_1_33' title="bbox 295 1650 1170 1696; baseline -0.002 -10"><span class='ocrx_word' id='word_1_229' title='bbox 295 1664 332 1686; x_wconf 86' lang='lat' dir='ltr'>ac</span> <span class='ocrx_word' id='word_1_230' title='bbox 356 1650 541 1696; x_wconf 80' lang='lat' dir='ltr'>semetipsum</span> <span class='ocrx_word' id='word_1_231' title='bbox 571 1653 676 1692; x_wconf 83' lang='lat' dir='ltr'>dejecit</span> <span class='ocrx_word' id='word_1_232' title='bbox 699 1677 706 1684; x_wconf 88' lang='lat'><strong>.</strong></span> <span class='ocrx_word' id='word_1_233' title='bbox 744 1653 788 1684; x_wconf 89' lang='lat' dir='ltr'>Ob</span> <span class='ocrx_word' id='word_1_234' title='bbox 809 1652 885 1685; x_wconf 87' lang='lat' dir='ltr'>bunc</span> <span class='ocrx_word' id='word_1_235' title='bbox 917 1658 1007 1696; x_wconf 81' lang='lat' dir='ltr'>igitur</span> <span class='ocrx_word' id='word_1_236' title='bbox 1027 1652 1170 1691; x_wconf 83' lang='lat' dir='ltr'>incoestum</span> 
     </span>
     <span class='ocr_line' id='line_1_34' title="bbox 295 1700 1170 1748; baseline -0.002 -12"><span class='ocrx_word' id='word_1_237' title='bbox 295 1700 422 1744; x_wconf 73' lang='lat' dir='ltr'>Ecclesia</span> <span class='ocrx_word' id='word_1_238' title='bbox 433 1702 471 1735; x_wconf 80' lang='lat' dir='ltr'>ab</span> <span class='ocrx_word' id='word_1_239' title='bbox 491 1700 689 1748; x_wconf 75' lang='lat' dir='ltr'>lpfhparente</span> <span class='ocrx_word' id='word_1_240' title='bbox 704 1700 813 1745; x_wconf 87' lang='lat' dir='ltr'>pulsus</span> <span class='ocrx_word' id='word_1_241' title='bbox 834 1702 873 1743; x_wconf 84' lang='lat' dir='ltr'>est</span> <span class='ocrx_word' id='word_1_242' title='bbox 883 1727 893 1743; x_wconf 93' lang='lat'>,</span> <span class='ocrx_word' id='word_1_243' title='bbox 920 1707 985 1736; x_wconf 84' lang='lat' dir='ltr'>viro</span> <span class='ocrx_word' id='word_1_244' title='bbox 1002 1707 1170 1748; x_wconf 84' lang='lat' dir='ltr'>cumprimls</span> 
     </span>
     <span class='ocr_line' id='line_1_35' title="bbox 292 1750 1170 1796; baseline -0.003 -10"><span class='ocrx_word' id='word_1_245' title='bbox 292 1750 421 1796; x_wconf 74' lang='lat' dir='ltr'>religioso</span> <span class='ocrx_word' id='word_1_246' title='bbox 434 1776 444 1792; x_wconf 87' lang='lat'><strong>,</strong></span> <span class='ocrx_word' id='word_1_247' title='bbox 468 1763 503 1784; x_wconf 87' lang='lat' dir='ltr'>ac</span> <span class='ocrx_word' id='word_1_248' title='bbox 524 1757 665 1785; x_wconf 77' lang='lat' dir='ltr'>veritatis</span> <span class='ocrx_word' id='word_1_249' title='bbox 687 1763 784 1785; x_wconf 79' lang='lat' dir='ltr'>amore</span> <span class='ocrx_word' id='word_1_250' title='bbox 803 1751 1022 1795; x_wconf 77' lang='lat' dir='ltr'>flagrantiffimo</span> <span class='ocrx_word' id='word_1_251' title='bbox 1047 1776 1058 1793; x_wconf 86' lang='lat'><em>,</em></span> <span class='ocrx_word' id='word_1_252' title='bbox 1082 1753 1118 1786; x_wconf 66' lang='grc' dir='ltr'>έΐ</span> <span class='ocrx_word' id='word_1_253' title='bbox 1138 1757 1170 1784; x_wconf 80' lang='lat' dir='ltr'>in</span> 
     </span>
     <span class='ocr_line' id='line_1_36' title="bbox 294 1799 1169 1845; baseline -0.003 -9"><span class='ocrx_word' id='word_1_254' title='bbox 294 1802 351 1836; x_wconf 85' lang='lat' dir='ltr'>bac</span> <span class='ocrx_word' id='word_1_255' title='bbox 362 1799 548 1845; x_wconf 61' lang='lat' dir='ltr'>episcopalis</span> <span class='ocrx_word' id='word_1_256' title='bbox 565 1808 700 1838; x_wconf 74' lang='lat' dir='ltr'>muneris</span> <span class='ocrx_word' id='word_1_257' title='bbox 722 1801 974 1841; x_wconf 78' lang='lat' dir='ltr'>administratione</span> <span class='ocrx_word' id='word_1_258' title='bbox 993 1802 1169 1844; x_wconf 78' lang='lat' dir='ltr'>praestanti.</span> 
     </span>
     <span class='ocr_line' id='line_1_37' title="bbox 293 1850 1172 1896; baseline -0.001 -11"><span class='ocrx_word' id='word_1_259' title='bbox 293 1857 356 1892; x_wconf 64' lang='lat' dir='ltr'>Cui</span> <span class='ocrx_word' id='word_1_260' title='bbox 375 1863 440 1886; x_wconf 87' lang='lat' dir='ltr'>cum</span> <span class='ocrx_word' id='word_1_261' title='bbox 474 1854 606 1886; x_wconf 75' lang='lat' dir='ltr'>Marcion</span> <span class='ocrx_word' id='word_1_262' title='bbox 628 1853 679 1889; x_wconf 80' lang='lat' dir='ltr'>diu</span> <span class='ocrx_word' id='word_1_263' title='bbox 698 1854 877 1895; x_wconf 79' lang='lat' dir='ltr'>multumque</span> <span class='ocrx_word' id='word_1_264' title='bbox 893 1850 1078 1896; x_wconf 76' lang='lat' dir='ltr'>supplicasset</span> <span class='ocrx_word' id='word_1_265' title='bbox 1101 1875 1112 1892; x_wconf 84' lang='lat'>‚</span> <span class='ocrx_word' id='word_1_266' title='bbox 1137 1863 1172 1885; x_wconf 89' lang='lat' dir='ltr'>ac</span> 
     </span>
     <span class='ocr_line' id='line_1_38' title="bbox 291 1902 1172 1948; baseline -0.002 -12"><span class='ocrx_word' id='word_1_267' title='bbox 291 1902 672 1948; x_wconf 75' lang='lat' dir='ltr'>poenitentiampostulasjet</span> <span class='ocrx_word' id='word_1_268' title='bbox 681 1928 693 1945; x_wconf 93' lang='lat'><strong><em>,</em></strong></span> <span class='ocrx_word' id='word_1_269' title='bbox 718 1903 795 1936; x_wconf 87' lang='lat' dir='ltr'>hanc</span> <span class='ocrx_word' id='word_1_270' title='bbox 811 1905 831 1935; x_wconf 77' lang='grc' dir='ltr'><em>ἃ</em></span> <span class='ocrx_word' id='word_1_271' title='bbox 844 1905 935 1935; x_wconf 83' lang='lat' dir='ltr'>Patre</span> <span class='ocrx_word' id='word_1_272' title='bbox 949 1903 1085 1945; x_wconf 79' lang='lat' dir='ltr'>precibus</span> <span class='ocrx_word' id='word_1_273' title='bbox 1109 1902 1172 1935; x_wconf 85' lang='lat' dir='ltr'>nul-</span> 
     </span>
     <span class='ocr_line' id='line_1_39' title="bbox 294 1953 1173 1996; baseline -0.003 -8"><span class='ocrx_word' id='word_1_274' title='bbox 294 1955 334 1988; x_wconf 84' lang='lat' dir='ltr'>lis</span> <span class='ocrx_word' id='word_1_275' title='bbox 355 1953 481 1986; x_wconf 74' lang='lat' dir='ltr'>obtinuit</span> <span class='ocrx_word' id='word_1_276' title='bbox 503 1977 510 1984; x_wconf 88' lang='lat'><strong>.</strong></span> <span class='ocrx_word' id='word_1_277' title='bbox 536 1954 741 1987; x_wconf 72' lang='lat' dir='ltr'>Vehementem</span> <span class='ocrx_word' id='word_1_278' title='bbox 753 1953 898 1996; x_wconf 70' lang='lat' dir='ltr'>siquidem</span> <span class='ocrx_word' id='word_1_279' title='bbox 925 1963 963 1985; x_wconf 87' lang='lat' dir='ltr'>ex</span> <span class='ocrx_word' id='word_1_280' title='bbox 986 1964 1021 1987; x_wconf 85' lang='lat' dir='ltr'>ea</span> <span class='ocrx_word' id='word_1_281' title='bbox 1040 1964 1073 1988; x_wconf 81' lang='lat' dir='ltr'>rc</span> <span class='ocrx_word' id='word_1_282' title='bbox 1097 1953 1173 1986; x_wconf 84' lang='lat' dir='ltr'>dolo·</span> 
     </span>
     <span class='ocr_line' id='line_1_40' title="bbox 294 2001 1172 2047; baseline 0.001 -11"><span class='ocrx_word' id='word_1_283' title='bbox 294 2015 358 2041; x_wconf 78' lang='lat' dir='ltr'>rem</span> <span class='ocrx_word' id='word_1_284' title='bbox 369 2008 490 2045; x_wconf 76' lang='lat' dir='ltr'>optimus</span> <span class='ocrx_word' id='word_1_285' title='bbox 501 2001 592 2044; x_wconf 60' lang='lat' dir='ltr'>senex</span> <span class='ocrx_word' id='word_1_286' title='bbox 616 2005 650 2037; x_wconf 62' lang='grc' dir='ltr'>Θ</span> <span class='ocrx_word' id='word_1_287' title='bbox 671 2002 831 2046; x_wconf 78' lang='lat' dir='ltr'><em>Episcopus</em></span> <span class='ocrx_word' id='word_1_288' title='bbox 854 2012 991 2045; x_wconf 81' lang='lat' dir='ltr'>ceperat,</span> <span class='ocrx_word' id='word_1_289' title='bbox 1017 2005 1098 2047; x_wconf 82' lang='lat' dir='ltr'>quod</span> <span class='ocrx_word' id='word_1_290' title='bbox 1114 2015 1172 2037; x_wconf 85' lang='lat' dir='ltr'>non</span> 
     </span>
     <span class='ocr_line' id='line_1_41' title="bbox 295 2051 1172 2097; baseline 0.001 -11"><span class='ocrx_word' id='word_1_291' title='bbox 295 2052 444 2096; x_wconf 72' lang='lat' dir='ltr'>illesolicm</span> <span class='ocrx_word' id='word_1_292' title='bbox 456 2053 622 2097; x_wconf 78' lang='lat' dir='ltr'>excidisset,</span> <span class='ocrx_word' id='word_1_293' title='bbox 644 2051 702 2096; x_wconf 85' lang='lat' dir='ltr'>sed</span> <span class='ocrx_word' id='word_1_294' title='bbox 723 2055 957 2097; x_wconf 69' lang='lat' dir='ltr'>&amp;ignominiam</span> <span class='ocrx_word' id='word_1_295' title='bbox 962 2053 1019 2095; x_wconf 85' lang='lat' dir='ltr'>fibi</span> <span class='ocrx_word' id='word_1_296' title='bbox 1031 2066 1065 2087; x_wconf 91' lang='lat' dir='ltr'>ac</span> <span class='ocrx_word' id='word_1_297' title='bbox 1087 2055 1172 2087; x_wconf 83' lang='lat' dir='ltr'>dede-</span> 
     </span>
     <span class='ocr_line' id='line_1_42' title="bbox 295 2101 1172 2147; baseline 0 -11"><span class='ocrx_word' id='word_1_298' title='bbox 295 2115 344 2136; x_wconf 84' lang='lat' dir='ltr'>cus</span> <span class='ocrx_word' id='word_1_299' title='bbox 356 2101 548 2146; x_wconf 66' lang='lat' dir='ltr'>mposuffrt.</span> <span class='ocrx_word' id='word_1_300' title='bbox 576 2107 658 2147; x_wconf 87' lang='lat' dir='ltr'>Ergo</span> <span class='ocrx_word' id='word_1_301' title='bbox 680 2103 730 2136; x_wconf 76' lang='lat' dir='ltr'>ubi</span> <span class='ocrx_word' id='word_1_302' title='bbox 741 2106 829 2136; x_wconf 85' lang='lat' dir='ltr'>nullis</span> <span class='ocrx_word' id='word_1_303' title='bbox 847 2102 1003 2147; x_wconf 76' lang='lat' dir='ltr'>scartibus</span> <span class='ocrx_word' id='word_1_304' title='bbox 1023 2104 1172 2137; x_wconf 80' lang='lat' dir='ltr'>eblandiri</span> 
     </span>
     <span class='ocr_line' id='line_1_43' title="bbox 291 2152 1169 2197; baseline -0.001 -10"><span class='ocrx_word' id='word_1_305' title='bbox 291 2154 369 2197; x_wconf 82' lang='lat' dir='ltr'>poffe</span> <span class='ocrx_word' id='word_1_306' title='bbox 388 2154 467 2195; x_wconf 85' lang='lat' dir='ltr'>quod</span> <span class='ocrx_word' id='word_1_307' title='bbox 485 2161 603 2194; x_wconf 81' lang='lat' dir='ltr'>cuperet</span> <span class='ocrx_word' id='word_1_308' title='bbox 622 2155 843 2188; x_wconf 75' lang='lat' dir='ltr'>animadvertit</span> <span class='ocrx_word' id='word_1_309' title='bbox 863 2179 874 2195; x_wconf 95' lang='lat'>‚</span> <span class='ocrx_word' id='word_1_310' title='bbox 897 2156 1084 2197; x_wconf 78' lang='lat' dir='ltr'>popularium</span> <span class='ocrx_word' id='word_1_311' title='bbox 1111 2152 1169 2196; x_wconf 78' lang='lat' dir='ltr'>suo-</span> 
     </span>
     <span class='ocr_line' id='line_1_44' title="bbox 296 2203 1173 2247; baseline -0.001 -10"><span class='ocrx_word' id='word_1_312' title='bbox 296 2215 360 2237; x_wconf 87' lang='lat' dir='ltr'>rum</span> <span class='ocrx_word' id='word_1_313' title='bbox 378 2203 488 2244; x_wconf 80' lang='lat' dir='ltr'>probra</span> <span class='ocrx_word' id='word_1_314' title='bbox 499 2203 672 2236; x_wconf 70' lang='lat' dir='ltr'>acladibria</span> <span class='ocrx_word' id='word_1_315' title='bbox 694 2203 898 2247; x_wconf 82' lang='lat' dir='ltr'>nonsustinens</span> <span class='ocrx_word' id='word_1_316' title='bbox 911 2230 922 2245; x_wconf 94' lang='lat'><strong><em>,</em></strong></span> <span class='ocrx_word' id='word_1_317' title='bbox 946 2206 1023 2238; x_wconf 63' lang='lat' dir='ltr'>clam</span> <span class='ocrx_word' id='word_1_318' title='bbox 1040 2205 1079 2238; x_wconf 81' lang='lat' dir='ltr'>ab</span> <span class='ocrx_word' id='word_1_319' title='bbox 1091 2210 1173 2246; x_wconf 83' lang='lat' dir='ltr'>oppi-</span> 
     </span>
     <span class='ocr_line' id='line_1_45' title="bbox 297 2252 1173 2299; baseline -0.001 -12"><span class='ocrx_word' id='word_1_320' title='bbox 297 2255 334 2287; x_wconf 83' lang='lat' dir='ltr'>do</span> <span class='ocrx_word' id='word_1_321' title='bbox 354 2252 453 2297; x_wconf 71' lang='lat' dir='ltr'>secessit</span> <span class='ocrx_word' id='word_1_322' title='bbox 477 2278 486 2292; x_wconf 89' lang='lat'>‚</span> <span class='ocrx_word' id='word_1_323' title='bbox 512 2266 547 2286; x_wconf 86' lang='lat' dir='ltr'>ac</span> <span class='ocrx_word' id='word_1_324' title='bbox 568 2257 692 2286; x_wconf 79' lang='lat' dir='ltr'>Romam</span> <span class='ocrx_word' id='word_1_325' title='bbox 721 2254 783 2296; x_wconf 84' lang='lat' dir='ltr'>post</span> <span class='ocrx_word' id='word_1_326' title='bbox 807 2258 912 2299; x_wconf 77' lang='lat' dir='ltr'>Hygini</span> <span class='ocrx_word' id='word_1_327' title='bbox 935 2258 1031 2297; x_wconf 78' lang='lat' dir='ltr'>Papae</span> <span class='ocrx_word' id='word_1_328' title='bbox 1064 2254 1173 2287; x_wconf 77' lang='lat' dir='ltr'>obitum</span> 
     </span>
     <span class='ocr_line' id='line_1_46' title="bbox 294 2302 1177 2348; baseline -0.001 -11"><span class='ocrx_word' id='word_1_329' title='bbox 294 2302 359 2348; x_wconf 78' lang='lat' dir='ltr'>sese</span> <span class='ocrx_word' id='word_1_330' title='bbox 376 2304 514 2335; x_wconf 82' lang='lat' dir='ltr'>contulit.</span> <span class='ocrx_word' id='word_1_331' title='bbox 543 2305 590 2335; x_wconf 87' lang='lat' dir='ltr'>Eo</span> <span class='ocrx_word' id='word_1_332' title='bbox 607 2303 712 2341; x_wconf 80' lang='lat' dir='ltr'>statim</span> <span class='ocrx_word' id='word_1_333' title='bbox 729 2316 763 2336; x_wconf 87' lang='lat' dir='ltr'>ac</span> <span class='ocrx_word' id='word_1_334' title='bbox 786 2308 917 2337; x_wconf 75' lang='lat' dir='ltr'>Marcion</span> <span class='ocrx_word' id='word_1_335' title='bbox 935 2311 1075 2346; x_wconf 81' lang='lat' dir='ltr'>pervenit</span> <span class='ocrx_word' id='word_1_336' title='bbox 1094 2329 1104 2345; x_wconf 89' lang='lat'>,</span> <span class='ocrx_word' id='word_1_337' title='bbox 1132 2305 1177 2337; x_wconf 84' lang='lat' dir='ltr'>ad</span> 
     </span>
     <span class='ocr_line' id='line_1_47' title="bbox 299 2353 1173 2396; baseline -0.002 -8"><span class='ocrx_word' id='word_1_338' title='bbox 299 2357 433 2388; x_wconf 80' lang='lat' dir='ltr'>5em&#39;ores</span> <span class='ocrx_word' id='word_1_339' title='bbox 455 2353 558 2386; x_wconf 80' lang='lat' dir='ltr'>adiens</span> <span class='ocrx_word' id='word_1_340' title='bbox 571 2375 581 2391; x_wconf 93' lang='lat'>‚</span> <span class='ocrx_word' id='word_1_341' title='bbox 605 2359 656 2394; x_wconf 89' lang='lat' dir='ltr'>qui</span> <span class='ocrx_word' id='word_1_342' title='bbox 668 2353 706 2384; x_wconf 82' lang='lat' dir='ltr'>ab</span> <span class='ocrx_word' id='word_1_343' title='bbox 721 2353 910 2394; x_wconf 82' lang='lat' dir='ltr'>Apostolorum</span> <span class='ocrx_word' id='word_1_344' title='bbox 932 2353 1083 2396; x_wconf 75' lang='lat' dir='ltr'>discipulis</span> <span class='ocrx_word' id='word_1_345' title='bbox 1108 2356 1173 2387; x_wconf 81' lang='lat' dir='ltr'>edo-</span> 
     </span>
     <span class='ocr_line' id='line_1_48' title="bbox 299 2402 1175 2445; baseline -0.003 -8"><span class='ocrx_word' id='word_1_346' title='bbox 299 2405 339 2437; x_wconf 67' lang='grc' dir='ltr'>έῖὶ</span> <span class='ocrx_word' id='word_1_347' title='bbox 361 2402 456 2439; x_wconf 78' lang='lat' dir='ltr'>adhuc</span> <span class='ocrx_word' id='word_1_348' title='bbox 474 2402 648 2445; x_wconf 55' lang='lat' dir='ltr'>supererant</span> <span class='ocrx_word' id='word_1_349' title='bbox 673 2427 683 2443; x_wconf 88' lang='lat'>,</span> <span class='ocrx_word' id='word_1_350' title='bbox 707 2413 741 2436; x_wconf 89' lang='lat' dir='ltr'>ut</span> <span class='ocrx_word' id='word_1_351' title='bbox 762 2409 794 2436; x_wconf 87' lang='lat' dir='ltr'>in</span> <span class='ocrx_word' id='word_1_352' title='bbox 817 2410 1044 2436; x_wconf 80' lang='lat' dir='ltr'>communionem</span> <span class='ocrx_word' id='word_1_353' title='bbox 1065 2404 1175 2435; x_wconf 82' lang='lat' dir='ltr'>admit-</span> 
     </span>
     <span class='ocr_line' id='line_1_49' title="bbox 300 2452 1173 2496; baseline 0 -9"><span class='ocrx_word' id='word_1_354' title='bbox 300 2463 420 2494; x_wconf 75' lang='lat' dir='ltr'>teretur,</span> <span class='ocrx_word' id='word_1_355' title='bbox 431 2453 469 2486; x_wconf 79' lang='lat' dir='ltr'>ab</span> <span class='ocrx_word' id='word_1_356' title='bbox 484 2458 520 2485; x_wconf 79' lang='lat' dir='ltr'>iis</span> <span class='ocrx_word' id='word_1_357' title='bbox 526 2452 641 2494; x_wconf 82' lang='lat' dir='ltr'>frustra</span> <span class='ocrx_word' id='word_1_358' title='bbox 646 2459 734 2495; x_wconf 80' lang='lat' dir='ltr'>petit.</span> <span class='ocrx_word' id='word_1_359' title='bbox 761 2454 960 2496; x_wconf 73' lang='lat' dir='ltr'>,Quamobrem</span> <span class='ocrx_word' id='word_1_360' title='bbox 970 2453 1173 2494; x_wconf 76' lang='lat' dir='ltr'>exstimulatus</span> 
     </span>
     <span class='ocr_line' id='line_1_50' title="bbox 298 2504 1175 2545; baseline -0.002 -7"><span class='ocrx_word' id='word_1_361' title='bbox 298 2505 420 2538; x_wconf 79' lang='lat' dir='ltr'>invidia</span> <span class='ocrx_word' id='word_1_362' title='bbox 439 2527 450 2543; x_wconf 84' lang='lat'><strong>,</strong></span> <span class='ocrx_word' id='word_1_363' title='bbox 483 2504 563 2545; x_wconf 79' lang='lat' dir='ltr'>quod</span> <span class='ocrx_word' id='word_1_364' title='bbox 581 2514 638 2535; x_wconf 90' lang='lat' dir='ltr'>non</span> <span class='ocrx_word' id='word_1_365' title='bbox 661 2506 828 2543; x_wconf 73' lang='lat' dir='ltr'>Principem</span> <span class='ocrx_word' id='word_1_366' title='bbox 850 2505 910 2536; x_wconf 89' lang='lat' dir='ltr'>illic</span> <span class='ocrx_word' id='word_1_367' title='bbox 931 2506 1020 2537; x_wconf 82' lang='lat' dir='ltr'>locum</span> <span class='ocrx_word' id='word_1_368' title='bbox 1043 2529 1054 2544; x_wconf 87' lang='lat'>,</span> <span class='ocrx_word' id='word_1_369' title='bbox 1079 2515 1112 2537; x_wconf 84' lang='lat' dir='ltr'>ac</span> <span class='ocrx_word' id='word_1_370' title='bbox 1139 2515 1175 2536; x_wconf 81' lang='lat' dir='ltr'>ne</span> 
     </span>
     <span class='ocr_line' id='line_1_51' title="bbox 301 2551 1176 2597; baseline -0.003 -9"><span class='ocrx_word' id='word_1_371' title='bbox 301 2551 434 2594; x_wconf 79' lang='lat' dir='ltr'>Ecclefiae</span> <span class='ocrx_word' id='word_1_372' title='bbox 450 2554 567 2594; x_wconf 64' lang='lat' dir='ltr'>quide-in</span> <span class='ocrx_word' id='word_1_373' title='bbox 590 2554 707 2585; x_wconf 78' lang='lat' dir='ltr'>aditum</span> <span class='ocrx_word' id='word_1_374' title='bbox 732 2554 909 2597; x_wconf 76' lang='lat' dir='ltr'>impetraffet</span> <span class='ocrx_word' id='word_1_375' title='bbox 920 2577 930 2592; x_wconf 86' lang='lat'>,</span> <span class='ocrx_word' id='word_1_376' title='bbox 958 2555 1002 2585; x_wconf 88' lang='lat' dir='ltr'>ad</span> <span class='ocrx_word' id='word_1_377' title='bbox 1019 2553 1176 2595; x_wconf 80' lang='lat' dir='ltr'>impostoris</span> 
     </span>
     <span class='ocr_line' id='line_1_52' title="bbox 300 2601 1174 2646; baseline -0.002 -10"><span class='ocrx_word' id='word_1_378' title='bbox 300 2605 446 2638; x_wconf 74' lang='lat' dir='ltr'>cerdonis</span> <span class='ocrx_word' id='word_1_379' title='bbox 483 2601 602 2642; x_wconf 65' lang='lat' dir='ltr'>haeresin</span> <span class='ocrx_word' id='word_1_380' title='bbox 639 2602 787 2646; x_wconf 83' lang='lat' dir='ltr'><em>confugere</em></span> <span class='ocrx_word' id='word_1_381' title='bbox 818 2610 851 2635; x_wconf 77' lang='lat' dir='ltr'>in</span> <span class='ocrx_word' id='word_1_382' title='bbox 876 2608 1008 2635; x_wconf 77' lang='lat' dir='ltr'>animum</span> <span class='ocrx_word' id='word_1_383' title='bbox 1033 2605 1174 2636; x_wconf 79' lang='lat' dir='ltr'>induxit.</span> 
     </span>
     <span class='ocr_line' id='line_1_53' title="bbox 300 2651 1177 2696; baseline -0.005 -6"><span class='ocrx_word' id='word_1_384' title='bbox 300 2654 384 2690; x_wconf 84' lang='lat' dir='ltr'>Non</span> <span class='ocrx_word' id='word_1_385' title='bbox 406 2653 575 2686; x_wconf 85' lang='lat' dir='ltr'>dumtaxat</span> <span class='ocrx_word' id='word_1_386' title='bbox 588 2652 739 2695; x_wconf 85' lang='lat' dir='ltr'>Episcopi</span> <span class='ocrx_word' id='word_1_387' title='bbox 764 2651 890 2692; x_wconf 89' lang='lat' dir='ltr'>filium,</span> <span class='ocrx_word' id='word_1_388' title='bbox 919 2653 971 2686; x_wconf 88' lang='lat' dir='ltr'>sed</span> <span class='ocrx_word' id='word_1_389' title='bbox 998 2654 1031 2686; x_wconf 72' lang='grc' dir='ltr'>ὅ(</span> <span class='ocrx_word' id='word_1_390' title='bbox 1046 2654 1177 2696; x_wconf 85' lang='lat' dir='ltr'>Episco-</span> 
     </span>
     <span class='ocr_line' id='line_1_54' title="bbox 301 2702 1177 2748; baseline -0.002 -10"><span class='ocrx_word' id='word_1_391' title='bbox 301 2715 381 2748; x_wconf 86' lang='lat' dir='ltr'>pum</span> <span class='ocrx_word' id='word_1_392' title='bbox 403 2702 495 2737; x_wconf 67' lang='lat' dir='ltr'>fuiffe</span> <span class='ocrx_word' id='word_1_393' title='bbox 516 2702 664 2738; x_wconf 81' lang='lat' dir='ltr'>adfirmat</span> <span class='ocrx_word' id='word_1_394' title='bbox 682 2703 817 2737; x_wconf 66' lang='lat' dir='ltr'>Sanetus</span> <span class='ocrx_word' id='word_1_395' title='bbox 838 2706 978 2745; x_wconf 84' lang='lat' dir='ltr'>Optatus</span> <span class='ocrx_word' id='word_1_396' title='bbox 997 2703 1177 2745; x_wconf 86' lang='lat' dir='ltr'>Episcopus</span> 
     </span>
     <span class='ocr_line' id='line_1_55' title="bbox 300 2751 1170 2800; baseline -0.005 -11"><span class='ocrx_word' id='word_1_397' title='bbox 300 2754 516 2789; x_wconf 79' lang='lat' dir='ltr'>Mileviranus</span> <span class='ocrx_word' id='word_1_398' title='bbox 536 2777 543 2785; x_wconf 93' lang='lat'><strong>.</strong></span> <span class='ocrx_word' id='word_1_399' title='bbox 571 2751 676 2800; x_wconf 85' lang='lat' dir='ltr'>Qod</span> <span class='ocrx_word' id='word_1_400' title='bbox 699 2753 802 2795; x_wconf 86' lang='lat' dir='ltr'>ipsum</span> <span class='ocrx_word' id='word_1_401' title='bbox 826 2754 970 2786; x_wconf 86' lang='lat' dir='ltr'>innuunt</span> <span class='ocrx_word' id='word_1_402' title='bbox 995 2751 1170 2796; x_wconf 83' lang='lat' dir='ltr'>Epiphanii</span> 
     </span>
     <span class='ocr_line' id='line_1_56' title="bbox 303 2803 1177 2844; baseline -0.003 -5"><span class='ocrx_word' id='word_1_403' title='bbox 303 2804 417 2839; x_wconf 81' lang='lat' dir='ltr'>verba:</span> <span class='ocrx_word' id='word_1_404' title='bbox 446 2808 518 2836; x_wconf 77' lang='lat' dir='ltr'>Non</span> <span class='ocrx_word' id='word_1_405' title='bbox 527 2807 700 2844; x_wconf 83' lang='lat' dir='ltr'>impetravit</span> <span class='ocrx_word' id='word_1_406' title='bbox 713 2805 880 2844; x_wconf 75' lang='lat' dir='ltr'>Principem</span> <span class='ocrx_word' id='word_1_407' title='bbox 891 2805 980 2835; x_wconf 87' lang='lat' dir='ltr'>locum</span> <span class='ocrx_word' id='word_1_408' title='bbox 995 2827 1004 2842; x_wconf 91' lang='lat'>,</span> <span class='ocrx_word' id='word_1_409' title='bbox 1031 2803 1083 2837; x_wconf 88' lang='lat' dir='ltr'>seu</span> <span class='ocrx_word' id='word_1_410' title='bbox 1101 2803 1177 2836; x_wconf 45' lang='lat' dir='ltr'>Praef</span> 
     </span>
     <span class='ocr_line' id='line_1_57' title="bbox 302 2852 1179 2899; baseline -0.005 -10"><span class='ocrx_word' id='word_1_411' title='bbox 302 2854 491 2889; x_wconf 70' lang='lat' dir='ltr'>fidentiam.</span> <span class='ocrx_word' id='word_1_412' title='bbox 519 2852 653 2899; x_wconf 80' lang='lat' dir='ltr'>Qodli</span> <span class='ocrx_word' id='word_1_413' title='bbox 669 2863 778 2885; x_wconf 90' lang='lat' dir='ltr'>verum</span> <span class='ocrx_word' id='word_1_414' title='bbox 802 2852 862 2892; x_wconf 83' lang='lat' dir='ltr'>fit,</span> <span class='ocrx_word' id='word_1_415' title='bbox 890 2853 1042 2887; x_wconf 82' lang='lat' dir='ltr'>existimo</span> <span class='ocrx_word' id='word_1_416' title='bbox 1065 2854 1179 2886; x_wconf 83' lang='lat' dir='ltr'>nativae</span> 
     </span>
     <span class='ocr_line' id='line_1_58' title="bbox 304 2902 1177 2950; baseline -0.002 -12"><span class='ocrx_word' id='word_1_417' title='bbox 304 2903 501 2950; x_wconf 75' lang='lat' dir='ltr'>Synopenfis</span> <span class='ocrx_word' id='word_1_418' title='bbox 511 2902 654 2936; x_wconf 85' lang='lat' dir='ltr'>civitatis</span> <span class='ocrx_word' id='word_1_419' title='bbox 669 2902 761 2935; x_wconf 71' lang='lat' dir='ltr'>fuisse</span> <span class='ocrx_word' id='word_1_420' title='bbox 777 2903 974 2946; x_wconf 87' lang='lat' dir='ltr'>Episcopum</span> <span class='ocrx_word' id='word_1_421' title='bbox 989 2927 1000 2942; x_wconf 94' lang='lat'><em>‚</em></span> <span class='ocrx_word' id='word_1_422' title='bbox 1025 2912 1121 2946; x_wconf 87' lang='lat' dir='ltr'>atque</span> <span class='ocrx_word' id='word_1_423' title='bbox 1133 2903 1177 2936; x_wconf 90' lang='lat' dir='ltr'>ita</span> 
     </span>
     <span class='ocr_line' id='line_1_59' title="bbox 306 2950 1179 2997; baseline 0.001 -12"><span class='ocrx_word' id='word_1_424' title='bbox 306 2953 420 2994; x_wconf 83' lang='lat' dir='ltr'>Pater,</span> <span class='ocrx_word' id='word_1_425' title='bbox 447 2951 608 2997; x_wconf 88' lang='lat' dir='ltr'>quiillum</span> <span class='ocrx_word' id='word_1_426' title='bbox 622 2950 721 2997; x_wconf 85' lang='lat' dir='ltr'>gradu</span> <span class='ocrx_word' id='word_1_427' title='bbox 745 2953 1027 2988; x_wconf 84' lang='lat' dir='ltr'>&amp;communione</span> <span class='ocrx_word' id='word_1_428' title='bbox 1053 2952 1179 2993; x_wconf 82' lang='lat' dir='ltr'>movit,</span> 
     </span>
     <span class='ocr_line' id='line_1_60' title="bbox 303 3002 1179 3046; baseline 0.001 -12"><span class='ocrx_word' id='word_1_429' title='bbox 303 3003 369 3035; x_wconf 78' lang='lat' dir='ltr'>effe</span> <span class='ocrx_word' id='word_1_430' title='bbox 390 3003 502 3036; x_wconf 86' lang='lat' dir='ltr'>debuit</span> <span class='ocrx_word' id='word_1_431' title='bbox 522 3002 705 3037; x_wconf 87' lang='lat' dir='ltr'>Amasenus</span> <span class='ocrx_word' id='word_1_432' title='bbox 729 3003 908 3046; x_wconf 87' lang='lat' dir='ltr'>Episcopus</span> <span class='ocrx_word' id='word_1_433' title='bbox 928 3026 938 3042; x_wconf 91' lang='lat'><strong>,</strong></span> <span class='ocrx_word' id='word_1_434' title='bbox 963 3002 1080 3036; x_wconf 86' lang='lat' dir='ltr'>unicus</span> <span class='ocrx_word' id='word_1_435' title='bbox 1100 3012 1179 3036; x_wconf 90' lang='lat' dir='ltr'>tunc</span> 
     </span>
     <span class='ocr_line' id='line_1_61' title="bbox 309 3051 1181 3096; baseline 0.005 -13"><span class='ocrx_word' id='word_1_436' title='bbox 309 3051 411 3083; x_wconf 82' lang='lat' dir='ltr'>totius</span> <span class='ocrx_word' id='word_1_437' title='bbox 422 3051 520 3085; x_wconf 78' lang='lat' dir='ltr'>Ponti</span> <span class='ocrx_word' id='word_1_438' title='bbox 534 3052 748 3096; x_wconf 81' lang='lat' dir='ltr'>Metropolita</span> <span class='ocrx_word' id='word_1_439' title='bbox 760 3078 767 3085; x_wconf 85' lang='lat'><em>.</em></span> <span class='ocrx_word' id='word_1_440' title='bbox 788 3053 870 3087; x_wconf 85' lang='lat' dir='ltr'>Non</span> <span class='ocrx_word' id='word_1_441' title='bbox 894 3053 1003 3095; x_wconf 88' lang='lat' dir='ltr'>itaque</span> <span class='ocrx_word' id='word_1_442' title='bbox 1018 3062 1054 3086; x_wconf 87' lang='lat' dir='ltr'>ut</span> <span class='ocrx_word' id='word_1_443' title='bbox 1075 3052 1181 3087; x_wconf 86' lang='lat' dir='ltr'>crede-</span> 
     </span>
     <span class='ocr_line' id='line_1_62' title="bbox 310 3098 1179 3145; baseline 0.001 -11"><span class='ocrx_word' id='word_1_444' title='bbox 310 3109 358 3134; x_wconf 85' lang='lat' dir='ltr'>ret</span> <span class='ocrx_word' id='word_1_445' title='bbox 369 3123 379 3138; x_wconf 88' lang='lat'>‚</span> <span class='ocrx_word' id='word_1_446' title='bbox 405 3098 457 3132; x_wconf 82' lang='lat' dir='ltr'>sed</span> <span class='ocrx_word' id='word_1_447' title='bbox 469 3110 504 3131; x_wconf 84' lang='lat' dir='ltr'>ut</span> <span class='ocrx_word' id='word_1_448' title='bbox 511 3102 648 3143; x_wconf 82' lang='lat' dir='ltr'>gra-dum</span> <span class='ocrx_word' id='word_1_449' title='bbox 668 3103 703 3136; x_wconf 76' lang='grc' dir='ltr'>δε</span> <span class='ocrx_word' id='word_1_450' title='bbox 714 3103 987 3136; x_wconf 88' lang='lat' dir='ltr'>communionem</span> <span class='ocrx_word' id='word_1_451' title='bbox 999 3102 1153 3145; x_wconf 83' lang='lat' dir='ltr'>reciperet</span> <span class='ocrx_word' id='word_1_452' title='bbox 1169 3127 1179 3142; x_wconf 94' lang='lat'>,</span> 
     </span>
     <span class='ocr_line' id='line_1_63' title="bbox 309 3149 1179 3195; baseline 0.006 -14"><span class='ocrx_word' id='word_1_453' title='bbox 309 3149 456 3184; x_wconf 79' lang='lat' dir='ltr'>Romam</span> <span class='ocrx_word' id='word_1_454' title='bbox 479 3149 565 3181; x_wconf 74' lang='lat' dir='ltr'>venit</span> <span class='ocrx_word' id='word_1_455' title='bbox 582 3152 746 3193; x_wconf 80' lang='lat' dir='ltr'>appellans</span> <span class='ocrx_word' id='word_1_456' title='bbox 767 3152 919 3186; x_wconf 84' lang='lat' dir='ltr'>Marcion</span> <span class='ocrx_word' id='word_1_457' title='bbox 941 3177 953 3193; x_wconf 88' lang='lat'>,</span> <span class='ocrx_word' id='word_1_458' title='bbox 976 3163 1016 3186; x_wconf 81' lang='lat' dir='ltr'>ac</span> <span class='ocrx_word' id='word_1_459' title='bbox 1042 3152 1179 3195; x_wconf 67' lang='lat' dir='ltr'>proinde*</span> 
     </span>
     <span class='ocr_line' id='line_1_64' title="bbox 310 3195 1177 3238; baseline 0.003 -6"><span class='ocrx_word' id='word_1_460' title='bbox 310 3199 451 3232; x_wconf 85' lang='lat' dir='ltr'>ducenta</span> <span class='ocrx_word' id='word_1_461' title='bbox 462 3195 515 3228; x_wconf 79' lang='lat' dir='ltr'>illa</span> <span class='ocrx_word' id='word_1_462' title='bbox 527 3197 661 3232; x_wconf 78' lang='lat' dir='ltr'>sestertia</span> <span class='ocrx_word' id='word_1_463' title='bbox 676 3224 685 3238; x_wconf 86' lang='lat'><em>‚</em></span> <span class='ocrx_word' id='word_1_464' title='bbox 706 3213 774 3235; x_wconf 90' lang='lat' dir='ltr'>non</span> <span class='ocrx_word' id='word_1_465' title='bbox 793 3202 953 3236; x_wconf 76' lang='lat' dir='ltr'>Romanae</span> <span class='ocrx_word' id='word_1_466' title='bbox 976 3200 1105 3236; x_wconf 86' lang='lat' dir='ltr'>videtur</span> <span class='ocrx_word' id='word_1_467' title='bbox 1127 3202 1177 3235; x_wconf 90' lang='lat' dir='ltr'>de·</span> 
     </span>
     <span class='ocr_line' id='line_1_65' title="bbox 310 3245 1179 3297; baseline -0.001 -12"><span class='ocrx_word' id='word_1_468' title='bbox 310 3245 455 3285; x_wconf 60' lang='lat' dir='ltr'>diffessed</span> <span class='ocrx_word' id='word_1_469' title='bbox 472 3245 933 3297; x_wconf 54' lang='lat' dir='ltr'>Ecclefiaesynopenstmnga</span> <span class='ocrx_word' id='word_1_470' title='bbox 947 3263 984 3285; x_wconf 87' lang='lat' dir='ltr'>ac</span> <span class='ocrx_word' id='word_1_471' title='bbox 996 3252 1123 3285; x_wconf 82' lang='lat' dir='ltr'>erudita</span> <span class='ocrx_word' id='word_1_472' title='bbox 1134 3251 1179 3285; x_wconf 85' lang='lat' dir='ltr'>est</span> 
     </span>
     <span class='ocr_line' id='line_1_66' title="bbox 311 3295 1180 3343; baseline 0.002 -14"><span class='ocrx_word' id='word_1_473' title='bbox 311 3296 445 3343; x_wconf 61' lang='lat' dir='ltr'>quaesti-o</span> <span class='ocrx_word' id='word_1_474' title='bbox 457 3319 467 3335; x_wconf 91' lang='lat'>‚</span> <span class='ocrx_word' id='word_1_475' title='bbox 480 3295 531 3328; x_wconf 87' lang='lat' dir='ltr'>sed</span> <span class='ocrx_word' id='word_1_476' title='bbox 546 3305 609 3327; x_wconf 89' lang='lat' dir='ltr'>non</span> <span class='ocrx_word' id='word_1_477' title='bbox 623 3295 717 3337; x_wconf 81' lang='lat' dir='ltr'>hujus</span> <span class='ocrx_word' id='word_1_478' title='bbox 730 3297 792 3331; x_wconf 80' lang='lat' dir='ltr'>loci</span> <span class='ocrx_word' id='word_1_479' title='bbox 805 3323 810 3330; x_wconf 94' lang='lat'><em>.</em></span> <span class='ocrx_word' id='word_1_480' title='bbox 837 3302 941 3335; x_wconf 86' lang='lat' dir='ltr'>Lucet</span> <span class='ocrx_word' id='word_1_481' title='bbox 954 3302 1083 3335; x_wconf 71' lang='lat' dir='ltr'>interim</span> <span class='ocrx_word' id='word_1_482' title='bbox 1096 3302 1180 3335; x_wconf 79' lang='lat' dir='ltr'>anti-</span> 
     </span>
     <span class='ocr_line' id='line_1_67' title="bbox 309 3345 1182 3396; baseline 0.007 -16"><span class='ocrx_word' id='word_1_483' title='bbox 309 3347 421 3396; x_wconf 68' lang='lat' dir='ltr'>quitas</span> <span class='ocrx_word' id='word_1_484' title='bbox 430 3345 530 3378; x_wconf 84' lang='lat' dir='ltr'>moris</span> <span class='ocrx_word' id='word_1_485' title='bbox 544 3367 553 3383; x_wconf 91' lang='lat'>‚</span> <span class='ocrx_word' id='word_1_486' title='bbox 571 3345 660 3386; x_wconf 79' lang='lat' dir='ltr'>quod</span> <span class='ocrx_word' id='word_1_487' title='bbox 671 3345 817 3379; x_wconf 85' lang='lat' dir='ltr'>Clericus</span> <span class='ocrx_word' id='word_1_488' title='bbox 827 3361 892 3382; x_wconf 86' lang='lat' dir='ltr'>non</span> <span class='ocrx_word' id='word_1_489' title='bbox 907 3351 1112 3385; x_wconf 80' lang='lat' dir='ltr'>solummodo</span> <span class='ocrx_word' id='word_1_490' title='bbox 1124 3352 1182 3385; x_wconf 86' lang='lat' dir='ltr'>sei-</span> 
     </span>
     <span class='ocr_line' id='line_1_68' title="bbox 312 3392 1181 3442; baseline 0.005 -12"><span class='ocrx_word' id='word_1_491' title='bbox 312 3396 406 3442; x_wconf 73' lang='lat' dir='ltr'>psum</span> <span class='ocrx_word' id='word_1_492' title='bbox 418 3418 428 3434; x_wconf 85' lang='lat'><strong>,</strong></span> <span class='ocrx_word' id='word_1_493' title='bbox 442 3394 494 3428; x_wconf 86' lang='lat' dir='ltr'>sed</span> <span class='ocrx_word' id='word_1_494' title='bbox 506 3394 539 3428; x_wconf 87' lang='lat'>&amp;</span> <span class='ocrx_word' id='word_1_495' title='bbox 552 3394 644 3427; x_wconf 78' lang='lat' dir='ltr'>simul</span> <span class='ocrx_word' id='word_1_496' title='bbox 658 3392 863 3430; x_wconf 75' lang='lat' dir='ltr'>substantiam</span> <span class='ocrx_word' id='word_1_497' title='bbox 875 3400 963 3431; x_wconf 86' lang='lat' dir='ltr'>suam</span> <span class='ocrx_word' id='word_1_498' title='bbox 975 3400 1007 3433; x_wconf 90' lang='lat' dir='ltr'>in</span> <span class='ocrx_word' id='word_1_499' title='bbox 1019 3403 1181 3436; x_wconf 86' lang='lat' dir='ltr'>titularem</span> 
     </span>
     <span class='ocr_line' id='line_1_69' title="bbox 312 3442 1184 3492; baseline 0.002 -11"><span class='ocrx_word' id='word_1_500' title='bbox 312 3442 589 3492; x_wconf 64' lang='lat' dir='ltr'>Ecclefiam,quafi</span> <span class='ocrx_word' id='word_1_501' title='bbox 601 3442 713 3480; x_wconf 82' lang='lat' dir='ltr'>dotem</span> <span class='ocrx_word' id='word_1_502' title='bbox 722 3443 759 3479; x_wconf 79' lang='lat' dir='ltr'>in</span> <span class='ocrx_word' id='word_1_503' title='bbox 772 3445 932 3490; x_wconf 82' lang='lat' dir='ltr'>sponsam,</span> <span class='ocrx_word' id='word_1_504' title='bbox 940 3451 1166 3487; x_wconf 75' lang='lat' dir='ltr'>transcribebat</span> <span class='ocrx_word' id='word_1_505' title='bbox 1177 3477 1184 3483; x_wconf 91' lang='lat'><strong>.</strong></span> 
     </span>
    </p>
   </div>
   <div class='ocr_carea' id='block_1_15' title="bbox 302 846 1178 941">
    <p class='ocr_par' dir='ltr' id='par_1_16' title="bbox 302 832 1200 2270">
     <span class='ocr_line' id='line_1_70' title="bbox 302 846 1116 891; baseline -0.003 -8"><span class='ocrx_word' id='word_1_506' title='bbox 302 848 471 883; x_wconf 56' lang='lat' dir='ltr'>cunctanter</span> <span class='ocrx_word' id='word_1_507' title='bbox 490 873 500 889; x_wconf 90' lang='lat'>,</span> <span class='ocrx_word' id='word_1_508' title='bbox 521 846 578 891; x_wconf 86' lang='lat' dir='ltr'>sed</span> <span class='ocrx_word' id='word_1_509' title='bbox 597 861 665 881; x_wconf 76' lang='lat' dir='ltr'>mox</span> <span class='ocrx_word' id='word_1_510' title='bbox 684 858 773 891; x_wconf 82' lang='lat' dir='ltr'>atque</span> <span class='ocrx_word' id='word_1_511' title='bbox 795 846 951 889; x_wconf 83' lang='lat' dir='ltr'>repoposcit</span> <span class='ocrx_word' id='word_1_512' title='bbox 971 856 998 882; x_wconf 73' lang='lat' dir='ltr'>is</span> <span class='ocrx_word' id='word_1_513' title='bbox 1018 854 1072 890; x_wconf 85' lang='lat' dir='ltr'>qui</span> <span class='ocrx_word' id='word_1_514' title='bbox 1093 850 1116 880; x_wconf 78' lang='lat' dir='ltr'><em>d</em></span> 
     </span>
     <span class='ocr_line' id='line_1_71' title="bbox 302 897 1178 941; baseline -0.001 -8"><span class='ocrx_word' id='word_1_515' title='bbox 302 910 354 934; x_wconf 72' lang='lat' dir='ltr'>eat</span> <span class='ocrx_word' id='word_1_516' title='bbox 377 924 384 931; x_wconf 95' lang='lat'><strong><em>.</em></strong></span> <span class='ocrx_word' id='word_1_517' title='bbox 417 898 562 941; x_wconf 80' lang='lat' dir='ltr'>Antiqua</span> <span class='ocrx_word' id='word_1_518' title='bbox 581 921 591 938; x_wconf 89' lang='lat'>,</span> <span class='ocrx_word' id='word_1_519' title='bbox 617 899 670 931; x_wconf 89' lang='lat' dir='ltr'>cui</span> <span class='ocrx_word' id='word_1_520' title='bbox 693 897 955 932; x_wconf 82' lang='lat' dir='ltr'>Lutheranorum</span> <span class='ocrx_word' id='word_1_521' title='bbox 979 900 1012 932; x_wconf 88' lang='lat'>&amp;</span> <span class='ocrx_word' id='word_1_522' title='bbox 1034 898 1178 932; x_wconf 83' lang='lat' dir='ltr'>Calvini-</span> 
     </span>
    </p>
   </div>
   <div class='ocr_carea' id='block_1_16' title="bbox 1225 497 2273 3494">
    <p class='ocr_par' dir='ltr' id='par_1_17' title="bbox 1247 497 2121 543">
     <span class='ocr_line' id='line_1_72' title="bbox 1247 497 2121 543; baseline 0.015 -12"><span class='ocrx_word' id='word_1_523' title='bbox 1247 497 1305 532; x_wconf 84' lang='lat' dir='ltr'>bus</span> <span class='ocrx_word' id='word_1_524' title='bbox 1318 500 1444 542; x_wconf 74' lang='lat' dir='ltr'>possent</span> <span class='ocrx_word' id='word_1_525' title='bbox 1456 502 1526 536; x_wconf 85' lang='lat' dir='ltr'>suas</span> <span class='ocrx_word' id='word_1_526' title='bbox 1536 503 1695 538; x_wconf 86' lang='lat' dir='ltr'>Ecclefias</span> <span class='ocrx_word' id='word_1_527' title='bbox 1703 505 1821 539; x_wconf 88' lang='lat' dir='ltr'>ditare.</span> <span class='ocrx_word' id='word_1_528' title='bbox 1850 505 1894 540; x_wconf 90' lang='lat' dir='ltr'>Et</span> <span class='ocrx_word' id='word_1_529' title='bbox 1907 507 1941 541; x_wconf 83' lang='lat' dir='ltr'>in</span> <span class='ocrx_word' id='word_1_530' title='bbox 1952 509 2067 543; x_wconf 87' lang='lat' dir='ltr'>litteris</span> <span class='ocrx_word' id='word_1_531' title='bbox 2079 509 2121 543; x_wconf 86' lang='lat' dir='ltr'>ad</span> 
     </span>
    </p>

    <p class='ocr_par' dir='ltr' id='par_1_18' title="bbox 1245 548 2123 653">
     <span class='ocr_line' id='line_1_73' title="bbox 1245 548 2120 598; baseline 0.016 -18"><span class='ocrx_word' id='word_1_532' title='bbox 1245 549 1319 581; x_wconf 86' lang='lat' dir='ltr'>suos</span> <span class='ocrx_word' id='word_1_533' title='bbox 1355 548 1535 594; x_wconf 77' lang='lat' dir='ltr'>Episcopos</span> <span class='ocrx_word' id='word_1_534' title='bbox 1560 553 1692 588; x_wconf 69' lang='lat' dir='ltr'>Sanctus</span> <span class='ocrx_word' id='word_1_535' title='bbox 1712 556 1860 598; x_wconf 72' lang='lat' dir='ltr'>synesius</span> <span class='ocrx_word' id='word_1_536' title='bbox 1903 556 2120 594; x_wconf 73' lang='lat' dir='ltr'>ptolomaidis</span> 
     </span>
     <span class='ocr_line' id='line_1_74' title="bbox 1245 598 2123 653; baseline 0.014 -22"><span class='ocrx_word' id='word_1_537' title='bbox 1245 598 1444 642; x_wconf 89' lang='lat' dir='ltr'>Episcopus,</span> <span class='ocrx_word' id='word_1_538' title='bbox 1471 601 1731 646; x_wconf 82' lang='lat' dir='ltr'>Pentapolitanae</span> <span class='ocrx_word' id='word_1_539' title='bbox 1746 606 1927 641; x_wconf 70' lang='lat' dir='ltr'>Provinciae</span> <span class='ocrx_word' id='word_1_540' title='bbox 1950 607 2123 653; x_wconf 67' lang='lat' dir='ltr'>Metropo-</span> 
     </span>
    </p>

    <p class='ocr_par' dir='ltr' id='par_1_19' title="bbox 1241 648 2252 843">
     <span class='ocr_line' id='line_1_75' title="bbox 1244 648 2120 698; baseline 0.014 -17"><span class='ocrx_word' id='word_1_541' title='bbox 1244 648 1300 683; x_wconf 84' lang='lat' dir='ltr'>lita</span> <span class='ocrx_word' id='word_1_542' title='bbox 1324 672 1335 688; x_wconf 78' lang='lat'>‚</span> <span class='ocrx_word' id='word_1_543' title='bbox 1359 650 1497 693; x_wconf 88' lang='lat' dir='ltr'>loquens</span> <span class='ocrx_word' id='word_1_544' title='bbox 1512 650 1554 686; x_wconf 86' lang='lat' dir='ltr'>de</span> <span class='ocrx_word' id='word_1_545' title='bbox 1576 653 1714 689; x_wconf 85' lang='lat' dir='ltr'>Clericis</span> <span class='ocrx_word' id='word_1_546' title='bbox 1735 655 1889 691; x_wconf 85' lang='lat' dir='ltr'>Arianis:</span> <span class='ocrx_word' id='word_1_547' title='bbox 1917 656 2052 698; x_wconf 77' lang='lat' dir='ltr'>Infames</span> <span class='ocrx_word' id='word_1_548' title='bbox 2073 655 2120 693; x_wconf 67' lang='lat'>³111</span> 
     </span>
     <span class='ocr_line' id='line_1_76' title="bbox 1244 700 2252 759; baseline 0.018 -28"><span class='ocrx_word' id='word_1_549' title='bbox 1244 700 1440 733; x_wconf 83' lang='lat' dir='ltr'><em>Ptolomaidos</em></span> <span class='ocrx_word' id='word_1_550' title='bbox 1449 701 1561 746; x_wconf 83' lang='lat' dir='ltr'>finibus</span> <span class='ocrx_word' id='word_1_551' title='bbox 1572 706 1779 746; x_wconf 80' lang='lat' dir='ltr'>expellantur,</span> <span class='ocrx_word' id='word_1_552' title='bbox 1793 709 1826 741; x_wconf 66' lang='grc' dir='ltr'>(ε’</span> <span class='ocrx_word' id='word_1_553' title='bbox 1838 709 1987 750; x_wconf 80' lang='lat' dir='ltr'>quidquid</span> <span class='ocrx_word' id='word_1_554' title='bbox 1996 713 2041 741; x_wconf 80' lang='lat' dir='ltr'>rei</span> <span class='ocrx_word' id='word_1_555' title='bbox 2054 718 2120 742; x_wconf 75' lang='lat' dir='ltr'>cum</span> <span class='ocrx_word' id='word_1_556' title='bbox 2138 718 2252 759; x_wconf 66' lang='lat' dir='ltr'>Epist-5.</span> 
     </span>
     <span class='ocr_line' id='line_1_77' title="bbox 1241 749 2116 800; baseline 0.013 -19"><span class='ocrx_word' id='word_1_557' title='bbox 1241 749 1307 790; x_wconf 77' lang='lat' dir='ltr'>ipfis</span> <span class='ocrx_word' id='word_1_558' title='bbox 1320 756 1511 792; x_wconf 80' lang='lat' dir='ltr'>importatum</span> <span class='ocrx_word' id='word_1_559' title='bbox 1523 753 1562 792; x_wconf 85' lang='lat' dir='ltr'>est</span> <span class='ocrx_word' id='word_1_560' title='bbox 1573 778 1583 793; x_wconf 90' lang='lat'>‚</span> <span class='ocrx_word' id='word_1_561' title='bbox 1603 752 1701 796; x_wconf 84' lang='lat' dir='ltr'>secum</span> <span class='ocrx_word' id='word_1_562' title='bbox 1713 767 1768 788; x_wconf 87' lang='lat' dir='ltr'>non</span> <span class='ocrx_word' id='word_1_563' title='bbox 1779 757 1941 800; x_wconf 80' lang='lat' dir='ltr'>appensum</span> <span class='ocrx_word' id='word_1_564' title='bbox 1950 757 2091 799; x_wconf 82' lang='lat' dir='ltr'>auferant</span> <span class='ocrx_word' id='word_1_565' title='bbox 2106 783 2116 792; x_wconf 93' lang='lat'>.</span> 
     </span>
     <span class='ocr_line' id='line_1_78' title="bbox 1242 799 2119 843; baseline 0.013 -12"><span class='ocrx_word' id='word_1_566' title='bbox 1242 799 1401 835; x_wconf 82' lang='lat' dir='ltr'>Meminit</span> <span class='ocrx_word' id='word_1_567' title='bbox 1425 801 1458 835; x_wconf 92' lang='lat' dir='ltr'>in</span> <span class='ocrx_word' id='word_1_568' title='bbox 1483 802 1596 837; x_wconf 75' lang='lat' dir='ltr'>litteris</span> <span class='ocrx_word' id='word_1_569' title='bbox 1606 805 1645 838; x_wconf 87' lang='lat' dir='ltr'>ad</span> <span class='ocrx_word' id='word_1_570' title='bbox 1670 806 1815 841; x_wconf 85' lang='lat' dir='ltr'>nobilem</span> <span class='ocrx_word' id='word_1_571' title='bbox 1828 818 2011 843; x_wconf 86' lang='lat' dir='ltr'>matronam</span> <span class='ocrx_word' id='word_1_572' title='bbox 2025 808 2119 842; x_wconf 82' lang='lat' dir='ltr'>Albi-</span> 
     </span>
    </p>

    <p class='ocr_par' dir='ltr' id='par_1_20' title="bbox 1243 852 2118 900">
     <span class='ocr_line' id='line_1_79' title="bbox 1243 852 2118 900; baseline 0.013 -18"><span class='ocrx_word' id='word_1_573' title='bbox 1243 861 1318 883; x_wconf 85' lang='lat' dir='ltr'>nam</span> <span class='ocrx_word' id='word_1_574' title='bbox 1330 852 1428 885; x_wconf 89' lang='lat' dir='ltr'>etiarn</span> <span class='ocrx_word' id='word_1_575' title='bbox 1450 852 1587 887; x_wconf 70' lang='lat' dir='ltr'>Sanetus</span> <span class='ocrx_word' id='word_1_576' title='bbox 1598 855 1823 900; x_wconf 85' lang='lat' dir='ltr'>Augustinus,</span> <span class='ocrx_word' id='word_1_577' title='bbox 1851 858 1986 892; x_wconf 79' lang='lat' dir='ltr'>laudans</span> <span class='ocrx_word' id='word_1_578' title='bbox 2009 858 2118 893; x_wconf 81' lang='lat' dir='ltr'>Eccle-</span> 
     </span>
    </p>

    <p class='ocr_par' dir='ltr' id='par_1_21' title="bbox 1241 902 2118 947">
     <span class='ocr_line' id='line_1_80' title="bbox 1241 902 2118 947; baseline 0.009 -13"><span class='ocrx_word' id='word_1_579' title='bbox 1241 902 1315 935; x_wconf 83' lang='lat' dir='ltr'>fiam</span> <span class='ocrx_word' id='word_1_580' title='bbox 1329 902 1575 945; x_wconf 85' lang='lat' dir='ltr'>Hipponensem</span> <span class='ocrx_word' id='word_1_581' title='bbox 1589 929 1598 944; x_wconf 86' lang='lat'>‚</span> <span class='ocrx_word' id='word_1_582' title='bbox 1624 917 1695 947; x_wconf 66' lang='lat' dir='ltr'>quae</span> <span class='ocrx_word' id='word_1_583' title='bbox 1709 907 1785 940; x_wconf 89' lang='lat' dir='ltr'>dum</span> <span class='ocrx_word' id='word_1_584' title='bbox 1796 908 1825 941; x_wconf 88' lang='lat' dir='ltr'>ei</span> <span class='ocrx_word' id='word_1_585' title='bbox 1840 908 2042 942; x_wconf 78' lang='lat' dir='ltr'>clericatum</span> <span class='ocrx_word' id='word_1_586' title='bbox 2065 909 2118 942; x_wconf 84' lang='lat' dir='ltr'>de-</span> 
     </span>
    </p>

    <p class='ocr_par' dir='ltr' id='par_1_22' title="bbox 1241 953 2117 1003">
     <span class='ocr_line' id='line_1_81' title="bbox 1241 953 2117 1003; baseline 0.009 -19"><span class='ocrx_word' id='word_1_587' title='bbox 1241 953 1317 986; x_wconf 87' lang='lat' dir='ltr'>tulit</span> <span class='ocrx_word' id='word_1_588' title='bbox 1343 963 1440 995; x_wconf 86' lang='lat' dir='ltr'>atque</span> <span class='ocrx_word' id='word_1_589' title='bbox 1460 954 1634 996; x_wconf 81' lang='lat' dir='ltr'>imposuit,</span> <span class='ocrx_word' id='word_1_590' title='bbox 1662 967 1810 997; x_wconf 81' lang='lat' dir='ltr'>paternos</span> <span class='ocrx_word' id='word_1_591' title='bbox 1835 959 1978 1001; x_wconf 81' lang='lat' dir='ltr'>ejusdem</span> <span class='ocrx_word' id='word_1_592' title='bbox 1991 959 2117 1003; x_wconf 88' lang='lat' dir='ltr'>agellos</span> 
     </span>
    </p>

    <p class='ocr_par' dir='ltr' id='par_1_23' title="bbox 1243 1001 2271 1100">
     <span class='ocr_line' id='line_1_82' title="bbox 1243 1001 2271 1065; baseline 0.01 -31"><span class='ocrx_word' id='word_1_593' title='bbox 1243 1013 1309 1036; x_wconf 91' lang='lat' dir='ltr'>non</span> <span class='ocrx_word' id='word_1_594' title='bbox 1331 1001 1454 1036; x_wconf 87' lang='lat' dir='ltr'>invidit</span> <span class='ocrx_word' id='word_1_595' title='bbox 1477 1003 1627 1038; x_wconf 83' lang='lat' dir='ltr'>Ecclefiae</span> <span class='ocrx_word' id='word_1_596' title='bbox 1647 1005 1841 1049; x_wconf 66' lang='lat' dir='ltr'>Tagastensi</span> <span class='ocrx_word' id='word_1_597' title='bbox 1857 1033 1864 1040; x_wconf 93' lang='lat'><strong>.</strong></span> <span class='ocrx_word' id='word_1_598' title='bbox 1893 1010 2021 1052; x_wconf 77' lang='lat' dir='ltr'>Nempe</span> <span class='ocrx_word' id='word_1_599' title='bbox 2045 1008 2118 1053; x_wconf 86' lang='lat' dir='ltr'>post</span> <span class='ocrx_word' id='word_1_600' title='bbox 2133 1028 2185 1065; x_wconf 48' lang='lat' dir='ltr'>Ep·</span> <span class='ocrx_word' id='word_1_601' title='bbox 2204 1034 2271 1062; x_wconf 78' lang='lat'>²²5·</span> 
     </span>
     <span class='ocr_line' id='line_1_83' title="bbox 1243 1053 2118 1100; baseline 0.009 -15"><span class='ocrx_word' id='word_1_602' title='bbox 1243 1054 1421 1095; x_wconf 80' lang='lat' dir='ltr'>susceptum</span> <span class='ocrx_word' id='word_1_603' title='bbox 1445 1053 1479 1086; x_wconf 86' lang='lat' dir='ltr'>in</span> <span class='ocrx_word' id='word_1_604' title='bbox 1499 1053 1593 1087; x_wconf 83' lang='lat' dir='ltr'>Italia</span> <span class='ocrx_word' id='word_1_605' title='bbox 1605 1067 1680 1090; x_wconf 87' lang='lat' dir='ltr'>cum</span> <span class='ocrx_word' id='word_1_606' title='bbox 1694 1057 1860 1100; x_wconf 80' lang='lat' dir='ltr'>Baptismo</span> <span class='ocrx_word' id='word_1_607' title='bbox 1874 1058 2118 1094; x_wconf 83' lang='lat' dir='ltr'>Monachatum</span> 
     </span>
    </p>

    <p class='ocr_par' dir='ltr' id='par_1_24' title="bbox 1239 1101 2118 1148">
     <span class='ocr_line' id='line_1_84' title="bbox 1239 1101 2118 1148; baseline 0.01 -12"><span class='ocrx_word' id='word_1_608' title='bbox 1239 1104 1322 1136; x_wconf 73' lang='lat' dir='ltr'>resta</span> <span class='ocrx_word' id='word_1_609' title='bbox 1332 1101 1511 1147; x_wconf 80' lang='lat' dir='ltr'>Tagastam</span> <span class='ocrx_word' id='word_1_610' title='bbox 1522 1102 1864 1148; x_wconf 83' lang='lat' dir='ltr'>Augustinusiverat‚</span> <span class='ocrx_word' id='word_1_611' title='bbox 1890 1109 1932 1144; x_wconf 90' lang='lat' dir='ltr'>de</span> <span class='ocrx_word' id='word_1_612' title='bbox 1953 1107 2118 1144; x_wconf 67' lang='lat' dir='ltr'>haeredita-</span> 
     </span>
    </p>

    <p class='ocr_par' dir='ltr' id='par_1_25' title="bbox 1239 1153 2118 1203">
     <span class='ocr_line' id='line_1_85' title="bbox 1239 1153 2118 1203; baseline 0.009 -16"><span class='ocrx_word' id='word_1_613' title='bbox 1239 1164 1270 1187; x_wconf 87' lang='lat' dir='ltr'>te</span> <span class='ocrx_word' id='word_1_614' title='bbox 1281 1153 1333 1186; x_wconf 86' lang='lat' dir='ltr'>sua</span> <span class='ocrx_word' id='word_1_615' title='bbox 1352 1153 1588 1194; x_wconf 72' lang='lat' dir='ltr'>compositurus</span> <span class='ocrx_word' id='word_1_616' title='bbox 1610 1164 1685 1187; x_wconf 91' lang='lat' dir='ltr'>cum</span> <span class='ocrx_word' id='word_1_617' title='bbox 1700 1155 1799 1189; x_wconf 72' lang='lat' dir='ltr'>Curia</span> <span class='ocrx_word' id='word_1_618' title='bbox 1812 1182 1822 1195; x_wconf 92' lang='lat'>,</span> <span class='ocrx_word' id='word_1_619' title='bbox 1847 1158 1978 1202; x_wconf 79' lang='lat' dir='ltr'>ejusque</span> <span class='ocrx_word' id='word_1_620' title='bbox 2000 1161 2118 1203; x_wconf 81' lang='lat' dir='ltr'>profes·</span> 
     </span>
    </p>

    <p class='ocr_par' dir='ltr' id='par_1_26' title="bbox 1240 1202 2119 1252">
     <span class='ocr_line' id='line_1_86' title="bbox 1240 1202 2119 1252; baseline 0.008 -17"><span class='ocrx_word' id='word_1_621' title='bbox 1240 1203 1318 1237; x_wconf 75' lang='lat' dir='ltr'>sioni</span> <span class='ocrx_word' id='word_1_622' title='bbox 1331 1204 1390 1236; x_wconf 81' lang='lat' dir='ltr'>suae</span> <span class='ocrx_word' id='word_1_623' title='bbox 1400 1203 1430 1235; x_wconf 90' lang='lat' dir='ltr'>su</span> <span class='ocrx_word' id='word_1_624' title='bbox 1437 1202 1588 1246; x_wconf 78' lang='lat' dir='ltr'>perfluam</span> <span class='ocrx_word' id='word_1_625' title='bbox 1602 1204 1787 1247; x_wconf 83' lang='lat' dir='ltr'>portionem</span> <span class='ocrx_word' id='word_1_626' title='bbox 1797 1206 1928 1242; x_wconf 83' lang='lat' dir='ltr'>dederat</span> <span class='ocrx_word' id='word_1_627' title='bbox 1935 1207 2119 1252; x_wconf 64' lang='lat' dir='ltr'>Tagastena</span> 
     </span>
    </p>

    <p class='ocr_par' dir='ltr' id='par_1_27' title="bbox 1238 1252 2120 1348">
     <span class='ocr_line' id='line_1_87' title="bbox 1238 1252 2120 1302; baseline 0.006 -15"><span class='ocrx_word' id='word_1_628' title='bbox 1238 1254 1259 1287; x_wconf 83' lang='lat' dir='ltr'>fi</span> <span class='ocrx_word' id='word_1_629' title='bbox 1281 1253 1428 1287; x_wconf 83' lang='lat' dir='ltr'>Eccleliae</span> <span class='ocrx_word' id='word_1_630' title='bbox 1448 1277 1454 1285; x_wconf 94' lang='lat'>.</span> <span class='ocrx_word' id='word_1_631' title='bbox 1493 1252 1584 1288; x_wconf 90' lang='lat' dir='ltr'>Hinc</span> <span class='ocrx_word' id='word_1_632' title='bbox 1605 1253 1714 1288; x_wconf 85' lang='lat' dir='ltr'>laudat</span> <span class='ocrx_word' id='word_1_633' title='bbox 1738 1255 1989 1299; x_wconf 84' lang='lat' dir='ltr'>Hipponensem</span> <span class='ocrx_word' id='word_1_634' title='bbox 2009 1280 2021 1297; x_wconf 92' lang='lat'>‚</span> <span class='ocrx_word' id='word_1_635' title='bbox 2046 1268 2120 1302; x_wconf 76' lang='lat' dir='ltr'>quae</span> 
     </span>
     <span class='ocr_line' id='line_1_88' title="bbox 1238 1302 2117 1348; baseline 0.007 -12"><span class='ocrx_word' id='word_1_636' title='bbox 1238 1305 1367 1346; x_wconf 84' lang='lat' dir='ltr'>inopem</span> <span class='ocrx_word' id='word_1_637' title='bbox 1389 1304 1564 1345; x_wconf 81' lang='lat' dir='ltr'>susceperat</span> <span class='ocrx_word' id='word_1_638' title='bbox 1595 1303 1629 1337; x_wconf 91' lang='lat' dir='ltr'>in</span> <span class='ocrx_word' id='word_1_639' title='bbox 1641 1302 1867 1348; x_wconf 87' lang='lat' dir='ltr'>Presbyterum</span> <span class='ocrx_word' id='word_1_640' title='bbox 1880 1332 1889 1347; x_wconf 87' lang='lat'>,</span> <span class='ocrx_word' id='word_1_641' title='bbox 1916 1309 1950 1342; x_wconf 72' lang='grc' dir='ltr'>ὃς</span> <span class='ocrx_word' id='word_1_642' title='bbox 1966 1308 2117 1343; x_wconf 77' lang='lat' dir='ltr'>adversus</span> 
     </span>
    </p>

    <p class='ocr_par' dir='ltr' id='par_1_28' title="bbox 1239 1352 2118 1401">
     <span class='ocr_line' id='line_1_89' title="bbox 1239 1352 2118 1401; baseline 0.006 -14"><span class='ocrx_word' id='word_1_643' title='bbox 1239 1354 1330 1387; x_wconf 73' lang='lat' dir='ltr'>istam</span> <span class='ocrx_word' id='word_1_644' title='bbox 1345 1352 1428 1386; x_wconf 85' lang='lat' dir='ltr'>nihil</span> <span class='ocrx_word' id='word_1_645' title='bbox 1441 1363 1585 1395; x_wconf 84' lang='lat' dir='ltr'>unquam</span> <span class='ocrx_word' id='word_1_646' title='bbox 1597 1354 1731 1396; x_wconf 85' lang='lat' dir='ltr'>querelae</span> <span class='ocrx_word' id='word_1_647' title='bbox 1741 1366 1884 1391; x_wconf 85' lang='lat' dir='ltr'>moverat</span> <span class='ocrx_word' id='word_1_648' title='bbox 1903 1358 1945 1392; x_wconf 79' lang='lat' dir='ltr'>de</span> <span class='ocrx_word' id='word_1_649' title='bbox 1966 1368 2118 1401; x_wconf 80' lang='lat' dir='ltr'>repetun-</span> 
     </span>
    </p>

    <p class='ocr_par' dir='ltr' id='par_1_29' title="bbox 1237 1402 2114 1447">
     <span class='ocr_line' id='line_1_90' title="bbox 1237 1402 2114 1447; baseline 0.006 -9"><span class='ocrx_word' id='word_1_650' title='bbox 1237 1405 1286 1438; x_wconf 92' lang='lat' dir='ltr'>dis</span> <span class='ocrx_word' id='word_1_651' title='bbox 1311 1428 1318 1435; x_wconf 94' lang='lat'><strong><em>.</em></strong></span> <span class='ocrx_word' id='word_1_652' title='bbox 1343 1402 1545 1445; x_wconf 71' lang='lat' dir='ltr'>Huiusmodi</span> <span class='ocrx_word' id='word_1_653' title='bbox 1570 1403 1658 1438; x_wconf 86' lang='lat' dir='ltr'>enim</span> <span class='ocrx_word' id='word_1_654' title='bbox 1681 1405 1810 1447; x_wconf 89' lang='lat' dir='ltr'>querela</span> <span class='ocrx_word' id='word_1_655' title='bbox 1832 1408 1936 1441; x_wconf 87' lang='lat' dir='ltr'>movit</span> <span class='ocrx_word' id='word_1_656' title='bbox 1959 1409 2114 1444; x_wconf 74' lang='lat' dir='ltr'>famosam</span> 
     </span>
    </p>

    <p class='ocr_par' dir='ltr' id='par_1_30' title="bbox 1236 1452 2123 1548">
     <span class='ocr_line' id='line_1_91' title="bbox 1238 1452 2122 1498; baseline 0.006 -11"><span class='ocrx_word' id='word_1_657' title='bbox 1238 1453 1326 1487; x_wconf 87' lang='lat' dir='ltr'>illam</span> <span class='ocrx_word' id='word_1_658' title='bbox 1349 1453 1382 1486; x_wconf 89' lang='lat' dir='ltr'>in</span> <span class='ocrx_word' id='word_1_659' title='bbox 1401 1452 1714 1496; x_wconf 82' lang='lat' dir='ltr'>laudatiAugustini</span> <span class='ocrx_word' id='word_1_660' title='bbox 1740 1455 1894 1498; x_wconf 85' lang='lat' dir='ltr'>Epistolis</span> <span class='ocrx_word' id='word_1_661' title='bbox 1912 1457 2004 1492; x_wconf 87' lang='lat' dir='ltr'>litem</span> <span class='ocrx_word' id='word_1_662' title='bbox 2030 1458 2122 1492; x_wconf 72' lang='lat' dir='ltr'>inter.¹</span> 
     </span>
     <span class='ocr_line' id='line_1_92' title="bbox 1236 1502 2123 1548; baseline 0.007 -11"><span class='ocrx_word' id='word_1_663' title='bbox 1236 1503 1463 1537; x_wconf 84' lang='lat' dir='ltr'>Thianensem</span> <span class='ocrx_word' id='word_1_664' title='bbox 1495 1502 1529 1535; x_wconf 84' lang='lat'>&amp;</span> <span class='ocrx_word' id='word_1_665' title='bbox 1553 1502 1671 1537; x_wconf 79' lang='lat' dir='ltr'>distam</span> <span class='ocrx_word' id='word_1_666' title='bbox 1697 1505 1930 1548; x_wconf 79' lang='lat' dir='ltr'>Tagastensem</span> <span class='ocrx_word' id='word_1_667' title='bbox 1959 1507 2123 1543; x_wconf 64' lang='lat' dir='ltr'>Ecclefias</span> 
     </span>
    </p>

    <p class='ocr_par' dir='ltr' id='par_1_31' title="bbox 1236 1553 2273 1647">
     <span class='ocr_line' id='line_1_93' title="bbox 1236 1553 2273 1596; baseline 0.007 -8"><span class='ocrx_word' id='word_1_668' title='bbox 1236 1554 1276 1588; x_wconf 86' lang='lat' dir='ltr'>de</span> <span class='ocrx_word' id='word_1_669' title='bbox 1287 1554 1484 1596; x_wconf 77' lang='lat' dir='ltr'>patrimonio</span> <span class='ocrx_word' id='word_1_670' title='bbox 1498 1553 1665 1587; x_wconf 86' lang='lat' dir='ltr'>Honorati</span> <span class='ocrx_word' id='word_1_671' title='bbox 1690 1554 1892 1596; x_wconf 86' lang='lat' dir='ltr'>Presbyteri.</span> <span class='ocrx_word' id='word_1_672' title='bbox 1917 1556 2012 1591; x_wconf 91' lang='lat' dir='ltr'>Hinc</span> <span class='ocrx_word' id='word_1_673' title='bbox 2034 1559 2121 1593; x_wconf 73' lang='lat' dir='ltr'>item</span> <span class='ocrx_word' id='word_1_674' title='bbox 2135 1557 2183 1594; x_wconf 83' lang='grc' dir='ltr'>ΕΡ·</span> <span class='ocrx_word' id='word_1_675' title='bbox 2207 1559 2273 1595; x_wconf 68' lang='grc'>1·39·’</span> 
     </span>
     <span class='ocr_line' id='line_1_94' title="bbox 1238 1602 2118 1647; baseline 0.006 -10"><span class='ocrx_word' id='word_1_676' title='bbox 1238 1602 1382 1638; x_wconf 86' lang='lat' dir='ltr'>nobilem</span> <span class='ocrx_word' id='word_1_677' title='bbox 1407 1603 1439 1635; x_wconf 68' lang='grc' dir='ltr'>ὃς</span> <span class='ocrx_word' id='word_1_678' title='bbox 1451 1603 1643 1645; x_wconf 84' lang='lat' dir='ltr'>opulentum</span> <span class='ocrx_word' id='word_1_679' title='bbox 1657 1605 1759 1640; x_wconf 86' lang='lat' dir='ltr'>virum</span> <span class='ocrx_word' id='word_1_680' title='bbox 1779 1604 1958 1643; x_wconf 82' lang='lat' dir='ltr'>Pinianum</span> <span class='ocrx_word' id='word_1_681' title='bbox 1970 1631 1981 1647; x_wconf 89' lang='lat'><strong>,</strong></span> <span class='ocrx_word' id='word_1_682' title='bbox 2008 1607 2118 1643; x_wconf 80' lang='lat' dir='ltr'>landa-</span> 
     </span>
    </p>

    <p class='ocr_par' dir='ltr' id='par_1_32' title="bbox 1235 1651 2273 1804">
     <span class='ocr_line' id='line_1_95' title="bbox 1236 1651 2118 1697; baseline 0.011 -13"><span class='ocrx_word' id='word_1_683' title='bbox 1236 1665 1275 1692; x_wconf 78' lang='lat' dir='ltr'>tae</span> <span class='ocrx_word' id='word_1_684' title='bbox 1285 1652 1415 1686; x_wconf 84' lang='lat' dir='ltr'>Albinae</span> <span class='ocrx_word' id='word_1_685' title='bbox 1427 1653 1531 1685; x_wconf 84' lang='lat' dir='ltr'>filium</span> <span class='ocrx_word' id='word_1_686' title='bbox 1545 1677 1556 1693; x_wconf 95' lang='lat'>,</span> <span class='ocrx_word' id='word_1_687' title='bbox 1570 1651 1808 1697; x_wconf 64' lang='lat' dir='ltr'>&gt;Presbyteratu</span> <span class='ocrx_word' id='word_1_688' title='bbox 1833 1656 1956 1692; x_wconf 85' lang='lat' dir='ltr'>donare</span> <span class='ocrx_word' id='word_1_689' title='bbox 1982 1669 2118 1693; x_wconf 72' lang='lat' dir='ltr'>conten-</span> 
     </span>
     <span class='ocr_line' id='line_1_96' title="bbox 1235 1702 2273 1753; baseline 0.007 -17"><span class='ocrx_word' id='word_1_690' title='bbox 1235 1704 1353 1737; x_wconf 86' lang='lat' dir='ltr'>derunt</span> <span class='ocrx_word' id='word_1_691' title='bbox 1379 1702 1412 1735; x_wconf 83' lang='lat'>&amp;</span> <span class='ocrx_word' id='word_1_692' title='bbox 1439 1702 1658 1745; x_wconf 72' lang='lat' dir='ltr'>Hipponensis</span> <span class='ocrx_word' id='word_1_693' title='bbox 1694 1704 1791 1739; x_wconf 90' lang='lat' dir='ltr'>Plebs</span> <span class='ocrx_word' id='word_1_694' title='bbox 1825 1718 1863 1740; x_wconf 85' lang='lat' dir='ltr'>ac</span> <span class='ocrx_word' id='word_1_695' title='bbox 1890 1707 2186 1753; x_wconf 74' lang='lat' dir='ltr'>Tagastenfis.-Ep·</span> <span class='ocrx_word' id='word_1_696' title='bbox 2204 1716 2273 1744; x_wconf 66' lang='grc' dir='ltr'>με.</span> 
     </span>
     <span class='ocr_line' id='line_1_97' title="bbox 1237 1751 2122 1804; baseline 0.011 -19"><span class='ocrx_word' id='word_1_697' title='bbox 1237 1751 1400 1789; x_wconf 87' lang='lat' dir='ltr'>Eumdem</span> <span class='ocrx_word' id='word_1_698' title='bbox 1421 1761 1545 1788; x_wconf 87' lang='lat' dir='ltr'>morem</span> <span class='ocrx_word' id='word_1_699' title='bbox 1570 1752 1705 1795; x_wconf 85' lang='lat' dir='ltr'>probat,</span> <span class='ocrx_word' id='word_1_700' title='bbox 1730 1755 1764 1788; x_wconf 74' lang='grc' dir='ltr'>δε</span> <span class='ocrx_word' id='word_1_701' title='bbox 1789 1755 1830 1789; x_wconf 87' lang='lat' dir='ltr'>ab</span> <span class='ocrx_word' id='word_1_702' title='bbox 1841 1758 1933 1791; x_wconf 86' lang='lat' dir='ltr'>omni</span> <span class='ocrx_word' id='word_1_703' title='bbox 1957 1757 2122 1804; x_wconf 72' lang='lat' dir='ltr'>sot-depu-</span> 
     </span>
    </p>

    <p class='ocr_par' dir='ltr' id='par_1_33' title="bbox 1236 1801 2250 1951">
     <span class='ocr_line' id='line_1_98' title="bbox 1237 1801 2218 1861; baseline 0.009 -25"><span class='ocrx_word' id='word_1_704' title='bbox 1237 1814 1307 1836; x_wconf 86' lang='lat' dir='ltr'>rum</span> <span class='ocrx_word' id='word_1_705' title='bbox 1332 1801 1472 1835; x_wconf 86' lang='lat' dir='ltr'>declarat</span> <span class='ocrx_word' id='word_1_706' title='bbox 1493 1801 1526 1834; x_wconf 86' lang='lat' dir='ltr'>in</span> <span class='ocrx_word' id='word_1_707' title='bbox 1541 1802 1683 1836; x_wconf 89' lang='lat' dir='ltr'>Novella</span> <span class='ocrx_word' id='word_1_708' title='bbox 1703 1803 1746 1837; x_wconf 90' lang='lat' dir='ltr'>ad</span> <span class='ocrx_word' id='word_1_709' title='bbox 1766 1804 1900 1842; x_wconf 87' lang='lat' dir='ltr'>Petrum</span> <span class='ocrx_word' id='word_1_710' title='bbox 1919 1809 2124 1844; x_wconf 81' lang='lat' dir='ltr'>Officiomm.</span> <span class='ocrx_word' id='word_1_711' title='bbox 2135 1833 2163 1861; x_wconf 78' lang='lat' dir='ltr'>l..</span> <span class='ocrx_word' id='word_1_712' title='bbox 2183 1840 2218 1860; x_wconf 59' lang='grc' dir='ltr'><strong>η</strong></span> 
     </span>
     <span class='ocr_line' id='line_1_99' title="bbox 1236 1838 2250 1908; baseline 0.009 -23"><span class='ocrx_word' id='word_1_713' title='bbox 1236 1852 1432 1897; x_wconf 85' lang='lat' dir='ltr'>Magistrum</span> <span class='ocrx_word' id='word_1_714' title='bbox 1453 1852 1526 1895; x_wconf 86' lang='lat' dir='ltr'>lege</span> <span class='ocrx_word' id='word_1_715' title='bbox 1550 1851 1749 1894; x_wconf 80' lang='lat' dir='ltr'>Iustinianus</span> <span class='ocrx_word' id='word_1_716' title='bbox 1780 1854 1967 1900; x_wconf 77' lang='lat' dir='ltr'>Augustus:</span> <span class='ocrx_word' id='word_1_717' title='bbox 1993 1862 2029 1892; x_wconf 75' lang='lat'>51</span> <span class='ocrx_word' id='word_1_718' title='bbox 2047 1865 2160 1903; x_wconf 65' lang='lat' dir='ltr'>quta-10,</span> <span class='ocrx_word' id='word_1_719' title='bbox 2182 1838 2250 1908; x_wconf 69' lang='lat'><em>3.3&#39;</em></span> 
     </span>
     <span class='ocr_line' id='line_1_100' title="bbox 1236 1900 2123 1951; baseline 0.01 -19"><span class='ocrx_word' id='word_1_720' title='bbox 1236 1901 1442 1946; x_wconf 71' lang='lat' dir='ltr'>Epiftoporum</span> <span class='ocrx_word' id='word_1_721' title='bbox 1477 1925 1488 1941; x_wconf 80' lang='lat'>‚</span> <span class='ocrx_word' id='word_1_722' title='bbox 1506 1900 1568 1942; x_wconf 78' lang='lat' dir='ltr'>five</span> <span class='ocrx_word' id='word_1_723' title='bbox 1591 1912 1660 1936; x_wconf 81' lang='lat' dir='ltr'>ante</span> <span class='ocrx_word' id='word_1_724' title='bbox 1676 1903 1766 1947; x_wconf 81' lang='lat' dir='ltr'>suam</span> <span class='ocrx_word' id='word_1_725' title='bbox 1785 1908 2000 1942; x_wconf 80' lang='lat' dir='ltr'>ordinationem</span> <span class='ocrx_word' id='word_1_726' title='bbox 2020 1935 2032 1950; x_wconf 91' lang='lat'>‚</span> <span class='ocrx_word' id='word_1_727' title='bbox 2050 1909 2123 1951; x_wconf 58' lang='grc' dir='ltr'>βω</span> 
     </span>
    </p>

    <p class='ocr_par' dir='ltr' id='par_1_34' title="bbox 1231 1953 2122 1999">
     <span class='ocr_line' id='line_1_101' title="bbox 1231 1953 2122 1999; baseline 0.008 -15"><span class='ocrx_word' id='word_1_728' title='bbox 1231 1953 1294 1996; x_wconf 79' lang='lat' dir='ltr'>post</span> <span class='ocrx_word' id='word_1_729' title='bbox 1305 1954 1428 1987; x_wconf 82' lang='lat' dir='ltr'>voluerit</span> <span class='ocrx_word' id='word_1_730' title='bbox 1435 1957 1575 1996; x_wconf 77' lang='lat' dir='ltr'>proprias</span> <span class='ocrx_word' id='word_1_731' title='bbox 1586 1964 1647 1993; x_wconf 75' lang='lat' dir='ltr'>res,</span> <span class='ocrx_word' id='word_1_732' title='bbox 1670 1963 1724 1987; x_wconf 87' lang='lat' dir='ltr'>aut</span> <span class='ocrx_word' id='word_1_733' title='bbox 1733 1966 1836 1988; x_wconf 84' lang='lat' dir='ltr'>earum</span> <span class='ocrx_word' id='word_1_734' title='bbox 1840 1964 1964 1999; x_wconf 83' lang='lat' dir='ltr'>partem</span> <span class='ocrx_word' id='word_1_735' title='bbox 1981 1958 2122 1999; x_wconf 72' lang='lat' dir='ltr'>Ecclefiae</span> 
     </span>
    </p>

    <p class='ocr_par' dir='ltr' id='par_1_35' title="bbox 1235 2003 2118 2048">
     <span class='ocr_line' id='line_1_102' title="bbox 1235 2003 2118 2048; baseline 0.002 -10"><span class='ocrx_word' id='word_1_736' title='bbox 1235 2003 1333 2047; x_wconf 82' lang='lat' dir='ltr'>offerre</span> <span class='ocrx_word' id='word_1_737' title='bbox 1355 2028 1365 2043; x_wconf 92' lang='lat'><strong>,</strong></span> <span class='ocrx_word' id='word_1_738' title='bbox 1391 2005 1472 2044; x_wconf 77' lang='lat' dir='ltr'>quus</span> <span class='ocrx_word' id='word_1_739' title='bbox 1498 2004 1694 2037; x_wconf 76' lang='lat' dir='ltr'>Sacerdotium</span> <span class='ocrx_word' id='word_1_740' title='bbox 1720 2011 1832 2047; x_wconf 81' lang='lat' dir='ltr'>accepit</span> <span class='ocrx_word' id='word_1_741' title='bbox 1859 2030 1870 2046; x_wconf 95' lang='lat'><strong>‚</strong></span> <span class='ocrx_word' id='word_1_742' title='bbox 1904 2018 1962 2039; x_wconf 83' lang='lat' dir='ltr'>non</span> <span class='ocrx_word' id='word_1_743' title='bbox 1982 2006 2118 2048; x_wconf 70' lang='lat' dir='ltr'>probiba-</span> 
     </span>
    </p>

    <p class='ocr_par' dir='ltr' id='par_1_36' title="bbox 1236 2054 2118 2097">
     <span class='ocr_line' id='line_1_103' title="bbox 1236 2054 2118 2097; baseline 0.001 -9"><span class='ocrx_word' id='word_1_744' title='bbox 1236 2067 1323 2093; x_wconf 81' lang='lat' dir='ltr'>mus,</span> <span class='ocrx_word' id='word_1_745' title='bbox 1345 2055 1381 2087; x_wconf 60' lang='grc' dir='ltr'>δ’</span> <span class='ocrx_word' id='word_1_746' title='bbox 1402 2059 1480 2086; x_wconf 83' lang='lat' dir='ltr'>omni</span> <span class='ocrx_word' id='word_1_747' title='bbox 1503 2054 1738 2088; x_wconf 80' lang='lat' dir='ltr'>condemnatione</span> <span class='ocrx_word' id='word_1_748' title='bbox 1763 2057 1798 2089; x_wconf 62' lang='lat'>(5</span> <span class='ocrx_word' id='word_1_749' title='bbox 1807 2063 1900 2097; x_wconf 82' lang='lat' dir='ltr'>poena</span> <span class='ocrx_word' id='word_1_750' title='bbox 1912 2067 1976 2089; x_wconf 85' lang='lat' dir='ltr'>eum</span> <span class='ocrx_word' id='word_1_751' title='bbox 1990 2056 2118 2091; x_wconf 79' lang='lat' dir='ltr'>liberum</span> 
     </span>
    </p>

    <p class='ocr_par' dir='ltr' id='par_1_37' title="bbox 1236 2103 2116 2150">
     <span class='ocr_line' id='line_1_104' title="bbox 1236 2103 2116 2150; baseline 0.006 -15"><span class='ocrx_word' id='word_1_752' title='bbox 1236 2105 1286 2149; x_wconf 74' lang='lat' dir='ltr'>effi</span> <span class='ocrx_word' id='word_1_753' title='bbox 1295 2103 1465 2147; x_wconf 86' lang='lat' dir='ltr'>sancimus,</span> <span class='ocrx_word' id='word_1_754' title='bbox 1485 2103 1639 2146; x_wconf 77' lang='lat' dir='ltr'>sedetiam</span> <span class='ocrx_word' id='word_1_755' title='bbox 1649 2109 1726 2137; x_wconf 81' lang='lat' dir='ltr'>omni</span> <span class='ocrx_word' id='word_1_756' title='bbox 1753 2105 1842 2138; x_wconf 85' lang='lat' dir='ltr'>laude</span> <span class='ocrx_word' id='word_1_757' title='bbox 1862 2108 1984 2150; x_wconf 78' lang='lat' dir='ltr'>dignum</span> <span class='ocrx_word' id='word_1_758' title='bbox 1995 2108 2116 2148; x_wconf 72' lang='lat' dir='ltr'>judica-</span> 
     </span>
    </p>

    <p class='ocr_par' dir='ltr' id='par_1_38' title="bbox 1236 2151 2119 2400">
     <span class='ocr_line' id='line_1_105' title="bbox 1236 2151 2117 2199; baseline 0.001 -11"><span class='ocrx_word' id='word_1_759' title='bbox 1236 2165 1303 2188; x_wconf 82' lang='lat' dir='ltr'>mus</span> <span class='ocrx_word' id='word_1_760' title='bbox 1330 2178 1342 2195; x_wconf 91' lang='lat'>,</span> <span class='ocrx_word' id='word_1_761' title='bbox 1367 2158 1505 2196; x_wconf 87' lang='lat' dir='ltr'>quoniam</span> <span class='ocrx_word' id='word_1_762' title='bbox 1531 2151 1580 2185; x_wconf 87' lang='lat' dir='ltr'>boc</span> <span class='ocrx_word' id='word_1_763' title='bbox 1605 2163 1661 2188; x_wconf 86' lang='lat' dir='ltr'>non</span> <span class='ocrx_word' id='word_1_764' title='bbox 1686 2153 1727 2195; x_wconf 81' lang='lat' dir='ltr'>est</span> <span class='ocrx_word' id='word_1_765' title='bbox 1749 2161 1857 2197; x_wconf 82' lang='lat' dir='ltr'>emptio</span> <span class='ocrx_word' id='word_1_766' title='bbox 1880 2181 1891 2197; x_wconf 90' lang='lat'><strong>,</strong></span> <span class='ocrx_word' id='word_1_767' title='bbox 1911 2154 1971 2199; x_wconf 82' lang='lat' dir='ltr'>sed</span> <span class='ocrx_word' id='word_1_768' title='bbox 1990 2156 2117 2190; x_wconf 81' lang='lat' dir='ltr'>oblatio.</span> 
     </span>
     <span class='ocr_line' id='line_1_106' title="bbox 1237 2202 2117 2250; baseline 0.002 -12"><span class='ocrx_word' id='word_1_769' title='bbox 1237 2205 1347 2250; x_wconf 81' lang='lat' dir='ltr'>Quare</span> <span class='ocrx_word' id='word_1_770' title='bbox 1367 2203 1515 2238; x_wconf 85' lang='lat' dir='ltr'>eamdem</span> <span class='ocrx_word' id='word_1_771' title='bbox 1528 2202 1731 2239; x_wconf 87' lang='lat' dir='ltr'>oblationem</span> <span class='ocrx_word' id='word_1_772' title='bbox 1745 2206 1836 2239; x_wconf 91' lang='lat' dir='ltr'>nullo</span> <span class='ocrx_word' id='word_1_773' title='bbox 1857 2207 1960 2240; x_wconf 90' lang='lat' dir='ltr'>modo</span> <span class='ocrx_word' id='word_1_774' title='bbox 1978 2206 2117 2240; x_wconf 81' lang='lat' dir='ltr'>damnat</span> 
     </span>
     <span class='ocr_line' id='line_1_107' title="bbox 1238 2253 2119 2298; baseline 0.002 -10"><span class='ocrx_word' id='word_1_775' title='bbox 1238 2255 1370 2298; x_wconf 82' lang='lat' dir='ltr'>quintus</span> <span class='ocrx_word' id='word_1_776' title='bbox 1393 2254 1511 2288; x_wconf 83' lang='lat' dir='ltr'>Canon</span> <span class='ocrx_word' id='word_1_777' title='bbox 1536 2253 1677 2296; x_wconf 71' lang='lat' dir='ltr'>septima:</span> <span class='ocrx_word' id='word_1_778' title='bbox 1699 2255 1826 2298; x_wconf 89' lang='lat' dir='ltr'>Synodi</span> <span class='ocrx_word' id='word_1_779' title='bbox 1848 2268 1856 2288; x_wconf 89' lang='lat'><strong>:</strong></span> <span class='ocrx_word' id='word_1_780' title='bbox 1893 2255 2119 2291; x_wconf 71' lang='lat' dir='ltr'>Solummode·</span> 
     </span>
     <span class='ocr_line' id='line_1_108' title="bbox 1238 2303 2119 2350; baseline 0.001 -11"><span class='ocrx_word' id='word_1_781' title='bbox 1238 2306 1370 2339; x_wconf 89' lang='lat' dir='ltr'>damnat</span> <span class='ocrx_word' id='word_1_782' title='bbox 1393 2315 1505 2338; x_wconf 88' lang='lat' dir='ltr'>eorum</span> <span class='ocrx_word' id='word_1_783' title='bbox 1518 2303 1688 2337; x_wconf 84' lang='lat' dir='ltr'>stultitiam</span> <span class='ocrx_word' id='word_1_784' title='bbox 1716 2305 1877 2340; x_wconf 84' lang='lat' dir='ltr'>&amp;fastum</span> <span class='ocrx_word' id='word_1_785' title='bbox 1891 2330 1901 2346; x_wconf 90' lang='lat'>,</span> <span class='ocrx_word' id='word_1_786' title='bbox 1927 2306 1984 2350; x_wconf 89' lang='lat' dir='ltr'>qui</span> <span class='ocrx_word' id='word_1_787' title='bbox 2005 2305 2119 2340; x_wconf 70' lang='lat' dir='ltr'>fimili‘n</span> 
     </span>
     <span class='ocr_line' id='line_1_109' title="bbox 1238 2354 2116 2400; baseline 0.001 -11"><span class='ocrx_word' id='word_1_788' title='bbox 1238 2355 1416 2390; x_wconf 86' lang='lat' dir='ltr'>oblationis</span> <span class='ocrx_word' id='word_1_789' title='bbox 1441 2355 1535 2388; x_wconf 83' lang='lat' dir='ltr'>causa</span> <span class='ocrx_word' id='word_1_790' title='bbox 1569 2354 1823 2389; x_wconf 82' lang='lat' dir='ltr'>contemnebant</span> <span class='ocrx_word' id='word_1_791' title='bbox 1846 2366 1998 2400; x_wconf 82' lang='lat' dir='ltr'>pauperes</span> <span class='ocrx_word' id='word_1_792' title='bbox 2019 2380 2031 2397; x_wconf 92' lang='lat'>,</span> <span class='ocrx_word' id='word_1_793' title='bbox 2057 2354 2116 2399; x_wconf 61' lang='grc' dir='ltr'>(χοῖ</span> 
     </span>
    </p>

    <p class='ocr_par' dir='ltr' id='par_1_39' title="bbox 1240 2403 2116 2448">
     <span class='ocr_line' id='line_1_110' title="bbox 1240 2403 2116 2448; baseline -0.002 -9"><span class='ocrx_word' id='word_1_794' title='bbox 1240 2405 1322 2439; x_wconf 88' lang='lat' dir='ltr'>nihil</span> <span class='ocrx_word' id='word_1_795' title='bbox 1348 2405 1555 2438; x_wconf 84' lang='lat' dir='ltr'>contulerant</span> <span class='ocrx_word' id='word_1_796' title='bbox 1577 2428 1587 2443; x_wconf 94' lang='lat'>,</span> <span class='ocrx_word' id='word_1_797' title='bbox 1626 2405 1696 2447; x_wconf 82' lang='lat' dir='ltr'>ipsis</span> <span class='ocrx_word' id='word_1_798' title='bbox 1717 2403 1904 2440; x_wconf 85' lang='lat' dir='ltr'>ambiebant</span> <span class='ocrx_word' id='word_1_799' title='bbox 1935 2404 2116 2448; x_wconf 78' lang='lat' dir='ltr'>anteponi,</span> 
     </span>
    </p>

    <p class='ocr_par' dir='ltr' id='par_1_40' title="bbox 1238 2453 2115 2499">
     <span class='ocr_line' id='line_1_111' title="bbox 1238 2453 2115 2499; baseline -0.002 -10"><span class='ocrx_word' id='word_1_800' title='bbox 1238 2466 1335 2499; x_wconf 79' lang='lat' dir='ltr'>atque</span> <span class='ocrx_word' id='word_1_801' title='bbox 1358 2456 1402 2487; x_wconf 87' lang='lat' dir='ltr'>ita</span> <span class='ocrx_word' id='word_1_802' title='bbox 1424 2466 1537 2488; x_wconf 87' lang='lat' dir='ltr'>eorum</span> <span class='ocrx_word' id='word_1_803' title='bbox 1561 2454 1735 2487; x_wconf 84' lang='lat' dir='ltr'>virtutibus</span> <span class='ocrx_word' id='word_1_804' title='bbox 1765 2456 1855 2488; x_wconf 86' lang='lat' dir='ltr'>suum</span> <span class='ocrx_word' id='word_1_805' title='bbox 1880 2467 1994 2490; x_wconf 86' lang='lat' dir='ltr'>aurum</span> <span class='ocrx_word' id='word_1_806' title='bbox 2014 2453 2115 2488; x_wconf 73' lang='lat' dir='ltr'>etiam</span> 
     </span>
    </p>

    <p class='ocr_par' dir='ltr' id='par_1_41' title="bbox 1237 2503 2117 2694">
     <span class='ocr_line' id='line_1_112' title="bbox 1238 2503 2117 2548; baseline -0.005 -8"><span class='ocrx_word' id='word_1_807' title='bbox 1238 2517 1312 2540; x_wconf 89' lang='lat' dir='ltr'>cum</span> <span class='ocrx_word' id='word_1_808' title='bbox 1349 2505 1551 2548; x_wconf 86' lang='lat' dir='ltr'>improperiis</span> <span class='ocrx_word' id='word_1_809' title='bbox 1589 2504 1622 2536; x_wconf 78' lang='grc' dir='ltr'>δε</span> <span class='ocrx_word' id='word_1_810' title='bbox 1645 2504 1857 2536; x_wconf 86' lang='lat' dir='ltr'>contumeliis</span> <span class='ocrx_word' id='word_1_811' title='bbox 1886 2503 2117 2544; x_wconf 52' lang='lat' dir='ltr'>praeferebant-1</span> 
     </span>
     <span class='ocr_line' id='line_1_113' title="bbox 1239 2551 2115 2595; baseline -0.003 -6"><span class='ocrx_word' id='word_1_812' title='bbox 1239 2556 1385 2589; x_wconf 85' lang='lat' dir='ltr'>Damnat</span> <span class='ocrx_word' id='word_1_813' title='bbox 1410 2555 1554 2591; x_wconf 84' lang='lat' dir='ltr'>&amp;istos‚</span> <span class='ocrx_word' id='word_1_814' title='bbox 1579 2551 1713 2593; x_wconf 90' lang='lat' dir='ltr'>quinon</span> <span class='ocrx_word' id='word_1_815' title='bbox 1727 2552 1796 2595; x_wconf 88' lang='lat' dir='ltr'>post</span> <span class='ocrx_word' id='word_1_816' title='bbox 1814 2576 1825 2592; x_wconf 91' lang='lat'><strong>,</strong></span> <span class='ocrx_word' id='word_1_817' title='bbox 1853 2551 1907 2586; x_wconf 89' lang='lat' dir='ltr'>sed</span> <span class='ocrx_word' id='word_1_818' title='bbox 1926 2561 2002 2586; x_wconf 90' lang='lat' dir='ltr'>ante</span> <span class='ocrx_word' id='word_1_819' title='bbox 2022 2555 2115 2587; x_wconf 84' lang='lat' dir='ltr'>suam</span> 
     </span>
     <span class='ocr_line' id='line_1_114' title="bbox 1237 2602 2117 2645; baseline -0.005 -5"><span class='ocrx_word' id='word_1_820' title='bbox 1237 2606 1430 2640; x_wconf 67' lang='lat' dir='ltr'>electionem</span> <span class='ocrx_word' id='word_1_821' title='bbox 1442 2603 1625 2636; x_wconf 88' lang='lat' dir='ltr'>obtulerant</span> <span class='ocrx_word' id='word_1_822' title='bbox 1638 2626 1647 2641; x_wconf 92' lang='lat'>‚</span> <span class='ocrx_word' id='word_1_823' title='bbox 1674 2612 1771 2645; x_wconf 87' lang='lat' dir='ltr'>atque</span> <span class='ocrx_word' id='word_1_824' title='bbox 1790 2602 1833 2635; x_wconf 67' lang='lat' dir='ltr'>ita</span> <span class='ocrx_word' id='word_1_825' title='bbox 1859 2602 2039 2636; x_wconf 87' lang='lat' dir='ltr'>elicuerant</span> <span class='ocrx_word' id='word_1_826' title='bbox 2052 2602 2117 2636; x_wconf 84' lang='lat' dir='ltr'>ele-</span> 
     </span>
     <span class='ocr_line' id='line_1_115' title="bbox 1239 2651 2116 2694; baseline -0.005 -4"><span class='ocrx_word' id='word_1_827' title='bbox 1239 2657 1402 2690; x_wconf 61' lang='lat' dir='ltr'>aionem.-</span> <span class='ocrx_word' id='word_1_828' title='bbox 1430 2653 1502 2686; x_wconf 84' lang='lat' dir='ltr'>Effe</span> <span class='ocrx_word' id='word_1_829' title='bbox 1513 2653 1596 2686; x_wconf 89' lang='lat' dir='ltr'>dicit</span> <span class='ocrx_word' id='word_1_830' title='bbox 1612 2652 1739 2694; x_wconf 86' lang='lat' dir='ltr'>plenam</span> <span class='ocrx_word' id='word_1_831' title='bbox 1753 2651 1956 2691; x_wconf 76' lang='lat' dir='ltr'>simoniam,</span> <span class='ocrx_word' id='word_1_832' title='bbox 1983 2652 2116 2686; x_wconf 79' lang='lat' dir='ltr'>damna·</span> 
     </span>
    </p>

    <p class='ocr_par' dir='ltr' id='par_1_42' title="bbox 1239 2699 2119 2746">
     <span class='ocr_line' id='line_1_116' title="bbox 1239 2699 2119 2746; baseline -0.006 -6"><span class='ocrx_word' id='word_1_833' title='bbox 1239 2705 1335 2740; x_wconf 69' lang='lat' dir='ltr'>tama</span> <span class='ocrx_word' id='word_1_834' title='bbox 1346 2702 1482 2746; x_wconf 88' lang='lat' dir='ltr'>Synodo</span> <span class='ocrx_word' id='word_1_835' title='bbox 1494 2699 1751 2736; x_wconf 86' lang='lat' dir='ltr'>Chalcedonenfi</span> <span class='ocrx_word' id='word_1_836' title='bbox 1767 2727 1773 2733; x_wconf 97' lang='lat'>.</span> <span class='ocrx_word' id='word_1_837' title='bbox 1805 2702 1895 2735; x_wconf 86' lang='lat' dir='ltr'>Hinc</span> <span class='ocrx_word' id='word_1_838' title='bbox 1910 2703 1989 2735; x_wconf 87' lang='lat' dir='ltr'>item</span> <span class='ocrx_word' id='word_1_839' title='bbox 2005 2703 2119 2735; x_wconf 60' lang='lat' dir='ltr'>secun»</span> 
     </span>
    </p>

    <p class='ocr_par' dir='ltr' id='par_1_43' title="bbox 1240 2750 2110 2794">
     <span class='ocr_line' id='line_1_117' title="bbox 1240 2750 2110 2794; baseline -0.006 -4"><span class='ocrx_word' id='word_1_840' title='bbox 1240 2756 1280 2790; x_wconf 89' lang='lat' dir='ltr'>da</span> <span class='ocrx_word' id='word_1_841' title='bbox 1301 2753 1528 2789; x_wconf 66' lang='lat' dir='ltr'>cabilonensis</span> <span class='ocrx_word' id='word_1_842' title='bbox 1539 2751 1691 2794; x_wconf 90' lang='lat' dir='ltr'>Synodus</span> <span class='ocrx_word' id='word_1_843' title='bbox 1704 2750 1882 2794; x_wconf 85' lang='lat' dir='ltr'>Episcopos</span> <span class='ocrx_word' id='word_1_844' title='bbox 1909 2750 2110 2791; x_wconf 81' lang='lat' dir='ltr'>&amp;Abbates‚</span> 
     </span>
    </p>

    <p class='ocr_par' dir='ltr' id='par_1_44' title="bbox 1239 2800 2251 2890">
     <span class='ocr_line' id='line_1_118' title="bbox 1239 2800 2251 2849; baseline -0.005 -10"><span class='ocrx_word' id='word_1_845' title='bbox 1239 2806 1295 2849; x_wconf 86' lang='lat' dir='ltr'>qui</span> <span class='ocrx_word' id='word_1_846' title='bbox 1318 2804 1492 2847; x_wconf 82' lang='lat' dir='ltr'>opulentos</span> <span class='ocrx_word' id='word_1_847' title='bbox 1516 2801 1667 2835; x_wconf 85' lang='lat' dir='ltr'>homines</span> <span class='ocrx_word' id='word_1_848' title='bbox 1687 2801 1783 2834; x_wconf 78' lang='lat' dir='ltr'>fimili</span> <span class='ocrx_word' id='word_1_849' title='bbox 1798 2800 2055 2843; x_wconf 87' lang='lat' dir='ltr'>speadliciebant</span> <span class='ocrx_word' id='word_1_850' title='bbox 2080 2801 2116 2835; x_wconf 85' lang='lat'>&amp;</span> <span class='ocrx_word' id='word_1_851' title='bbox 2132 2809 2197 2844; x_wconf 45' lang='grc' dir='ltr'>(χε.</span> <span class='ocrx_word' id='word_1_852' title='bbox 2219 2818 2251 2845; x_wconf 74' lang='lat'>7.</span> 
     </span>
     <span class='ocr_line' id='line_1_119' title="bbox 1240 2849 2115 2890; baseline -0.009 0"><span class='ocrx_word' id='word_1_853' title='bbox 1240 2852 1544 2890; x_wconf 84' lang='lat' dir='ltr'>circumscribebant</span> <span class='ocrx_word' id='word_1_854' title='bbox 1566 2851 1605 2884; x_wconf 88' lang='lat' dir='ltr'>ad</span> <span class='ocrx_word' id='word_1_855' title='bbox 1625 2851 1825 2884; x_wconf 84' lang='lat' dir='ltr'>Clericatum</span> <span class='ocrx_word' id='word_1_856' title='bbox 1850 2861 1905 2884; x_wconf 88' lang='lat' dir='ltr'>aut</span> <span class='ocrx_word' id='word_1_857' title='bbox 1933 2849 2115 2884; x_wconf 66' lang='lat' dir='ltr'>Monacha-</span> 
     </span>
    </p>

    <p class='ocr_par' dir='ltr' id='par_1_45' title="bbox 1241 2900 2118 2992">
     <span class='ocr_line' id='line_1_120' title="bbox 1241 2900 2117 2944; baseline -0.007 -4"><span class='ocrx_word' id='word_1_858' title='bbox 1241 2917 1332 2944; x_wconf 85' lang='lat' dir='ltr'>tum,</span> <span class='ocrx_word' id='word_1_859' title='bbox 1359 2903 1493 2936; x_wconf 83' lang='lat' dir='ltr'>damnat</span> <span class='ocrx_word' id='word_1_860' title='bbox 1505 2901 1656 2936; x_wconf 70' lang='lat' dir='ltr'>simoniae</span> <span class='ocrx_word' id='word_1_861' title='bbox 1682 2901 1715 2934; x_wconf 74' lang='grc' dir='ltr'>δε</span> <span class='ocrx_word' id='word_1_862' title='bbox 1735 2901 1937 2943; x_wconf 86' lang='lat' dir='ltr'>rapacitatis,</span> <span class='ocrx_word' id='word_1_863' title='bbox 1961 2900 2117 2944; x_wconf 78' lang='lat' dir='ltr'>cogitque</span> 
     </span>
     <span class='ocr_line' id='line_1_121' title="bbox 1242 2948 2118 2992; baseline -0.007 -3"><span class='ocrx_word' id='word_1_864' title='bbox 1242 2953 1416 2989; x_wconf 79' lang='lat' dir='ltr'>haeredibus</span> <span class='ocrx_word' id='word_1_865' title='bbox 1427 2952 1466 2985; x_wconf 90' lang='lat' dir='ltr'>ad</span> <span class='ocrx_word' id='word_1_866' title='bbox 1479 2951 1736 2985; x_wconf 86' lang='lat' dir='ltr'>restitutionem.</span> <span class='ocrx_word' id='word_1_867' title='bbox 1768 2952 1817 2983; x_wconf 83' lang='lat' dir='ltr'>Ex</span> <span class='ocrx_word' id='word_1_868' title='bbox 1830 2949 1944 2984; x_wconf 84' lang='lat' dir='ltr'>eodem</span> <span class='ocrx_word' id='word_1_869' title='bbox 1955 2948 2118 2992; x_wconf 78' lang='lat' dir='ltr'>principio</span> 
     </span>
    </p>

    <p class='ocr_par' dir='ltr' id='par_1_46' title="bbox 1244 2997 2115 3046">
     <span class='ocr_line' id='line_1_122' title="bbox 1244 2997 2115 3046; baseline -0.006 -8"><span class='ocrx_word' id='word_1_870' title='bbox 1244 3005 1334 3039; x_wconf 90' lang='lat' dir='ltr'>illurn</span> <span class='ocrx_word' id='word_1_871' title='bbox 1353 3028 1364 3044; x_wconf 89' lang='lat'>‚</span> <span class='ocrx_word' id='word_1_872' title='bbox 1393 3003 1448 3046; x_wconf 91' lang='lat' dir='ltr'>qui</span> <span class='ocrx_word' id='word_1_873' title='bbox 1461 3001 1669 3035; x_wconf 83' lang='lat' dir='ltr'>Praebendam</span> <span class='ocrx_word' id='word_1_874' title='bbox 1683 3009 1738 3034; x_wconf 84' lang='lat' dir='ltr'>aur.</span> <span class='ocrx_word' id='word_1_875' title='bbox 1748 3000 1835 3034; x_wconf 87' lang='lat' dir='ltr'>aliud</span> <span class='ocrx_word' id='word_1_876' title='bbox 1850 2997 2043 3033; x_wconf 79' lang='lat' dir='ltr'>beneficium</span> <span class='ocrx_word' id='word_1_877' title='bbox 2055 2998 2115 3033; x_wconf 87' lang='lat' dir='ltr'>sub</span> 
     </span>
    </p>

    <p class='ocr_par' dir='ltr' id='par_1_47' title="bbox 1241 3048 2118 3097">
     <span class='ocr_line' id='line_1_123' title="bbox 1241 3048 2118 3097; baseline -0.002 -12"><span class='ocrx_word' id='word_1_878' title='bbox 1241 3055 1308 3097; x_wconf 83' lang='lat' dir='ltr'>ejus</span> <span class='ocrx_word' id='word_1_879' title='bbox 1329 3054 1430 3097; x_wconf 86' lang='lat' dir='ltr'>prima</span> <span class='ocrx_word' id='word_1_880' title='bbox 1445 3052 1514 3085; x_wconf 89' lang='lat' dir='ltr'>vice</span> <span class='ocrx_word' id='word_1_881' title='bbox 1540 3050 1720 3094; x_wconf 86' lang='lat' dir='ltr'>accipiendi</span> <span class='ocrx_word' id='word_1_882' title='bbox 1734 3051 1826 3094; x_wconf 60' lang='lat' dir='ltr'>padio</span> <span class='ocrx_word' id='word_1_883' title='bbox 1845 3048 1941 3091; x_wconf 83' lang='lat' dir='ltr'>erigit</span> <span class='ocrx_word' id='word_1_884' title='bbox 1966 3057 2023 3082; x_wconf 82' lang='lat' dir='ltr'>aut</span> <span class='ocrx_word' id='word_1_885' title='bbox 2044 3049 2118 3082; x_wconf 73' lang='lat' dir='ltr'>fun-</span> 
     </span>
    </p>

    <p class='ocr_par' dir='ltr' id='par_1_48' title="bbox 1240 3098 2116 3248">
     <span class='ocr_line' id='line_1_124' title="bbox 1241 3098 2116 3142; baseline -0.007 -4"><span class='ocrx_word' id='word_1_886' title='bbox 1241 3105 1318 3142; x_wconf 80' lang='lat' dir='ltr'>dat,</span> <span class='ocrx_word' id='word_1_887' title='bbox 1343 3103 1384 3136; x_wconf 87' lang='lat' dir='ltr'>de</span> <span class='ocrx_word' id='word_1_888' title='bbox 1396 3102 1542 3136; x_wconf 88' lang='lat' dir='ltr'>Simonia</span> <span class='ocrx_word' id='word_1_889' title='bbox 1563 3101 1732 3134; x_wconf 84' lang='lat' dir='ltr'>damnavit</span> <span class='ocrx_word' id='word_1_890' title='bbox 1752 3098 1963 3132; x_wconf 84' lang='lat' dir='ltr'>Innocentius</span> <span class='ocrx_word' id='word_1_891' title='bbox 1983 3099 2116 3132; x_wconf 71' lang='lat' dir='ltr'>tertius.</span> 
     </span>
     <span class='ocr_line' id='line_1_125' title="bbox 1240 3147 2116 3191; baseline -0.008 -4"><span class='ocrx_word' id='word_1_892' title='bbox 1240 3152 1367 3187; x_wconf 70' lang='lat' dir='ltr'>Verum</span> <span class='ocrx_word' id='word_1_893' title='bbox 1386 3149 1454 3185; x_wconf 79' lang='lat' dir='ltr'>haec</span> <span class='ocrx_word' id='word_1_894' title='bbox 1473 3151 1600 3185; x_wconf 79' lang='lat' dir='ltr'>oblatio</span> <span class='ocrx_word' id='word_1_895' title='bbox 1627 3161 1682 3185; x_wconf 84' lang='lat' dir='ltr'>aut</span> <span class='ocrx_word' id='word_1_896' title='bbox 1700 3147 1824 3183; x_wconf 75' lang='lat' dir='ltr'>exactio</span> <span class='ocrx_word' id='word_1_897' title='bbox 1850 3157 1918 3180; x_wconf 89' lang='lat' dir='ltr'>non</span> <span class='ocrx_word' id='word_1_898' title='bbox 1932 3148 2046 3191; x_wconf 61' lang='lat' dir='ltr'>specht</span> <span class='ocrx_word' id='word_1_899' title='bbox 2072 3148 2116 3183; x_wconf 81' lang='lat' dir='ltr'>ad</span> 
     </span>
     <span class='ocr_line' id='line_1_126' title="bbox 1243 3202 1596 3248; baseline -0.008 -11"><span class='ocrx_word' id='word_1_900' title='bbox 1243 3205 1374 3248; x_wconf 83' lang='lat' dir='ltr'>praesens</span> <span class='ocrx_word' id='word_1_901' title='bbox 1388 3202 1572 3236; x_wconf 85' lang='lat' dir='ltr'>institutum</span> <span class='ocrx_word' id='word_1_902' title='bbox 1588 3226 1596 3234; x_wconf 88' lang='lat'>.</span> 
     </span>
    </p>

    <p class='ocr_par' dir='ltr' id='par_1_49' title="bbox 1292 3247 2118 3297">
     <span class='ocr_line' id='line_1_127' title="bbox 1292 3247 2118 3297; baseline -0.002 -12"><span class='ocrx_word' id='word_1_903' title='bbox 1292 3254 1417 3297; x_wconf 61' lang='lat' dir='ltr'>Spedht</span> <span class='ocrx_word' id='word_1_904' title='bbox 1437 3253 1492 3285; x_wconf 89' lang='lat' dir='ltr'>illa</span> <span class='ocrx_word' id='word_1_905' title='bbox 1512 3251 1662 3288; x_wconf 68' lang='lat' dir='ltr'>exastio,</span> <span class='ocrx_word' id='word_1_906' title='bbox 1682 3258 1779 3289; x_wconf 80' lang='lat' dir='ltr'>quam</span> <span class='ocrx_word' id='word_1_907' title='bbox 1805 3247 1887 3280; x_wconf 84' lang='lat' dir='ltr'>olim</span> <span class='ocrx_word' id='word_1_908' title='bbox 1899 3247 2092 3282; x_wconf 78' lang='lat' dir='ltr'>Patriarchae</span> <span class='ocrx_word' id='word_1_909' title='bbox 2106 3272 2118 3288; x_wconf 84' lang='lat'><em>‚</em></span> 
     </span>
    </p>

    <p class='ocr_par' dir='ltr' id='par_1_50' title="bbox 1225 3296 2120 3439">
     <span class='ocr_line' id='line_1_128' title="bbox 1225 3296 2120 3344; baseline 0.003 -16"><span class='ocrx_word' id='word_1_910' title='bbox 1225 3337 1228 3344; x_wconf 36' lang='grc' dir='ltr'><strong><em>Ι</em></strong></span> <span class='ocrx_word' id='word_1_911' title='bbox 1244 3304 1418 3341; x_wconf 58' lang='lat' dir='ltr'>primnes,</span> <span class='ocrx_word' id='word_1_912' title='bbox 1447 3298 1664 3342; x_wconf 67' lang='lat' dir='ltr'>Metropolitae</span> <span class='ocrx_word' id='word_1_913' title='bbox 1676 3321 1685 3336; x_wconf 94' lang='lat'>‚</span> <span class='ocrx_word' id='word_1_914' title='bbox 1713 3296 1865 3340; x_wconf 80' lang='lat' dir='ltr'>Episcopi</span> <span class='ocrx_word' id='word_1_915' title='bbox 1884 3309 1941 3341; x_wconf 89' lang='lat' dir='ltr'>pro</span> <span class='ocrx_word' id='word_1_916' title='bbox 1952 3298 2120 3339; x_wconf 75' lang='lat' dir='ltr'>Metropo-</span> 
     </span>
     <span class='ocr_line' id='line_1_129' title="bbox 1226 3346 2119 3394; baseline -0.002 -12"><span class='ocrx_word' id='word_1_917' title='bbox 1226 3346 1374 3387; x_wconf 74' lang='lat' dir='ltr'>{litarurn</span> <span class='ocrx_word' id='word_1_918' title='bbox 1389 3377 1398 3392; x_wconf 90' lang='lat'>‚</span> <span class='ocrx_word' id='word_1_919' title='bbox 1427 3351 1681 3394; x_wconf 85' lang='lat' dir='ltr'>Episcoporum,</span> <span class='ocrx_word' id='word_1_920' title='bbox 1708 3346 1901 3387; x_wconf 88' lang='lat' dir='ltr'>Abbatum,</span> <span class='ocrx_word' id='word_1_921' title='bbox 1928 3359 1965 3380; x_wconf 90' lang='lat' dir='ltr'>ac</span> <span class='ocrx_word' id='word_1_922' title='bbox 1980 3347 2119 3380; x_wconf 82' lang='lat' dir='ltr'>aliorum</span> 
     </span>
     <span class='ocr_line' id='line_1_130' title="bbox 1248 3396 2118 3439; baseline -0.008 -3"><span class='ocrx_word' id='word_1_923' title='bbox 1248 3404 1433 3437; x_wconf 66' lang='lat' dir='ltr'>Elestorum</span> <span class='ocrx_word' id='word_1_924' title='bbox 1452 3397 1704 3432; x_wconf 75' lang='lat' dir='ltr'>confirmatione</span> <span class='ocrx_word' id='word_1_925' title='bbox 1746 3408 1800 3431; x_wconf 87' lang='lat' dir='ltr'>aut</span> <span class='ocrx_word' id='word_1_926' title='bbox 1837 3397 1944 3430; x_wconf 87' lang='lat' dir='ltr'>Pallio</span> <span class='ocrx_word' id='word_1_927' title='bbox 1980 3396 2118 3439; x_wconf 85' lang='lat' dir='ltr'>postula-</span> 
     </span>
    </p>

    <p class='ocr_par' dir='ltr' id='par_1_51' title="bbox 1247 3445 2125 3494">
     <span class='ocr_line' id='line_1_131' title="bbox 1247 3445 2125 3494; baseline -0.001 -14"><span class='ocrx_word' id='word_1_928' title='bbox 1247 3465 1322 3488; x_wconf 85' lang='lat' dir='ltr'>runt</span> <span class='ocrx_word' id='word_1_929' title='bbox 1334 3478 1344 3494; x_wconf 86' lang='lat'>,</span> <span class='ocrx_word' id='word_1_930' title='bbox 1359 3452 1472 3492; x_wconf 75' lang='lat' dir='ltr'>dequa</span> <span class='ocrx_word' id='word_1_931' title='bbox 1482 3447 1521 3482; x_wconf 85' lang='lat' dir='ltr'>ad</span> <span class='ocrx_word' id='word_1_932' title='bbox 1536 3447 1755 3482; x_wconf 69' lang='lat' dir='ltr'>patriarcham</span> <span class='ocrx_word' id='word_1_933' title='bbox 1776 3445 2023 3482; x_wconf 65' lang='lat' dir='ltr'>Antiochenam</span> <span class='ocrx_word' id='word_1_934' title='bbox 2049 3445 2125 3479; x_wconf 80' lang='lat' dir='ltr'>scri·</span> 
     </span>
    </p>
   </div>
   <div class='ocr_carea' id='block_1_17' title="bbox 2027 3493 2077 3531">
    <p class='ocr_par' dir='ltr' id='par_1_52' title="bbox 2027 3493 2077 3531">
     <span class='ocr_line' id='line_1_132' title="bbox 2027 3493 2077 3531; baseline 0.04 -3"><span class='ocrx_word' id='word_1_935' title='bbox 2027 3493 2077 3531; x_wconf 79' lang='lat' dir='ltr'>bit</span> 
     </span>
    </p>
   </div>
  </div>
 </body>
</html>
