2352 3736
72 869 148 906 Cap.
174 881 229 904 ιιι.

75 2289 229 2323 Lib-ceo.

538 192 567 221 D
605 194 626 220 E
701 191 730 220 H
767 191 794 219 A
830 190 856 218 C

250 259 441 298 c'tae'Mariae
451 259 632 303 Majorisin
656 240 841 303 Exquiliis,
865 258 899 292 δε
921 257 1028 292 Sanffl
1048 256 1127 290 Lau·

929 174 1331 219 REMENSI

1400 174 1776 219 SYNono.
1887 187 1979 232 205

1194 256 1496 293 Petriinstitutum.
1523 257 1725 293 Crediderim
1746 260 1810 292 esse
1830 270 1897 293 rem
1919 268 2063 303 coeptam

249 311 345 344 rentii
357 311 391 343 in
403 322 481 356 agro
493 310 627 345 Verano
640 335 647 343 .
674 310 837 345 Omnium
849 310 1002 353 praecipua
1014 306 1057 341 est
1070 306 1129 339 Ba·
1171 320 1173 331 ¹
1189 306 1334 344 &Sandio
1347 308 1512 353 Sylvestro
1521 334 1531 350 ,
1545 310 1578 343 δε
1591 309 1608 342 ὲ
1620 308 2040 352 Successoribus‘perfestam
2051 335 2060 343 .

250 360 337 393 silica
360 361 583 395 Lateranensis
593 386 604 402 ,
631 370 749 404 utpote
783 357 929 393 Romani
953 356 1127 394 pontificis

251 410 445 452 Apostolica
456 409 551 445 Sedes
564 435 574 451 ,
602 412 636 446 ὅτ.
648 410 732 447 urbis
745 407 885 446 Ecclesia
897 405 1121 440 Cathedralis.

252 462 395 505 Singulae
406 462 504 496 solem
512 462 564 495 nia
587 463 642 495 sua
667 461 788 501 semper
812 455 996 490 habuerunt
1020 456 1127 499 quoti-

253 511 306 544 die
316 511 441 546 Divina
454 512 561 549 officia
575 535 582 544 .
594 512 632 548 In
643 508 704 543 hac
713 519 798 542 unus
811 506 957 550 quotidie
968 505 1126 540 Cardina-

250 567 290 599 lis
302 566 478 611 Episcopus
489 573 543 606 pet
555 560 641 594 vices
652 582 663 597 ,
689 559 725 591 in
736 556 809 591 aliis
832 557 1017 591 Cardinalis
1039 556 1127 589 Pres-

251 616 343 660 byter
376 613 527 649 solemnis
555 608 663 642 Missae
695 607 888 642 sacrificium
920 605 1101 640 celebrabat
1113 627 1123 642 ‚

248 668 390 711 ideoque
400 660 519 709 viginti
529 659 612 696 olim
623 658 699 692 οᾶο
710 668 801 693 erant
812 655 995 699 Presbyteri
1008 655 1122 688 Cardi-

248 718 338 751 nales
348 740 355 747 .
385 714 508 750 Eorum
521 710 554 743 in
566 719 706 753 quatuor
713 705 988 746 patriarchalibus
1010 705 1119 742 Eccle-

248 813 429 853 Onufrium
439 811 628 847 Patauinum
643 809 676 842 in
685 807 845 851 opusculo
865 806 906 845 de
927 805 1118 848 Principali-

245 866 304 900 bus
314 858 692 897 BafilicisAlmaeurbis.
721 858 766 892 Et
788 857 863 901 quia
884 855 1034 890 omnium
1059 855 1118 888 Ec—

244 912 408 950 clesiarum
420 908 606 950 sollicitudo
618 910 740 951 semper
751 907 816 942 fuit
840 906 987 940 Romani
1007 905 1118 939 Ponti-

244 965 313 1000 ficis
324 961 516 1009 quotidiana
528 959 703 999 instantia,
730 957 850 995 Sans’tae
864 956 1005 990 Ruffinae
1027 954 1117 998 Epis-

243 1027 346 1060 copus
357 1016 390 1048 in
400 1013 478 1048 urbe
491 1010 667 1049 Leonina,
694 1008 748 1042 seu
770 1007 876 1042 Sanffi
899 1005 989 1040 Petri
1011 1004 1118 1039 subur·

244 1067 302 1102 bio
314 1091 324 1107 ‚
350 1062 540 1103 portuensis
552 1070 659 1094 autem
675 1059 708 1092 in
732 1057 993 1105 Transtyberina
1016 1056 1119 1100 regio-

244 1129 287 1151 ne
307 1113 502 1151 exercebant
523 1113 611 1148 actus
633 1107 861 1152 Episcopale3‚
898 1116 1064 1149 tamquam
1084 1106 1119 1138 il—

245 1168 307 1200 lius
332 1164 485 1207 occupati
506 1170 561 1195 aut
579 1158 720 1193 absentis
752 1158 855 1191 vicem
883 1167 1049 1201 gerentes.
1077 1154 1119 1188 Et

245 1218 310 1252 hoc
321 1216 365 1254 est
379 1214 548 1252 officium,
576 1209 665 1254 quod
690 1207 887 1253 sub-sancto
912 1207 1009 1240 Petro
1033 1204 1122 1248 Apo-

245 1267 330 1300 stolo
341 1264 567 1298 existimantur
579 1258 704 1303 geffisse
718 1257 821 1294 Linus
835 1282 845 1297 ‚
871 1258 903 1290 δε
927 1256 1055 1290 CletuS.
1084 1256 1119 1288 ld

244 1318 350 1360 ipsum
363 1312 447 1348 forte
459 1310 597 1346 habebat
609 1308 775 1352 Georgius
786 1333 795 1348 ‚
823 1306 916 1340 Pauli
931 1307 1024 1351 primi
1038 1305 1123 1339 Pon-

245 1366 345 1400 tificis
358 1365 398 1399 ad
411 1362 590 1406 Pippinum
601 1360 797 1392 Francorum
810 1357 937 1401 Regem
959 1357 1101 1401 Legatus
1111 1380 1121 1395 ‚

245 1416 287 1450 de
309 1426 377 1459 quo
399 1413 441 1447 ad
463 1412 568 1444 varios
607 1409 761 1442 Canones
791 1406 939 1450 adjungit
970 1405 1122 1448 Synodus

246 1462 536 1508 compendiensis}
563 1462 702 1501 Georgius
714 1455 877 1499 Episcopus
890 1460 1043 1489 Romanus
1058 1466 1122 1488 cone

243 1514 332 1560 senfit
345 1539 352 1547 .
380 1511 526 1559 Qidam
539 1508 655 1542 volunt
675 1507 770 1540 fuisse
796 1506 980 1550 Georgium
1001 1505 1124 1538 Praene«

246 1567 372 1599 flinum
384 1562 602 1605 Episcopum,
628 1557 773 1603 quicum
788 1555 932 1588 Eustasio
949 1554 1122 1588 Albanensi

244 1614 281 1648 ἀ
303 1613 463 1650 Citonato
475 1607 641 1645 Portuenfi
653 1607 688 1639 in
699 1605 839 1642 defunffi
854 1605 944 1640 Pauli
955 1604 1062 1637 locum
1078 1604 1125 1636 in·

247 1662 386 1698 trusit&
419 1658 621 1695 consecravit
651 1655 907 1693 Constantinum
925 1677 935 1693 ‚
977 1654 1125 1691 Totonis

246 1713 353 1747 Ducis
386 1709 542 1754 Nepesini
564 1708 695 1743 fratrem
723 1718 730 1738 ε
770 1705 879 1744 Eum,
905 1703 995 1748 quod
1016 1703 1123 1737 Roma

245 1764 367 1799 missus
386 1762 466 1794 esset
488 1760 656 1803 Legams,
682 1755 749 1789 dici
774 1754 890 1788 volunt
927 1754 1125 1798 Episcopum

241 1813 453 1847 Romanurn.
480 1808 559 1843 Hoc
580 1807 670 1841 enim
691 1806 782 1842 sensu
803 1805 903 1839 etiam
930 1804 965 1837 in
991 1802 1126 1837 Chalce-

246 1862 380 1897 donensi
395 1859 532 1904 Synodo
572 1855 704 1902 gloriosi
729 1855 858 1899 Judices
875 1853 983 1888 Sancti
1003 1853 1127 1887 Leonis

246 1913 343 1955 Papae
377 1910 521 1953 Legatos
542 1907 742 1950 appellarunt
764 1903 923 1947 Episcopos
945 1905 983 1937 de
1015 1909 1125 1936 Roma.

244 1959 373 1995 Verum
383 1960 473 1996 enim
484 1955 559 1992 vero
571 1955 662 1990 aliud
673 1955 717 1990 est
732 1955 772 1990 de
784 1955 892 1989 Roma
906 1978 917 1994 ‚
943 1953 1032 1987 aliud
1057 1952 1124 1986 Ro-

244 2021 362 2046 manus
385 2007 566 2052 Episcopus
590 2019 598 2039 2
626 2006 818 2041 Romanum
843 2004 1040 2048 Episcopum
1059 2013 1124 2035 non

242 2061 342 2096 credo
354 2058 447 2096 ullibi
460 2058 599 2098 ditium,
614 2056 671 2089 nisi
685 2054 882 2099 Episcopum
898 2053 1124 2088 Cardinalem.

245 2111 296 2145 Ita
319 2112 492 2145 Othonem
523 2107 665 2151 primum
700 2106 931 2148 Imperatorem
978 2103 1126 2137 adversus

244 2160 382 2203 Joannis
391 2156 578 2194 duodecimi
591 2156 739 2190 excessus
750 2156 843 2191 fuisse
854 2166 920 2191 tam
936 2154 953 2187 ὲ
966 2153 1127 2189 Romanis

246 2210 418 2253 Episcopis
440 2234 450 2248 ,
486 2218 585 2251 quam
616 2205 710 2249 plebe
744 2205 986 2249 interpellatum
1019 2202 1128 2236 scribit

242 2259 464 2303 Luitprandus
474 2258 644 2291 Diaconus
655 2255 857 2290 Ticinensis.
877 2254 920 2288 Et
929 2255 984 2297 qui
999 2252 1124 2287 sintRo·

243 2310 334 2345 mani
349 2308 550 2352 Episcopi,in
562 2306 706 2348 sequenti
718 2305 860 2348 ejusdem
875 2303 948 2337 libri
958 2303 1062 2346 capite
1074 2314 1128 2337 ex-

245 2359 360 2405 ponit:
384 2361 510 2391 Romam·
525 2355 678 2397 Pontifices
692 2357 743 2394 ,Θ
765 2356 947 2387 Cardinales
964 2352 1128 2392 Presbyteri

245 2421 279 2443 ac
302 2413 497 2444 Diacom'cum
508 2403 652 2449 universa
669 2405 757 2447 plebe
781 2406 945 2438 dixerunt.
975 2404 1038 2438 Per
1059 2403 1129 2438 Ro-

244 2471 361 2494 manos
370 2457 545 2494 Pontifices
565 2455 687 2492 clarum
700 2454 745 2488 est
768 2455 911 2499 intelligi
943 2454 1123 2498 Episcopos

245 2508 459 2544 Cardinales.
488 2507 598 2541 Etiam
612 2506 644 2538 in
660 2505 830 2538 Remenfis
844 2504 992 2538 Ecclefiae
1014 2503 1125 2538 Histo-

154 2579 170 2595 c
185 2578 198 2594 2
224 2560 292 2595 .ria
301 2557 504 2593 Flodoardus
515 2555 735 2590 Gaudericum
762 2554 970 2588 Cardinalem
993 2554 1125 2598 Episco-

184 2627 189 2635 ·
222 2622 230 2633 ·
246 2620 325 2652 pum
346 2608 491 2643 intitulat
514 2604 692 2648 Episcopum
714 2605 848 2647 Ecclefiae
865 2609 1026 2638 Romanae.

1075 2604 1123 2637 lta

248 2659 423 2694 Niceforus
435 2657 587 2692 Calixtus
603 2656 753 2693 Sanctum
770 2655 992 2699 Hyppolitum
1005 2654 1126 2697 Marty-

248 2719 317 2743 rem
339 2718 433 2742 vocat
445 2704 627 2750 Portuerisem
644 2709 746 2738 Romae
765 2705 964 2751 Episcopum.
995 2705 1038 2738 Et
1063 2705 1126 2738 Lu-

249 2757 359 2792 dovici
384 2756 439 2791 Pii
459 2756 663 2798 Imperatoris
686 2755 881 2800 Astrologus
902 2754 1012 2789 laudat
1025 2758 1126 2797 Regio-

249 2813 368 2842 narium
380 2808 480 2839 Romae
490 2804 666 2847 Episcopum
678 2817 684 2837 :
702 2804 831 2850 Utique
843 2807 880 2839 Sa
887 2807 962 2839 nstae
976 2805 1126 2844 Ruffinae,

249 2868 306 2892 aut
318 2857 550 2894 Portuensem,
581 2856 637 2897 qui
652 2867 719 2888 non
741 2857 868 2891 tantum
889 2855 975 2899 apud
997 2855 1129 2889 Latera-

250 2908 384 2942 nensem
399 2904 564 2940 Basilicam
575 2903 782 2940 pontificalia
794 2931 804 2947 ,
817 2904 869 2939 sed
890 2906 989 2939 etiam
1001 2905 1034 2937 in
1048 2904 1126 2938 urbe

251 2955 507 3000 Transtyberina
529 2953 680 2997 Regione
703 2954 836 3000 Papales
858 2954 1059 2998 Episcopalis
1079 2953 1125 2997 ju-

249 3007 442 3041 risdictionis
451 3005 538 3041 vices
547 3002 737 3037 exercebant
746 3031 753 3038 .

299 3056 430 3101 Viginti
443 3057 516 3090 0610
527 3052 716 3088 Cardinales
724 3053 930 3096 presbyteros
943 3079 953 3096 ‚
965 3055 1123 3098 ipsorum·

251 3117 314 3149 que
325 3106 359 3139 in
371 3117 511 3148 quatuor
522 3101 794 3138 patriarchalibus
805 3103 945 3138 Bafilicis
955 3104 1120 3138 officiandi

236 3156 339 3189 .vices
350 3154 606 3199 quisinstituerit
619 3155 823 3198 ignoramus.
867 3154 1002 3187 Etenim
1023 3155 1123 3197 usque

248 3206 292 3240 ad
306 3205 413 3239 Sancti
426 3203 574 3247 Sylvestri
588 3203 824 3238 Pontificatum
835 3213 901 3235 non
919 3204 1052 3237 suerunt
1074 3213 1123 3237 tot

252 3254 583 3295 Cardinaliurntituli
598 3278 608 3292 ‚
633 3253 806 3289 &istarum
830 3252 1038 3287 Basilicarum
1061 3262 1123 3287 tres

251 3307 327 3340 sunt
337 3302 661 3347 Constantiniopus,
699 3303 853 3350 ‘quinimo
875 3313 986 3346 quarta
1007 3302 1123 3336 Sanetae

251 3356 366 3392 Mariae
396 3352 533 3396 Majoris
566 3352 612 3386 est
650 3364 730 3399 opus
764 3351 887 3387 Liberii
921 3353 1122 3393 Pontificis‚

252 3404 389 3449 ideoque
399 3403 585 3449 planumest
601 3404 694 3438 &tot
716 3403 903 3438 Cardinales
924 3404 956 3436 &
980 3403 1122 3436 laudatas

251 3454 393 3497 ipsorum
430 3455 515 3488 vices
552 3465 618 3488 non
646 3454 711 3489 esse
748 3453 978 3498 Apostolicum
1018 3454 1119 3490 Sancti

1191 356 1366 403 Qidquid
1389 359 1425 391 sit
1450 384 1461 400 ‚
1501 362 1622 403 septem
1653 359 1842 394 Cardinales
1875 360 2061 403 Episcopi,

1191 408 1398 451 ipsorumque
1416 409 1448 441 in
1475 410 1631 453 primario
1654 409 1743 444 urbis
1762 409 1862 443 titulo
1884 409 1968 444 vices
1987 411 2064 453 sunt

1189 468 1239 493 ,res
1263 458 1500 502 antiquissima.
1530 460 1664 493 Etenim
1685 459 1726 494 de
1745 458 1911 503 Stephano
1941 469 2060 502 quarto

1187 507 1296 542 scribit
1310 508 1344 541 in
1357 508 1440 541 libro
1453 508 1636 545 pontificali
1651 510 1836 545 Anastafius
1846 508 2066 543 Bibliotheca-

1186 560 1272 592 rius:
1301 559 1484 598 Beatifflmus
1497 556 1613 600 Praeficl
1631 559 1796 600 stephanus
1807 569 1872 595 erat
1894 557 2065 601 Ecclefiasti-

1184 619 1225 641 cae
1243 610 1416 642 traditionis
1439 606 1625 649 observator.
1653 611 1735 642 Unde
1751 610 1909 650 pristinum
1931 608 2064 651 Ecclefiae

1182 664 1214 692 in
1225 657 1346 699 diversis
1357 657 1521 691 clericatus
1532 657 1688 691 bonoribus
1698 666 1858 692 renovavit
1877 666 1985 692 ritum.
2011 662 2064 692 Hic

1177 708 1282 747 statuit
1293 717 1325 740 ut
1338 710 1507 742 Domninico
1527 709 1574 740 die
1585 709 1603 741 ἃ
1609 706 1722 749 fi’ptem
1736 708 1888 749 Episcopis
1911 711 2063 742 Cardina-

248 768 299 801 [ἧς
319 761 488 800 officiandi
509 759 740 803 quotidianum
763 757 916 792 ordinem
938 755 1013 789 vide
1033 754 1118 797 apud
1181 758 1255 790 libus
1278 756 1518 790 hebdomadariis
1531 781 1541 795 ‚
1566 762 1660 799 quiin
1684 756 1808 797 Ecclesia
1829 759 1995 791 salvatoris
2016 758 2065 792 ob·

1175 805 1324 850 servant,
1352 806 1502 850 Missurum
1509 805 1652 849 solemma
1657 805 1749 853 fitper
1773 807 1875 839 Alsare
1897 810 1988 840 Beati
2011 812 2070 841 Pe·

1180 864 1221 890 tri
1252 857 1483 890 celebrarentur.
1513 856 1555 891 Et
1568 857 1601 889 in
1614 858 1667 890 sua
1688 858 1728 890 de
1748 856 1973 891 Cardinalium
1994 857 2072 899 juri-

1181 908 1239 942 bus
1252 907 1489 941 constitutione
1510 906 1649 949 Joannes
1660 909 1812 942 oetavus:
1838 909 1993 940 sancimus
2014 918 2071 939 vos

1181 964 1212 991 in
1228 956 1446 1000 principalibus
1479 956 1611 999 Ecclesiis
1633 960 1732 999 juxta
1766 961 1934 992 Primatum
1966 955 2069 996 vestrae

1180 1006 1398 1051 consecrationis
1428 1008 1543 1047 viciffim
1564 1009 1672 1040 divina
1682 1008 1770 1049 officia
1776 1016 1934 1051 peragere.
1964 1007 2009 1040 Et
2022 1007 2071 1040 su-

1182 1070 1236 1102 pra
1261 1058 1428 1092 laudatum
1450 1057 1763 1102 Magdenburgenfis
1787 1057 1949 1092 Chronici
1987 1056 2072 1101 frag-

1183 1118 1349 1142 mentum:
1378 1108 1517 1150 Joannes
1538 1106 1683 1140 decimus
1704 1108 1815 1141 tertius
1837 1107 1993 1141 Pontifex
2009 1106 2072 1140 Ar·

1183 1159 1389 1202 chiepiscopo
1422 1157 1717 1202 Magdenburgenfi
1761 1157 1882 1196 conceffit
1921 1157 2071 1189 duodecim

1188 1209 1389 1246 Presbyteros,
1408 1205 1521 1252 septem
1542 1211 1708 1248 Diaconos,
1735 1212 1845 1251 viginti
1865 1214 1988 1249 quatuor
1999 1205 2071 1238 Sub-

1185 1261 1315 1293 diaronos
1339 1259 1518 1293 Cardinales
1547 1282 1557 1298 ‚
1593 1259 1637 1290 ad
1657 1269 1765 1290 morem
1785 1257 1902 1290 Sanc‘lae
1925 1261 2069 1289 Romanae

1187 1308 1318 1349 Ecclefiae
1347 1308 1504 1347 ordinare,
1542 1312 1591 1350 qui
1618 1308 1661 1339 ad
1675 1309 1841 1349 principale
1862 1308 1964 1339 Altare
1985 1311 2073 1338 mini·

1186 1359 1306 1392 lirantes
1330 1383 1339 1398 ‚
1367 1359 1519 1399 quotidie,
1556 1366 1675 1400 excepto
1696 1359 1811 1399 jejunio
1832 1381 1842 1397 ,
1869 1357 2072 1394 Dalmaticis,

1181 1408 1264 1452 festis
1275 1411 1345 1441 vero
1355 1407 1458 1443 diebus
1465 1406 1614 1449 sandaliis
1635 1415 1787 1441 uterentur
1800 1431 1807 1438 .
1837 1407 1879 1440 Et
1902 1407 1935 1439 in
1957 1405 2073 1439 litteris

1187 1459 1225 1492 ad
1240 1457 1428 1492 Cardinales
1440 1457 1619 1500 Episcopos
1630 1457 1760 1490 Sanstus
1770 1456 1883 1491 Petrus
1894 1455 2051 1489 Damiani
2064 1467 2071 1486 ε

1189 1505 1395 1548 Lateranenfis
1415 1504 1542 1546 Bafilica
1554 1529 1564 1544 ,
1596 1504 1668 1548 ficut
1688 1507 1857 1540 salvatoris
1878 1504 1916 1545 est
1938 1503 2073 1548 insignita

1187 1557 1322 1590 vocabulo
1335 1580 1345 1595 ,
1372 1560 1423 1596 qui
1437 1561 1565 1587 omnium
1575 1563 1663 1596 caput
1674 1554 1710 1594 est
1724 1558 1753 1587 E
1756 1555 1891 1587 testarum
1903 1579 1913 1595 ,
1941 1560 1984 1585 ita
2008 1558 2075 1586 Ma-

1186 1617 1230 1640 ter
1241 1608 1275 1640 &
1289 1606 1416 1648 quidam
1430 1613 1509 1646 apex
1522 1616 1556 1637 ac
1565 1613 1674 1638 vertex
1688 1603 1724 1645 est
1752 1611 1880 1637 omnium
1903 1611 1957 1645 per
1977 1603 2075 1636 orbem

1186 1654 1398 1696 Ecclefiarum.
1429 1660 1501 1688 Haec
1510 1653 1620 1696 septem
1639 1655 1820 1688 Cardinales
1844 1654 1931 1687 babet
1955 1651 2076 1695 Episco-

1186 1715 1268 1747 copos
1281 1730 1291 1746 ,
1316 1704 1419 1748 quibus
1427 1703 1498 1747 solis
1505 1705 1566 1746 post
1580 1705 1763 1747 Apostolicum
1775 1706 1841 1737 licet
1855 1702 2076 1747 sacrosant‘lum

1187 1757 1266 1789 illud
1274 1757 1371 1788 altare
1382 1756 1533 1793 accedere,
1558 1766 1593 1787 ac
1604 1756 1704 1788 divini
1731 1754 1827 1788 cultus
1854 1753 1987 1793 Mysleria
2007 1754 2078 1786 cele‘

1187 1807 1293 1843 brare.
1321 1803 1455 1841 Hocest
1469 1807 1603 1837 unicum
1621 1805 1703 1839 illud
1715 1805 1773 1838 sub
1794 1804 1879 1837 coelo
1904 1803 2019 1837 Altare
2041 1803 2078 1836 li·
2104 1815 2166 1847 Lib„
2192 1828 2214 1847 ι,

1187 1866 1330 1901 gneum,
1367 1853 1407 1889 de
1430 1866 1495 1898 quo
1522 1855 1716 1889 Romanum
1746 1854 1973 1887 Breviariurn:
2010 1855 2080 1896 ,Quo
2108 1859 2158 1895 fip-
2190 1868 2211 1887 1.

1190 1908 1287 1938 Altam·
1299 1905 1424 1938 santius
1437 1907 1456 1936 5
1455 1905 1578 1946 ylvester
1596 1929 1605 1944 ,
1631 1907 1754 1940 reddita
1766 1902 1981 1946 Ecclefiaepace
1995 1927 2008 1943 ,
2030 1902 2080 1935 bo-

1187 1962 1266 1988 noris
1278 1952 1365 1998 causa
1379 1956 1532 1995 Principis
1546 1954 1738 1995 Apostolorum
1752 1978 1762 1994 ,
1789 1959 1839 1995 qui
1861 1959 1893 1985 in
1918 1955 1967 1985 illo
1985 1953 2080 1995 sacri·

1184 2006 1277 2049 ficaffe
1299 2007 1431 2044 dicitur,
1458 2005 1491 2036 (δ’
1518 2005 1694 2046 reliquorum
1720 2003 1915 2045 Pontificum,
1959 2009 2010 2044 qui
2033 2002 2081 2045 us-

1186 2067 1242 2099 que
1260 2056 1295 2087 id
1303 2062 1420 2096 tempus
1434 2055 1478 2087 ad
1493 2054 1626 2094 Mysteria
1642 2054 1819 2096 conficienda
1830 2065 1859 2086 eo
1868 2052 1911 2094 usi
1926 2052 2078 2093 fuerant,

1186 2112 1217 2138 in
1241 2103 1437 2146 Lateranenfi
1451 2110 1553 2144 prima
1567 2103 1692 2146 Ecclesia
1713 2106 1862 2142 collocato,
1886 2101 2023 2145 sancivit
2038 2114 2076 2137 ne

1186 2154 1341 2198 quisquam
1352 2160 1384 2186 in
1410 2165 1463 2195 eo,
1485 2163 1599 2198 praeter
1625 2158 1790 2186 Romanum
1814 2152 1982 2195 Pontificem
2004 2151 2078 2195 Mis-

1182 2205 1249 2249 sam
1260 2207 1395 2245 deinceps
1406 2203 1581 2236 celebraret.
1610 2203 1724 2237 Praeter
1742 2204 1933 2236 Romanum
1960 2204 2075 2238 Ponti-

1186 2257 1278 2291 ficem
1298 2266 1334 2287 ac
1346 2253 1411 2297 ejus
1425 2253 1574 2288 Vicarios
1587 2255 1709 2297 septem
1723 2254 1902 2296 Episcopos
1914 2252 2073 2289 Cardina-

1187 2307 1248 2340 les.
1282 2304 1337 2337 An
1363 2303 1549 2345 quotidiani
1577 2316 1632 2347 per
1658 2304 1742 2347 ipsos
1769 2303 2001 2337 sacrificiimos
2013 2304 2073 2346 ple·

1189 2356 1228 2390 ne
1264 2355 1425 2390 restitutus
1463 2355 1560 2387 fuerit
1598 2354 1615 2387 ὲ
1653 2353 1818 2396 Stephano
1853 2363 1992 2396 quarm,
2028 2366 2071 2388 an

1187 2406 1357 2440 dumtaxat
1383 2415 1442 2448 pro
1468 2404 1582 2438 diebus
1610 2404 1800 2439 Dominicis
1820 2428 1831 2444 ‚
1869 2415 1936 2437 non
1976 2403 2074 2447 plene

1187 2455 1313 2507 constat
1326 2479 1333 2489 ,

1240 2503 1347 2538 Porro
1359 2503 1516 2541 Ostiensis
1529 2504 1707 2548 Episcopus
1733 2516 1794 2547 prae
1814 2505 1933 2538 caeteris
1954 2502 2075 2539 habuit:

1191 2556 1434 2600 praerogativam
1447 2555 1662 2600 singularem,
1688 2555 1851 2588 laudatam
1874 2555 1891 2587 ἐι
1913 2554 2071 2590 Romano

1188 2605 1375 2640 Breviario:
1404 2607 1523 2638 Marcus
1539 2603 1682 2646 Pontifex
1693 2605 1837 2645 instituit,
1863 2615 1896 2638 ut
1906 2604 2073 2648 Episcopus·

1186 2655 1340 2697 Ostiensis,
1372 2655 1391 2688 ὲ.
1412 2666 1466 2697 quo
1502 2659 1654 2689 Romanus
1686 2655 1832 2696 Pontifex
1864 2653 2070 2697 consecratur,

1183 2707 1277 2748 pallio
1302 2713 1450 2738 uteretur.
1479 2706 1535 2739 Est
1558 2705 1626 2747 ejus
1651 2705 1869 2749 antiquissima
1900 2705 2066 2748 dignitas.

1190 2756 1321 2790 Etenim
1334 2755 1531 2796 Donatistis,
1546 2754 1760 2791 Caecilianum
1774 2753 2066 2797 Carthaginensem

1189 2805 1480 2849 Archiepiscopum
1513 2806 1548 2839 ὅς
1569 2805 1671 2839 totius
1691 2804 1852 2839 Africanae
1884 2804 2068 2838 Diaeceseos

1188 2857 1363 2890 Primatem
1377 2879 1388 2895 ,
1412 2856 1429 2889 a
1442 2856 1499 2888 suo
1511 2855 1794 2898 Comprovinciali
1807 2855 1914 2888 Felice
1940 2855 2068 2896 Aptun-

1187 2907 1303 2952 gitano
1316 2906 1481 2950 Episcopo
1492 2907 1715 2940 consecratum
1730 2930 1740 2945 ,
1765 2906 1783 2939 a
1795 2901 1945 2939 Secundo
1968 2903 2067 2949 Tigi-

1188 2968 1266 2990 tano
1280 2956 1444 3000 Episcopo
1455 2967 1491 2990 ac
1513 2956 1679 2990 Numidiae
1700 2955 1858 2993 Primate,
1897 2964 2065 2998 tamquam

1188 3006 1372 3049 Principem
1390 3007 1408 3039 ὲ
1430 3006 1604 3048 Principe,
1631 3002 1883 3039 consecrandum
1906 3002 2066 3038 blateran-

1188 3055 1273 3090 tibus
1297 3079 1307 3095 ,
1344 3057 1378 3088 in
1401 3054 1663 3102 Carthaginensis
1692 3053 1877 3087 collationis
1897 3053 2063 3088 breviculo

1188 3104 1353 3147 respondit
1376 3105 1509 3139 sancius
1533 3103 1759 3148 Augustinus.-
1787 3104 1877 3139 Aliud
1893 3102 1984 3138 habet
2002 3107 2064 3136 Ec-

1186 3154 1270 3197 clefiae
1294 3152 1465 3196 consuetudo
1484 3178 1494 3195 ‚
1520 3161 1553 3186 ut
1580 3164 1637 3187 non
1665 3153 1843 3193 Numidia,
1863 3151 1921 3196 sed
1939 3159 2063 3196 propin-

1186 3211 1299 3248 quiores
1326 3201 1466 3246 Episcopi
1503 3201 1683 3246 Episcopum
1708 3200 1839 3243 Ecclefiae
1864 3203 2062 3247 Carthaginis

1186 3257 1323 3288 ordinent
1346 3278 1352 3286 .
1390 3255 1471 3287 sicut
1506 3263 1558 3286 nec
1593 3256 1736 3287 Romame
1770 3252 1903 3294 Ecclefiae
1938 3256 2061 3288 ordinat

1185 3305 1294 3347 aliquis
1321 3300 1487 3346 Episcopus
1513 3303 1753 3345 Metropolitanus
1778 3327 1788 3342 ,
1818 3301 1876 3346 sed
1903 3304 1938 3337 de
1958 3307 2062 3346 proxi·

1185 3366 1229 3387 mo
1255 3350 1385 3394 Ostiensis
1411 3351 1591 3396 Episcopus.
1635 3352 1741 3387 Moris
1766 3353 1939 3387 exordium
1964 3351 2064 3385 addu-
2084 3357 2141 3392 L.3.
2157 3360 2236 3385 c-r6.

1185 3406 1229 3437 cit
1257 3405 1290 3438 in
1318 3401 1473 3447 Sigeberti
1492 3402 1732 3437 Gemblacenlis
1756 3404 1979 3446 supplemento
1993 3400 2062 3433 Ro-

1186 3456 1294 3489 bertus
1330 3452 1441 3487 Abbas
1478 3453 1688 3488 Montensis:
1729 3452 1862 3494 Ostienfis
1897 3447 2061 3492 Episcopus

1974 3510 2013 3532 ex
