2352 3736
434 146 489 178 DE
525 131 719 176 SmoNIAE
753 143 968 189 CRIMINE,
1007 148 1057 176 ET
1092 146 1233 177 VARns
1270 146 1330 176 AD
1365 146 1486 177 ll’SUM
1522 147 1847 182 SPECTANTIBUS·

1923 150 1979 194 51

233 230 288 264 οὶιὲ
297 221 517 265 commiseram,
543 224 661 252 irritum
667 216 763 258 fecit.
793 218 838 247 Et
849 227 885 248 ne
904 216 1042 253 deinceps
1057 211 1112 244 Ab·
1154 223 1230 254 'nes
1241 214 1379 247 affirmat
1398 213 1462 247 esse
1473 212 1689 255 execrandas,
1715 226 1783 258 quae
1802 215 1923 260 triplici
1945 218 2055 253 Simo·

233 279 293 312 bas
314 271 482 313 monasterii·
515 268 600 310 nostri
613 274 751 310 cuiquam
763 263 1090 308 Epiftopoprofiteatur
1102 286 1112 302 ‚

1175 264 1234 296 niae
1245 273 1364 306 genere
1373 271 1487 298 contra
1506 274 1639 298 omnem
1662 264 1867 308 disciplinam
1888 267 2055 302 maculen-

228 327 381 372 prjvilegu
400 322 450 368 sui
471 318 685 355 irretrallabili
703 314 850 360 firmstaeie
863 312 1018 355 probibuit
1029 338 1036 345 .
1067 311 1111 345 Et
1173 322 1245 345 tur:
1275 316 1426 356 ,Quoniam
1441 315 1569 347 Simonici
1580 316 1600 346 ἃ
1612 315 1714 358 lingua
1726 338 1736 353 ,
1761 317 1891 349 simonia
1905 319 1926 350 a=
1938 329 2029 351 manu
2039 341 2055 359 ‚

64 385 164 426 ἕρπω
175 396 185 415 ι
193 404 200 412 .
233 379 270 413 in
281 376 346 411 alia
355 373 396 409 ad
404 373 547 408 eundem
559 373 616 406 Ivo
622 382 695 405 nem
707 368 814 404 scribit
825 365 972 427 Episiola
987 378 994 397 :
1022 366 1114 408 ,Quod

233 433 343 462 iterum
352 423 502 468 offeruistis
523 426 687 456 Romanam
708 415 862 459 Ecclesiam
883 429 904 453 a
915 419 976 454 Dee
999 417 1113 448 nullam

233 475 375 519 injustam
396 474 528 518 accepiffe
545 469 736 516 potestatem,
760 472 808 499 ita
826 466 865 506 est
880 466 974 508 plan?
988 490 995 497 .
1023 465 1110 499 Cum

236 528 339 562 lvone
361 525 480 559 fatetur
506 534 544 557 ac
578 518 746 564 profitetur
768 517 929 551 Romanae
966 515 1113 549 Ecclefiae

234 576 361 613 nullam
380 576 445 609 esse
464 571 674 616 potestatem,
702 568 760 601 nisi
774 566 924 601 solvendi
936 564 1112 607 solvenda,

241 628 279 662 δε
301 622 427 670 ligandi
440 620 578 665 'liganda
600 644 610 659 ‚
636 629 735 662 atque
755 617 924 662 subjungit
947 628 954 648 :
983 617 1113 653 Proinde

236 675 413 710 mirandum
421 681 478 703 non
490 669 528 709 est
540 694 550 710 ‚
570 669 658 711 fiilla
670 669 744 702 bem3
750 667 843 711 solvit
853 693 863 708 ‚
891 667 969 710 quod
985 678 1038 699 vos
1050 678 1115 698 ma-

237 728 266 762 le*
274 721 401 769 ligastis.
432 720 521 761 Profe
539 732 585 759 ιο,
612 731 702 762 quam
727 720 747 751 ci
760 730 805 751 me
826 718 924 750 adhuc
940 720 1054 758 Juvene
1079 718 1113 750 (5

237 779 349 810 novitio
373 768 548 811 extorfistis‚
573 771 718 814 regularis
738 769 862 801 minim?
877 767 942 809 fuit
954 790 966 806 ‚
991 778 1113 808 eamque

226 821 326 868 fectffe
345 829 498 863 peceatum
518 816 630 859 exstitit
654 843 665 858 ,
691 821 726 853 ό·
747 818 880 861 accepiffe
900 815 1105 860 irreligiosum.

235 877 322 907 Nam
334 871 366 911 fi
377 879 434 914 pro
460 871 678 908 benediaione,
704 881 795 912 quam
804 870 921 901 omnin&
930 872 1031 911 gratis
1044 868 1114 899 dare

234 922 370 962 debuistis
382 946 393 962 ,
418 917 576 963 usurpastis
594 914 789 961 prqf‘efflbnem
799 943 810 959 ‚
825 920 875 952 -Θ
896 923 928 950 in
948 916 1113 960 prqfeffione

235 972 276 1006 ab
287 972 448 1006 Allediario
463 973 554 1003 Beati·
564 972 649 1003 Petri
658 974 778 1013 exigitis
795 967 1024 1012 subJelli'onem,
1045 975 1115 1009 pro-

228 1023 315 1067 fana
327 1022 393 1064 fuit
414 1020 467 1054 illa
483 1019 632 1064 profhffio,
659 1020 694 1053 ό·
710 1021 776 1052 ἑλοῦ
801 1030 859 1051 non
871 1019 999 1051 tenenda
1013 1041 1024 1057 ,
1049 1028 1116 1058 quo-

233 1078 321 1107 niam
327 1069 508 1120 subsequens
520 1069 679 1104 benediuio
690 1093 701 1109 ‚
727 1080 817 1112 quam
827 1067 994 1108 exhibuistis
1005 1092 1016 1109 ,
1028 1072 1117 1100 navi-

235 1124 347 1157 cularia
361 1127 464 1165 potius
476 1121 616 1160 videtur,
641 1131 734 1162 quam
740 1125 842 1163 gratis
864 1119 959 1159 data,
984 1119 1117 1160 quando-

236 1174 353 1216 quidem
359 1180 416 1214 pro
425 1171 479 1204 illa
490 1171 678 1212 temporalem
690 1170 851 1203 mercedem
861 1179 926 1201 eum
944 1167 1018 1209 fide!
1029 1166 1117 1200 chri-

231 1222 341 1263 stianae
353 1223 466 1262 injuria
475 1227 592 1263 exigere
601 1230 659 1252 non
670 1217 839 1261 erubescln‘s
849 1241 857 1249 .
889 1218 1032 1252 Rursum
1046 1228 1115 1261 pro-

235 1272 370 1308 testatur
379 1271 410 1305 se
421 1272 563 1314 peccasse
571 1281 612 1304 ex
621 1268 808 1314 ignorantia
820 1279 876 1311 per
888 1267 1117 1311 Apostolicam

197 1344 200 1349 -
234 1321 347 1367 poste).
358 1321 466 1356 sedem
478 1321 622 1354 remissa.
649 1318 754 1367 Qod
778 1317 932 1361 Episcopi
957 1317 991 1351 &
1016 1316 1118 1351 Cleri-

235 1373 268 1406 ci
289 1372 323 1406 in
358 1370 638 1405 Monasteriorum
659 1368 728 1411 jura
754 1379 792 1402 ac
801 1367 973 1411 privilegia
994 1367 1118 1401 violen-

236 1431 285 1456 ter
306 1421 474 1460 involent,
501 1419 546 1453 est
566 1417 733 1453 calamitas
749 1418 903 1459 antiqua.
931 1417 1025 1450 Hinc
1039 1425 1115 1450 nata

236 1469 482 1505 Monachorum
503 1467 561 1501 sub
599 1465 787 1501 immediata
800 1465 1000 1510 Apostolicae
1026 1466 1115 1501 Sedis

235 1531 311 1554 cura
336 1519 371 1553 δε
407 1517 610 1561 protectione
639 1517 807 1560 exemptio
830 1540 842 1556 ,
878 1527 948 1560 quae
974 1528 1115 1550 amaram

233 1570 330 1605 istam
356 1568 500 1602 radicem
525 1566 644 1610 ubique
669 1579 737 1601 non
774 1567 888 1600 evulsit
910 1591 921 1606 ,
958 1567 1009 1599 sed
1039 1564 1115 1600 hine

233 1619 314 1654 inde
326 1613 485 1653 firmavit.
514 1617 599 1651 Inter
609 1627 760 1661 exempta
774 1641 784 1657 ‚
796 1617 830 1651 ἀ
843 1615 884 1650 ad
898 1617 1005 1650 Sanc'ti
1027 1616 1114 1650 Petri

233 1679 274 1705 ‘ac
294 1669 455 1703 Romanae
470 1668 618 1701 Ecclesiae
642 1665 818 1701 Allodium
841 1666 1012 1710 spestantia
1041 1666 1115 1700 Mo·

231 1719 372 1754 nnsteria
396 1719 462 1753 fuit
482 1718 517 1750 in
547 1718 687 1752 Dioecefl
710 1718 903 1751 Carnutensi
927 1718 1024 1751 etiam
1045 1717 1117 1750 Coe-

233 1769 377 1805 nubium
400 1767 647 1803 Vindocinense
670 1792 677 1800 .
711 1768 827 1801 Sancto
848 1767 941 1800 ivoni
983 1767 1015 1800 id
1059 1767 1117 1800 dis-

234 1819 352 1864 plicuit
376 1832 383 1852 :
421 1817 589 1862 praeserrim
622 1817 711 1862 quod
734 1817 801 1860 ejus
822 1817 934 1851 Abbas
953 1818 1030 1851 esset
1053 1818 1117 1850 sese

233 1869 360 1912 major,
386 1866 499 1912 utpote
508 1878 677 1911 perpetuus
691 1869 850 1902 Romanae
872 1868 1020 1901 Ecclesiae
1041 1867 1116 1901 Can

233 1918 356 1952 dinalis
383 1917 552 1959 Presbyter
574 1918 614 1952 ad
634 1919 784 1952 sanciam
813 1917 956 1951 Priscam
979 1943 985 1950 .
1023 1918 1116 1951 Hinc

229 1967 430 2003 Goffiedum
448 1968 586 2002 electum
609 1993 620 2009 ‚
646 1968 800 2010 Juvenem
823 1991 834 2007 ‚
868 1968 1023 2000 similium
1047 1968 1118 2000 insi-

233 2018 364 2053 diarum
374 2017 561 2062 imperitum
575 2042 585 2057 ‚
611 2019 669 2051 nisi
682 2018 739 2052 fibi
750 2016 972 2051 obedientiam
997 2017 1030 2050 δε
1046 2016 1117 2050 sub-

233 2068 406 2112 jectionem
428 2069 631 2112 profiteretur
649 2093 660 2108 ,
688 2067 879 2102 benedicere
915 2067 1022 2100 noluit
1045 2091 1055 2105 ‚
1082 2067 1116 2100 δε

230 2129 292 2162 per
303 2118 415 2153 nescio
426 2130 505 2161 quas
518 2118 727 2161 persuadendi
748 2127 828 2151 artes
840 2117 880 2151 ad
894 2116 1115 2160 profitendum

231 2167 382 2202 seduxit.
410 2168 511 2202 Varia
531 2194 541 2209 ,
569 2180 665 2212 quam
688 2167 729 2202 ab
747 2168 848 2201 lvone
874 2168 907 2201 &
926 2167 992 2209 ejus
1012 2165 1115 2200 Cleri-

234 2217 282 2251 tis
315 2217 522 2261 postmodum
555 2219 689 2262 pertulit
709 2242 719 2258 ‚
747 2218 878 2252 vexatio
919 2218 968 2250 illi
989 2217 1114 2258 aperuit

236 2267 373 2308 oculos,
398 2268 515 2302 didicit
537 2269 767 2311 professionem
788 2268 882 2301 fuisse
908 2265 1087 2300 indebitam
1103 2290 1113 2306 ‚

236 2314 378 2358 ideoque
412 2317 446 2349 δε
473 2319 607 2351 Ivonem
634 2318 667 2351 <Sc
691 2319 755 2351 sese
777 2317 1000 2350 Simoniacum
1022 2341 1033 2356 ,
1068 2325 1114 2349 ut—

236 2363 316 2406 pote
336 2365 532 2399 navicularie
567 2367 600 2400 ὅ(
640 2377 696 2410 pro
732 2378 867 2400 munere
891 2364 1112 2400 benedictum.

235 2412 330 2447 Hinc
363 2413 404 2447 ab
426 2415 570 2450 Urbano
593 2416 737 2450 secundo
761 2415 923 2450 Pontifice
954 2417 1057 2460 culpae
1080 2417 1113 2451 ὅ(

233 2474 337 2506 poenae
360 2464 490 2498 veniam
514 2466 707 2508 supplicavit
722 2466 912 2510 ignorantiae
924 2467 983 2501 suae
1008 2477 1045 2501 ac
1066 2466 1112 2510 ju-

233 2513 389 2553 venturi,
415 2514 447 2547 ὅ(
469 2524 634 2557 tamquam
660 2516 786 2549 seducta
810 2515 962 2550 columba
973 2516 1043 2561 post
1062 2527 1113 2550 ve-

233 2561 418 2597 hementem
462 2565 719 2608 increpationem
751 2566 937 2610 impetravit
960 2580 968 2599 i
1015 2566 1112 2601 etiam

234 2613 438 2655 professionis
459 2615 690 2650 cassationem.
719 2614 767 2650 At
789 2616 866 2650 vero
877 2617 1037 2656 lironem,
1063 2617 1112 2650 uti

234 2661 387 2697 dolosum
409 2661 503 2707 huJus
523 2665 670 2699 criminis
701 2667 883 2710 operarium
908 2691 918 2707 ‚
955 2665 1112 2701 Pontifex

239 2713 365 2746 notavit
386 2713 580 2755 adeodate,
608 2726 645 2750 ut
666 2728 724 2760 pro
741 2716 807 2759 ejus
831 2717 1008 2751 reverentia
1030 2717 1109 2750 Gof-

239 2759 346 2792 fredus
357 2764 509 2798 censuerit
519 2766 550 2798 id
565 2766 720 2809 perpetuo
731 2765 890 2800 silendum
904 2793 927 2813 .‚
937 2767 1011 2801 Nec
1022 2767 1111 2801 aliud

238 2808 436 2844 doffiffimus
466 2814 643 2858 Episcopus
665 2828 822 2860 reponere
846 2817 940 2851 scivit
963 2843 973 2858 ‚
1012 2828 1109 2861 quam

237 2858 513 2915 Monasteriorum
533 2867 775 2910 exemptionem
791 2892 802 2908 ,
829 2868 863 2901 &
891 2869 1044 2901 fastarum
1070 2867 1111 2902 ab

236 2918 398 2951 exemptis
409 2910 507 2944 etiam
517 2912 693 2950 Mon-achis
704 2917 738 2951 in
749 2915 897 2952 Abbates
919 2917 1111 2951 benedicen-

237 2957 288 2991 dis
299 2959 527 3001 profeffionum
536 2965 742 3001 cassationem
755 2968 818 3000 esse
829 2979 877 3001 res
900 2968 1026 3010 iniquas
1041 2991 1051 3006 ,
1076 2968 1109 3000 δε

234 3007 424 3051 -Episcopali
436 3011 584 3052 potestati
596 3013 763 3055 injuriosas
776 3041 786 3056 ‚
798 3017 938 3061 ideoque
951 3018 1110 3052 Romanae

233 3056 388 3093 Ecclefiae
410 3059 533 3094 nullam
556 3062 619 3096 esse
632 3063 786 3104 ejusmodi
803 3069 994 3110 potestatem
1007 3092 1015 3101 ,
1041 3066 1110 3101 Ad.

237 3105 599 3143 diditerrorierrorem.
627 3111 815 3157 Utrumque
840 3117 974 3151 nervose
995 3119 1110 3152 refuta-

67 3181 194 3220 Opuscul
237 3156 287 3191 vit
299 3157 494 3199 Goffredus,
519 3170 617 3202 atque
626 3163 722 3196 evicit
735 3162 869 3199 Ivonem
878 3168 1012 3201 scienter
1033 3168 1110 3201 Gie-

74 3234 116 3251 10,
199 3206 204 3212 ⁴
236 3207 293 3247 li,
320 3207 383 3240 sese
405 3208 589 3252 ignoranter
610 3211 702 3245 fu'lffe
724 3213 910 3248 Simonem.
935 3216 1009 3251 Hac
1019 3228 1115 3251 occaa

237 3257 325 3290 sione
348 3257 466 3300 scripsit
487 3260 650 3294 eruditum
670 3261 754 3295 istud
775 3264 967 3305 opusculum
986 3265 1027 3300 de
1042 3277 1111 3309 pro-

237 3306 465 3347 missionibus,
491 3319 569 3351 quas
579 3321 637 3353 pro
656 3313 902 3346 consecratione
921 3314 979 3347 sub
1001 3315 1112 3358 profes:

236 3356 337 3391 sionis
361 3358 497 3391 nomine
517 3357 659 3394 Abbates
682 3361 807 3396 faciunt
821 3362 1004 3407 Episcopis.
1030 3364 1112 3409 Agit

234 3405 366 3443 desolis
379 3405 563 3442 Abbatibus
586 3412 770 3454 exemptis,
796 3411 932 3456 istasque
954 3413 1112 3457 protieffio-

337 3455 445 3498 Christ.
459 3460 539 3501 Lupi
551 3463 637 3502 Oper.
650 3464 727 3495 Tam.
737 3465 786 3496 IV.

1153 2765 1240 3504 (ficut
1249 2767 1373 2809 quidam
1383 2772 1544 2800 intentione
1570 2769 1701 2808 Ecclesi'ae
1714 2772 1902 2811 praelatioms
1925 2774 2060 2810 potenti-
2076 2758 2231 2794 [ΛΞΡ-34

1172 365 1302 395 simonia
1317 363 1357 394 ab
1369 362 1501 409 obfiquio
1519 364 1560 396 ibi·
1568 369 1760 397 committitur
1772 388 1779 395 .
1809 365 1866 404 Est
1885 370 1906 399 ἃ
1929 369 2055 411 lingua,

1172 423 1236 444 cum
1254 411 1373 452 publice*
1398 419 1534 445 recitatur
1557 415 1606 448 illo
1622 415 1785 455 promiffio.
1813 418 1870 447 Fit
1890 417 1911 447 ῖι
1939 429 2029 451 manu
2043 439 2056 457 ,

1173 464 1291 503 quando
1310 461 1415 495 charta
1435 488 1444 502 ,
1471 475 1531 504 qua
1565 470 1728 498 continetur
1749 488 1760 505 ‚
1782 462 1900 507 scripta
1931 473 2056 507 ponitur·

1168 510 1257 554 super
1267 514 1382 545 altare.
1411 517 1466 545 Fit
1477 513 1517 545 ab
1529 514 1679 555 obsequio,
1704 525 1769 549 cum
1780 513 1875 558 ipsum
1896 517 1975 549 male
1985 524 2057 558 pro·-

1172 561 1480 604 miffumsubjefflom's
1490 561 1654 604 obsequium
1662 564 1804 606 servatur
1815 588 1822 596 .
1847 564 1957 609 ,Quific
1980 571 2056 610 agie,

1165 611 1294 653 forfitan
1310 614 1401 644 dicit:
1434 615 1492 644 Pro
1502 611 1698 645 beneficii-one
1709 626 1765 646 non
1777 626 1877 656 quaero
1883 623 2056 657 pecum'am.

1173 664 1233 693 Ima
1252 661 1334 704 satis
1355 663 1486 703 amplius
1508 668 1601 705 exigit
1615 685 1625 701 ‚
1652 668 1722 705 quia
1733 663 1858 697 bomini:
1865 665 2024 709 personam
2042 691 2056 699 .

1173 714 1251 744 Sicut
1261 717 1364 744 anima
1379 713 1448 754 plus
1467 711 1505 751 est
1517 724 1609 754 quam
1630 721 1732 754 corpus
1743 737 1754 753 ‚
1780 718 1826 745 ita
1847 709 1949 757 corpus
1969 715 2060 759 fimul

1172 762 1205 794 (5
1223 767 1325 794 am'ma
1352 786 1362 802 ,
1389 769 1451 794 tota
1474 763 1610 795 videlicet
1630 762 1758 796 hominis
1778 762 1906 804 persona
1928 791 1938 805 ,
1963 767 2058 800 multu

1170 813 1239 853 plus
1251 812 1390 854 estquam
1414 814 1479 852 ttius
1487 819 1631 854 pecunia.
1659 812 1693 846 A
1719 811 1867 855 subjestis
1890 814 2059 860 Episcopo

1175 861 1361 896 Abbatibus
1381 862 1485 905 potest
1508 863 1598 908 exigi
1624 863 1801 906 professi03
1830 873 1940 897 verum
1967 863 2061 906 juxta

1175 912 1331 946 Canones
1350 937 1358 945 .
1398 912 1642 956 Cujuscumque
1671 914 1753 947 ultra
1775 913 1862 956 ipsos
1883 913 2063 958 obligatio-

1175 964 1225 995 nis
1245 963 1370 996 exat‘iio
1397 972 1454 996 aut
1478 964 1644 1006 promiffio
1665 963 1710 998 est
1734 964 1879 1007 leprosa,
1906 964 2064 998 maculat-

1174 1023 1236 1053 que
1247 1013 1389 1046 secutam
1403 1012 1684 1048 benedictionem.
1713 1014 1808 1048 Hinc
1834 1014 1869 1048 δε
1882 1014 2064 1059 Episcopi,

1175 1063 1229 1103 qui
1242 1062 1481 1108 Regularium‚
1506 1063 1586 1098 dum
1610 1064 1650 1098 ad
1674 1064 1782 1099 fidelis
1802 1064 1916 1108 populi
1938 1065 2067 1099 confes-

1175 1112 1276 1147 siones
1299 1112 1507 1156 excipiendas
1526 1137 1539 1154 ,
1565 1123 1621 1148 aut
1642 1115 1707 1148 Dei
1730 1113 1863 1149 verbum
1890 1114 2066 1158 praedican-

1174 1160 1253 1196 dum
1275 1162 1455 1207 approbant
1472 1189 1483 1204 ,
1506 1163 1625 1198 litteris
1643 1164 1725 1198 ultr&
1748 1163 1906 1198 Canones
1931 1165 1966 1198 &
1994 1165 2066 1199 Ro-

1177 1224 1278 1246 manae
1291 1214 1439 1248 Ecclesia:
1449 1213 1590 1249 Decreta
1612 1215 1848 1249 limitationem
1870 1225 2040 1259 apponunt
2053 1238 2066 1254 ‚

1177 1263 1211 1296 &
1237 1261 1304 1304 ejus
1323 1263 1561 1299 observantiam
1593 1265 1652 1299 fibi
1675 1265 1848 1308 sponderi,
1869 1264 1903 1298 &
1924 1265 2066 1308 praestari

1176 1313 1414 1355 compellunt*²
1439 1315 1581 1349 omnino
1606 1316 1823 1350 committunt
1848 1315 2035 1350 simoniam
2055 1341 2064 1348 .

1178 1363 1289 1397 Etiam
1323 1365 1483 1409 regulares
1502 1364 1558 1408 ipsi
1595 1389 1606 1404 ‚
1645 1366 1700 1408 qui
1735 1365 1898 1408 spondent
1937 1365 1972 1398 &
1992 1377 2067 1409 prae·

1176 1414 1262 1446 stant
1286 1428 1296 1447 .·
1332 1414 1490 1448 Praestant
1514 1415 1606 1447 enim
1631 1418 1710 1448 male*
1724 1416 1894 1457 promissum
1911 1413 2067 1456 subJec‘lio-
2086 1409 2194 1444 Eust-

1177 1470 1225 1495 nis
1262 1462 1427 1504 obsequium
1455 1486 1462 1493 .
1502 1461 1675 1503 Ejusmodi
1707 1463 1954 1506 promiffionem
1995 1476 2066 1499 non

1177 1512 1264 1555 posse
1294 1513 1358 1546 sine
1378 1510 1515 1545 crimine
1537 1511 1707 1555 adimpleri
1737 1535 1748 1550 ‚
1773 1511 1873 1546 tradit
1895 1514 2068 1558 insigniter

1178 1564 1211 1595 in
1233 1562 1348 1595 litteris
1374 1561 1415 1595 ad
1439 1560 1618 1596 Primatem
1641 1562 1847 1597 Toletanum
1885 1562 2068 1607 Stephanus

1178 1611 1356 1655 Episcopus
1378 1611 1616 1646 Tornacensis.
1645 1612 1835 1656 Tamquam
1860 1613 1995 1648 sedustae
2015 1627 2070 1649 co-

1179 1662 1295 1696 lumbae
1331 1664 1406 1695 sunt
1432 1662 1474 1696 ab
1509 1663 1576 1697 istis
1604 1663 1712 1706 palam
1743 1664 1844 1698 nullis
1886 1664 2068 1708 &iniquis

1179 1712 1405 1755 sponsionibus
1416 1723 1472 1755 per
1483 1713 1669 1756 Superiores
1680 1712 1892 1749 absolvendi.
1920 1714 2000 1749 Huc
2022 1726 2069 1750 et-

1178 1765 1243 1797 iam
1265 1763 1380 1806 spectat
1404 1762 1535 1808 Anglus
1554 1764 1610 1797 ille
1624 1764 1797 1805 Clericus,
1824 1776 1922 1809 quem
1938 1788 1948 1803 ‚
1975 1765 2067 1808 quod

1180 1813 1236 1848 sub
1248 1824 1346 1846 onere
1359 1813 1525 1855 cujusdam
1540 1813 1574 1847 in
1593 1814 1746 1849 Romana
1758 1814 1848 1849 curia
1871 1826 2070 1857 promoven·
2086 1831 2222 1870 μςᾶῑῌ,

1177 1864 1212 1898 di
1235 1864 1364 1909 negotii
1388 1864 1556 1907 accepisset
1580 1863 1598 1896 ὲ
1622 1864 1727 1899 milite
1741 1865 1959 1905 beneficium,
1989 1866 2162 1902 ΑΙο-ωι.

1177 1913 1299 1948 xander
1311 1914 1425 1950 tertius
1435 1914 1522 1958 apud
1536 1914 1736 1959 Gregorium
1750 1927 1880 1951 nonum
1895 1914 2066 1951 damnavit

1178 1965 1218 1999 de
1243 1964 1410 1998 Simonia.

1228 2013 1366 2057 Triplex
1380 2015 1463 2050 istud
1475 2017 1631 2051 Simoniae
1653 2018 1921 2054 munusillustrat
1944 2020 1979 2051 in
2001 2020 2064 2053 suis

1176 2064 1217 2099 ad
1249 2063 1460 2099 Ludovicurn
1499 2066 1681 2102 Germaniae
1715 2069 1842 2114 Regem
1867 2069 1985 2102 litteris
2005 2071 2065 2112 Sy-

1176 2114 1283 2148 nodus
1316 2115 1475 2151 Carisiaca
1499 2131 1510 2150 .·
1548 2121 1660 2151 Munus
1693 2121 1713 2151 ἂ
1745 2122 1847 2162 lingua
1871 2119 1910 2158 est
1928 2118 2028 2158 favor
2049 2131 2063 2160 ;
2083 2144 2144 2173 ew
2177 2155 2208 2174 Η

1176 2176 1282 2198 munus
1305 2167 1325 2197 ἃ
1344 2177 1433 2198 manu
1455 2190 1466 2205 ‚
1494 2169 1644 2210 donatio3
1683 2179 1788 2202 munus
1824 2166 1863 2202 ab
1898 2167 2030 2211 obsequio
2052 2194 2063 2209 ‚
2110 2160 2152 2180 ‘¹'
2212 2164 2219 2174 '

1175 2214 1310 2248 indebita
1328 2213 1489 2257 fiibjec‘ho.
1519 2216 1619 2251 Restt‘e
1638 2217 1730 2251 addit
1752 2244 1762 2259 ,
1791 2217 1949 2252 Indeblta:
1979 2218 2063 2254 Non

1177 2265 1282 2298 solum
1303 2267 1394 2299 enim
1419 2265 1573 2308 subjeffio
1588 2289 1599 2304 ,
1646 2266 1700 2300 sed
1725 2270 1759 2301 &
1790 2269 1927 2311 pecunia
1951 2267 2063 2303 debita

1174 2315 1286 2358 passim
1309 2315 1402 2357 possit
1426 2316 1493 2348 sine
1510 2315 1598 2359 lepra
1624 2317 1758 2361 &exigi
1786 2319 1820 2353 <Sc
1846 2318 1975 2352 offerri.
2002 2318 2063 2352 Di-

1174 2377 1237 2405 co,
1267 2366 1372 2405 Pafflm
1394 2378 1401 2397 2
1430 2365 1601 2411 Quoniam
1624 2367 1681 2408 qui
1702 2368 1818 2408 dubii,
1845 2369 1894 2402 vel
1918 2367 2063 2402 difficilis

1174 2414 1274 2449 debiti
1290 2414 1485 2448 solutionem
1510 2427 1568 2457 pro
1596 2428 1628 2449 re
1653 2418 1736 2451 sacra
1749 2419 1844 2452 offert
1871 2418 1922 2451 vel
1933 2418 2060 2462 exigit,

1174 2465 1218 2499 est
1230 2465 1370 2498 omnino
1383 2465 1541 2507 leprosus.
1569 2465 1668 2500 lstam
1695 2468 1783 2502 enim
1807 2468 2061 2503 facilitationem

1175 2515 1246 2559 quis
1258 2527 1325 2549 non
1336 2513 1444 2548 videat
1472 2517 1534 2550 esse
1558 2518 1706 2551 munus?
1732 2518 1951 2553 Consonatin
1976 2519 2063 2553 litte-

1175 2566 1217 2599 ris
1228 2565 1267 2599 ad
1283 2565 1470 2599 Gebuinum
1484 2566 1740 2610 Lugdunensem
1764 2568 2060 2612 Archiepiscopum

1175 2616 1354 2660 Gregorius
1380 2615 1532 2659 septimus
1552 2616 1710 2653 Pontifex
1736 2632 1747 2652 .-
1784 2622 1892 2652 Munus
1923 2621 1944 2651 ὰ
1966 2631 2059 2652 mama

1174 2665 1210 2705 est
1222 2691 1232 2705 ,
1257 2674 1289 2698 ut
1299 2667 1412 2699 nullum
1420 2673 1554 2707 pretium
1562 2667 1685 2710 prorsus
1695 2667 1755 2711 nise
1780 2670 1832 2703 vel
1841 2670 1880 2703 ab
1896 2670 1993 2711 aliquo
2005 2674 2059 2701 tri-

1174 2716 1300 2749 buatur.
1331 2715 1373 2748 ab
1383 2715 1533 2758 obsequio,
1563 2727 1600 2750 ua
1610 2717 1689 2751 nihil
1706 2720 1777 2752 inde
1794 2719 1916 2761 servitii
1930 2719 2034 2760 faciat
2047 2741 2058 2757 ,

1174 2816 1228 2849 bus
1239 2814 1375 2860 personis
1382 2816 1478 2859 fhlent
1488 2818 1619 2858 defirre.
1649 2824 1672 2851 Α
1685 2821 1808 2862 lingua,
1836 2830 1870 2853 ut
1893 2830 1983 2860 neque
2000 2826 2058 2859 per

1168 2865 1202 2910 se
1217 2891 1227 2907 ‚
1255 2878 1347 2909 neque
1361 2875 1418 2909 per
1426 2866 1595 2910 submissam
1611 2868 1770 2912 personam
1778 2879 1882 2912 preces
1899 2869 2035 2909 efflandat
2046 2892 2056 2901 .

1173 2917 1337 2960 Loquitur
1357 2929 1399 2952 ex
1422 2918 1476 2952 sua
1501 2917 1614 2961 quinta
1638 2920 1793 2954 Romana
1815 2918 1978 2963 Synodo:
2003 2921 2058 2951 Or·

1174 2969 1342 3001 dinationes
1363 2993 1374 3008 ‚
1400 2979 1468 3010 quae
1489 2973 1704 3003 interveniente
1726 2976 1822 3011 pretio
1836 2992 1855 3008 ‚‚
1894 2968 1946 3000 vel
1958 2973 2059 3008 preci·-

1172 3016 1224 3049 bus
1247 3043 1257 3058 ,
1296 3019 1349 3051 vel
1366 3016 1496 3061 obfi‘quio
1517 3021 1642 3061 alicujus
1670 3018 1804 3061 perfimae
1840 3029 1875 3052 ea
1893 3022 2056 3051 intentione

1173 3066 1301 3110 impenso
1318 3068 1395 3109 fiunt
1408 3091 1419 3106 ,
1443 3068 1578 3109 infirmas
1606 3072 1639 3102 (or
1661 3074 1766 3099 irritas
1788 3069 1839 3111 effe
1845 3068 2019 3108 judicamus
2045 3093 2052 3100 .

1174 3118 1276 3163 Qiod
1298 3117 1330 3149 in
1344 3119 1398 3150 sua
1408 3117 1581 3152 Melfitana
1593 3117 1730 3159 Synodo
1740 3118 1881 3151 firmavit
1893 3117 2054 3152 Urbanus

1174 3166 1349 3200 secundus:
1377 3170 1429 3199 Ne
1450 3171 1515 3207 quis
1545 3168 1616 3198 dato
1641 3169 1694 3200 vel
1704 3168 1838 3210 promisso
1855 3173 1952 3209 pretio
1967 3192 1978 3207 ,
2003 3169 2056 3202 vel
2070 3178 2144 3215 Cap,
2165 3187 2190 3207 χ,

1169 3215 1337 3259 servit1‘0ea
1350 3222 1509 3248 intentione
1527 3214 1674 3259 impenso,
1701 3219 1752 3250 vel
1768 3218 1906 3259 precibus
1932 3216 2053 3261 Episco-

1170 3267 1272 3308 palem
1285 3273 1399 3297 nitatur
1414 3265 1522 3307 affequl
1531 3266 1709 3308 dignitatem
1722 3292 1728 3300 .
1758 3267 1919 3302 Extendit
1931 3269 1971 3302 ad
1983 3279 2054 3301 om-

1176 3328 1249 3350 nem
1267 3313 1523 3349 Ecclefiasticam
1544 3316 1738 3360 dignitatem
1766 3328 1863 3360 atque
1883 3318 2053 3357 officium,

1175 3367 1374 3407 affirmatque
1396 3364 1459 3399 effe
1477 3363 1659 3400 doctrinam
1686 3368 1874 3402 Sanctorum
1899 3368 2051 3401 Parrum.

1176 3417 1285 3462 Qare
1309 3414 1343 3449 ὅ(
1365 3414 1509 3450 adulatio
1532 3440 1544 3459 ,
1569 3417 1602 3451 ἀ
1630 3417 1748 3451 favoris
1771 3443 1782 3460 ,
1807 3419 1858 3454 seu
1885 3415 2053 3458 obsequio-

1625 3466 1657 3499 G
1708 3478 1730 3504 2
1929 3475 2000 3500 rum
