2352 3736
153 2185 267 2231 {pissi-

154 2654 212 2684 lib.
243 2660 270 2684 6.

155 2697 207 2736 tp,
224 2705 269 2732 35-

400 161 495 216 395·
927 148 1566 195 DISSERTATIO

326 238 430 283 salem
450 239 529 273 item
554 229 702 276 deposuit
714 229 877 277 Hispania
887 256 899 274 ,
925 243 964 276 ac
979 234 1080 268 etiam
1093 233 1208 269 redivit
1320 235 1364 269 Et
1377 233 1457 281 hinc
1466 236 1573 271 oritur
1587 245 1642 279 per
1653 235 1805 271 Marcum
1816 235 1977 281 Ephesii-3
1949 241 2090 286 Episcop
2091 252 2149 283 um

324 287 367 332 ad
387 289 506 322 trinam
527 283 740 318 mersionem.
766 283 832 318 Et
823 294 894 331 Jure
906 281 1042 317 merito.
1071 284 1207 319 Etenim
1271 296 1359 320 mota
1371 285 1407 319 in
1420 297 1483 320 nos
1493 286 1628 331 quaestio
1638 309 1649 326 ,
1676 285 1734 320 An
1747 287 1814 331 sola
1824 287 2026 331 adspersione
2039 293 2110 328 vel·
2101 306 2149 327 m·

1269 335 1392 370 fusione
1418 336 1532 371 datum
1559 336 1717 382 baptisma
1738 337 1759 371 s
1763 346 1778 371 t
1803 337 1948 380 validum
1971 350 2011 373 ac
2020 345 2147 378 ratum?

1271 385 1325 418 Est
1335 386 1557 432 antiquissima
1568 387 1699 433 quaestio
1709 412 1720 429 ,
1747 388 1790 433 de
1800 399 1864 431 qua
1874 388 1917 423 ad
1927 389 2093 433 Magnum
2103 404 2150 428 re-

1268 436 1387 482 scripsit
1399 439 1533 471 Sanetus
1548 437 1756 483 Cyprianus:
1784 438 1940 483 Quaefisti,
1963 439 2010 482 fili
2025 439 2150 483 char-iffi·-

322 337 394 382 posi
404 333 499 378 plene
509 332 684 369 exstinctos
696 333 840 368 Arianos
851 328 983 369 cessavit
1004 334 1092 368 fastae
1102 344 1206 370 muta-

320 386 420 428 tionis
440 384 536 420 causa
567 409 579 426 ,
604 383 746 431 ideoque
768 379 1008 432 Apostolicam
1025 384 1206 421 Institutio·

317 445 394 469 nem
404 433 514 469 decuit
525 435 741 478 resumptam.
771 435 828 469 An
840 434 886 469 ob
898 434 1039 469 Alcuini
1062 446 1204 471 murmu-

314 494 374 528 ra,
401 495 443 519 an
462 474 516 520 ob
538 481 866 519 Francofordiensem
892 485 1066 530 Synodurn
1088 487 1206 532 resum-

313 527 434 578 pserit,
445 531 588 579 ignoro.
618 534 666 569 At
681 533 760 571 vero
770 534 922 584 Symboli
935 528 1201 583 additamentum
1244 532 1246 535 ’
1264 538 1298 570 (¹2⁴
1315 538 1456 581 languore
1464 531 1599 583 gratiam
1620 542 1679 573 Dei
1695 538 1933 583 consequuntur,
1959 552 2002 573 an
2015 539 2151 575 habendi

312 583 398 622 adeo
410 595 478 634 non
488 583 658 628 deposuit,
687 594 724 619 ut
736 585 842 629 ipsum
871 586 1083 634 adsumpserit
1100 587 1201 624 etiam
1257 586 1318 627 sint
1334 587 1459 631 legitimi
1479 587 1660 631 Christiani,
1691 602 1722 624 eo
1739 591 1821 632 quod
1841 602 1924 633 aqua
1946 590 2066 634 salubri
2090 603 2151 625 non

311 634 443 677 Gallia,
470 635 504 670 ὅ(
516 634 724 682 pertinaciter
734 646 847 671 contra
859 635 986 671 Leonis
1005 636 1092 672 tertii
1115 636 1202 671 Ροιι

311 684 410 718 tificis
422 684 596 729 Interdista
606 684 809 721 defenderit
836 687 884 721 lta
909 685 1131 728 schismaticis
1145 699 1201 732 po

309 733 375 769 stea
386 726 507 771 Graecis
517 729 631 772 ansam
642 735 779 780 praebuit
790 736 963 788 durissimae
989 738 1024 772 &
1049 737 1199 787 longcvae

1262 697 1378 731 movere
1387 689 1492 730 debet,
1520 689 1747 733 quodadspergi
1773 693 1825 725 vel
1834 691 1983 735 perfundi
2003 693 2149 732 vIdentur

1262 744 1355 782 aegri,
1383 741 1456 773 dum
1475 747 1612 784 gratiam
1633 744 1823 783 Dominio-am
1841 733 2071 785 consequuntur.
2098 743 2144 777 Et

1265 498 1330 531 me,
1352 490 1434 534 quid
1440 487 1514 521 mihi
1528 489 1566 522 de
1578 490 1638 522 illis
1649 485 1812 530 videatur,
1838 495 1891 532 qui
1913 494 1948 532 in
1970 486 2150 533 infirmitapp
2176 512 2192 522 -.

308 784 345 819 in
369 797 430 821 nos
452 786 590 821 Latinos
602 785 794 834 calumniae.

355 834 454 870 Istam
464 834 645 871 mersionis
656 830 876 873 mutationem
888 838 972 874 adeo
986 851 1054 873 non
1066 837 1198 874 admise-

304 895 383 920 runt
393 885 460 921 aliae
473 886 646 927 Ecclesiae,
672 896 709 920 ιιι
723 886 817 927 illam
840 887 970 924 nobis’
961 890 1194 934 improperanti

302 935 421 970 Marco
434 930 651 994 Ephesiorum
663 930 828 983 Episcopo
839 931 1040 986 responderit
1068 940 1195 984 Grego-

302 986 390 1027 rius,
418 984 476 1030 qui
497 987 608 1034 postea
622 986 810 1023 Patriarcha
827 987 919 1030 fuit,
942 988 1059 1023 Proto·
1062 990 1195 1031 Synce17

301 1035 374 1070 lus:
404 1037 471 1086 Esse
492 1039 680 1081 neceffariam
711 1044 824 1072 trinam
837 1038 1063 1082 immerfionem,
1085 1048 1191 1082 patet.

300 1090 389 1119 Nam
414 1088 449 1120 (τ
471 1089 492 1119 ἆ
511 1087 628 1121 samiis
649 1087 700 1122 hoc
713 1089 865 1123 traditum
876 1089 935 1130 est·
964 1091 1084 1133 Nempe
1107 1092 1155 1124 ad
1161 1090 1194 1131 s

296 1136 502 1180 gnificandam
513 1140 690 1173 triduanam
700 1141 820 1174 Domini
836 1138 1044 1183 sepulturam.
1071 1143 1121 1175 Ita
1141 1140 1192 1185 sa-

297 1189 337 1220 ne
370 1189 520 1222 traditum
531 1189 588 1230 est
615 1192 662 1223 Et
673 1191 812 1224 Ritualia
826 1194 1003 1239 Latinorum
1029 1193 1074 1224 ita
1100 1191 1192 1238 ⁰bssl'?

297 1238 434 1272 vandum
444 1240 556 1273 docent.
582 1239 744 1280 Privatos,
755 1253 897 1286 quorum
911 1241 1191 1290 reprehendendo-

295 1297 368 1322 rum
396 1280 493 1331 poffit
529 1291 760 1337 undecumque
782 1293 878 1336 arripi
902 1294 1062 1337 quaepiam
1085 1294 1163 1328 ansa
1178 1317 1189 1334 ‚

296 1338 395 1372 unius
407 1335 592 1375 Provincia:
618 1350 675 1376 aut
688 1342 825 1377 Dioeces
828 1354 842 1376 3
853 1343 933 1377 ritus
944 1345 1101 1389 Haeretici
1120 1344 1186 1388 pas-

294 1388 352 1425 fim
374 1381 570 1438 devolvunt
570 1384 794 1427 calumniose
786 1405 821 1427 ιιι
834 1405 971 1429 ornnem
991 1394 1188 1429 Ecclesiam

293 1437 343 1472 Ita
353 1450 393 1472 ex
406 1440 533 1481 solius,
563 1453 632 1486 quae
654 1443 672 1477 a
686 1445 767 1478 mari
781 1455 907 1479 remota
919 1446 1023 1491 pisces
1047 1457 1117 1479 non
1132 1444 1185 1480 ha·

294 1486 375 1534 bet,
399 1490 565 1536 ideoque
555 1505 591 1526 ιιι
603 1492 860 1542 Qadragesima
874 1497 1007 1530 caseum
1033 1496 1067 1530 &
1089 1495 1185 1537 buty-

293 1550 366 1573 rum
377 1542 555 1583 comedit,
582 1543 767 1591 Germaniae
785 1546 922 1588 antiqua
935 1545 1085 1580 libertate
1099 1543 1186 1578 Pho·

293 1589 358 1631 tius
380 1590 598 1626 debacchatus
609 1594 704 1628 estin
729 1605 845 1628 omnes
860 1595 1024 1629 Latinos.
1059 1594 1185 1628 Eadem

292 1639 344 1680 via
356 1638 413 1674 hic
424 1637 571 1676 ambulat
581 1642 947 1689 MichaelCerularius.
978 1644 1086 1677 Solius
1108 1645 1185 1676 His·

291 1691 396 1731 paniae
415 1682 713 1738 dispensatorium,
739 1692 757 1723 ὲ
784 1685 940 1725 Romana
966 1701 1047 1726 tunc
1073 1685 1186 1733 proba-

290 1748 362 1773 tum
389 1739 536 1788 Ecclesia
565 1740 669 1784 ‚jam
694 1739 822 1775 dudum
844 1741 1032 1775 abdicatum
1058 1750 1184 1775 morem

290 1788 363 1823 vult
384 1790 448 1824 esse
475 1789 664 1834 Apostolici
692 1791 842 1838 Canonis
865 1791 1184 1848 praevaricationem,

291 1839 482 1885 &imponit
496 1840 653 1875 omnibus
663 1840 815 1876 Latinis.
841 1841 945 1890 Quid
957 1842 1025 1886 ejus
1036 1851 1184 1884 tempore

289 1890 400 1935 omnis
413 1890 536 1924 Latina
550 1890 690 1925 Ecclesia
707 1903 775 1925 non
790 1889 963 1937 dumtaxat
996 1893 1116 1934 trinam
1126 1892 1184 1924 ufi-

293 1949 376 1974 raret
398 1941 616 1981 mersionem,
642 1940 695 1973 sed
721 1942 823 1975 etiam
852 1941 1064 1985 baptizandos
1088 1941 1183 1986 plene

289 1988 445 2030 nudaret,
477 1989 523 2024 est
536 1991 628 2034 supra
642 1989 774 2024 abunde
786 1991 1061 2027 demonstratum.
1090 1991 1154 2026 Et
1146 2003 1182 2036 ιιι

287 2039 404 2074 litteris
424 2038 466 2074 ad
479 2039 691 2075 Adeodatum
706 2042 881 2089 confirmat
902 2044 1036 2077 Sanctus
1055 2043 1179 2089 Carnu-

287 2091 425 2125 tensium
446 2082 653 2135 Episcopus,
678 2093 734 2135 qui
757 2093 845 2126 circa
872 2084 938 2126 ha’c
965 2103 1111 2138 tempora
1123 2092 1181 2126 flo-

286 2141 351 2175 ruit
376 2165 387 2181 ,
413 2140 606 2176 Fulbertus:
636 2141 772 2183 Christus
797 2150 966 2177 memoriam
989 2142 1054 2187 fuae
1075 2149 1179 2176 morus

287 2193 321 2226 (Ὗ
335 2190 497 2234 sepulturae
521 2201 612 2235 atque
629 2198 720 2226 etiam
737 2192 956 2236 resurrellionir
987 2193 1179 2237 insculpens,

286 2241 451 2286 ineffabilia
471 2242 616 2286 baptismi
626 2247 748 2276 contulit
761 2256 886 2277 munera
898 2269 907 2284 ‚
929 2252 988 2286 per
999 2257 1068 2288 quae
1076 2242 1180 2287 super-

287 2297 425 2326 veniente
441 2299 553 2335 primae
579 2299 700 2337 originis
709 2293 788 2335 fine,
814 2301 841 2328 ei
864 2302 1059 2336 commortui,
1087 2296 1177 2328 &in-

286 2351 334 2376 tra
353 2341 475 2386 sacrum
494 2350 645 2388 gurgitem
663 2340 856 2388 *cons,epulti
888 2344 1177 2389 demerfiresurgere-

286 2405 374 2434 mus,
400 2400 469 2427 vita
481 2406 647 2437 emergente
669 2395 855 2429 criminibus
888 2395 993 2453 Qod
1016 2397 1075 2431 suo
1098 2406 1180 2429 tem·

286 2455 365 2488 pore
376 2446 476 2478 etiam
491 2445 632 2479 infantes
645 2457 864 2490 mergeremur
886 2446 919 2479 in
943 2439 1058 2491 fonte,
1084 2445 1178 2485 testa-

288 2503 339 2527 tur
352 2493 523 2537 Presbyter
539 2496 715 2530 Auxilius'
707 2508 740 2530 ιιι
755 2497 946 2540 praefatione
955 2496 1088 2535 secundi
1101 2493 1175 2541 libri

287 2543 328 2577 de
340 2543 510 2577 validitate
533 2545 688 2579 ordinum
710 2546 862 2581 datorum
881 2547 1076 2581 aPontifice
1101 2546 1176 2581 For-

288 2594 406 2628 moso.
436 2594 478 2626 Et
493 2594 657 2639 Michaeli
667 2596 839 2630 Cerulario
851 2607 1031 2637 coaetaneus
1044 2597 1176 2630 Sanetus

287 2644 401 2677 Petrus
426 2635 581 2678 Damiani
610 2644 721 2679 scribit
741 2644 782 2679 ad
809 2646 869 2680 suae
894 2634 1177 2693 Congregationis

286 2692 498 2727 Monachos:
527 2698 564 2727 In
578 2693 722 2738 baptismi
728 2694 914 2740 sacramento
925 2697 970 2729 ad
979 2702 1176 2739 imitationem

287 2743 396 2787 Christi
423 2746 609 2778 &morimur
637 2744 878 2791 &resurgimus.
907 2749 1072 2786 Marmar,
1103 2747 1176 2779 dum

287 2795 319 2827 i'n
343 2806 455 2837 aquam
479 2801 666 2839 mergimur;
693 2795 899 2841 resurgimus,
924 2798 997 2829 dum
1017 2797 1172 2830 levamur.

288 2844 330 2878 Et
351 2847 392 2878 de
413 2844 584 2890 Casselensi
599 2871 609 2886 ‚
635 2845 796 2881 celebrata
822 2845 882 2890 sub
893 2846 1072 2881 Alexandri
1086 2847 1174 2891 tertii

288 2893 510 2934 pontificatu,
537 2895 623 2938 apud
646 2896 817 2930 Hibernos
831 2896 961 2939 synodo
985 2897 1094 2940 scribit
1107 2896 1173 2930 Ro—

287 2955 381 2987 gerus
394 2945 626 2980 Hovedenfis:
652 2950 690 2979 In
700 2947 817 2979 concilio
831 2948 881 2980 illo
884 2945 1032 2989 statutum
1056 2946 1113 2987 est,
1140 2955 1174 2990 ut

283 3001 374 3033 pueri
384 2995 574 3037 deferrentur
586 2997 631 3039 ad
642 2995 802 3039 Ecclesiam
813 3022 823 3038 ‚
845 2999 880 3031 (ι’
891 2997 933 3029 ibi
946 2996 1174 3041 baptizarentur

287 3048 321 3074 in
349 3057 428 3087 aqua
453 3048 589 3087 munda,
612 3045 668 3089 sub
690 3053 775 3081 trina
796 3046 930 3091 mersione
946 3072 953 3080 .
983 3047 1095 3080 Etiam
1116 3046 1175 3080 sub

290 3091 469 3129 Clementis
483 3097 591 3141 quinti
603 3096 805 3137 Pontificatu
820 3097 981 3140 celebrata
1003 3097 1088 3141 apud
1106 3097 1170 3132 Ra-

290 3151 428 3186 vennam
444 3147 583 3181 secunda
597 3148 754 3192 Synodus
779 3148 891 3183 statuit
917 3147 1177 3184 fieritrinamad,

285 3189 382 3234 spers
368 3203 457 3225 onem
471 3199 522 3229 vel
531 3196 755 3239 immerfionem.
786 3197 889 3246 Qod
902 3201 1016 3242 nempe
1028 3198 1172 3242 quaedam

291 3241 438 3275 Eccleslae
464 3251 539 3279 tunc
565 3248 811 3294 adspergerent
803 3250 1000 3288 dumtaxat,
1025 3248 1172 3292 quaedam

291 3282 399 3325 adbuc
422 3291 667 3335 immergerent.
696 3297 803 3333 Unde
822 3299 907 3333 circa
936 3298 1022 3342 istud
1045 3308 1173 3341 tempus

291 3350 456 3384 coeperunt
475 3342 590 3375 mersio
628 3346 661 3377 δε
687 3348 817 3382 nuditas
843 3339 970 3391 fortiter
988 3349 1170 3383 declinare.

292 3391 428 3425 Interim
438 3391 524 3440 trina
549 3392 604 3426 seu
616 3393 752 3435 aspersio
778 3399 832 3431 seu
847 3399 966 3432 infusio
981 3398 1173 3433 constantis-

292 3440 370 3486 sime
380 3440 464 3487 apud
487 3451 555 3487 nos·
568 3452 749 3477 etiamnum
771 3442 871 3479 hodie
884 3449 1074 3488 perseverat.

1261 788 1398 833 iterum:
1425 792 1458 823 51·
1467 792 1576 832 aliquis
1589 790 1740 836 existimat
1750 802 1798 825 eos
1809 790 1888 826 nihil
1897 792 2088 835 consecutos,
2113 804 2147 827 eo

1259 840 1339 882 quod
1348 850 1427 887 aqua
1431 838 1564 885 salutari
1576 842 1698 875 tantum
1707 839 1822 884 persus
1807 841 1915 886 sunt
1940 843 2088 888 Quaestio
2100 842 2149 877 vi·

1258 887 1376 930 detur
1363 902 1439 925 nata
1448 903 1491 928 ex
1503 891 1783 938 supralaudatiss
1798 892 1947 927 Cornelii
1975 893 2009 927 ὅτ.
2024 894 2147 928 Roma-

1259 950 1306 973 nae
1316 938 1373 973 sub
1382 939 1451 982 ipso
1463 932 1581 983 synodi
1595 942 1702 987 verbis
1723 941 1764 976 de
1776 942 1968 983 Novatiano
1985 942 2143 986 Clinico;

1257 991 1288 1021 si
1313 991 1435 1032 quidem
1454 987 1625 1033 hujusmodi
1643 991 1815 1029 tinc‘lionem
1835 991 2016 1035 baptismum
2038 983 2145 1028 vocare

1256 1040 1343 1072 lieet.
1373 1041 1456 1074 Sunt
1477 1039 1572 1073 verba
1595 1039 1776 1084 ambigua,
1802 1041 1943 1089 ideoque
1961 1043 2144 1078 istiusmodi

1257 1088 1453 1133 baptismum
1472 1089 1572 1132 aliqui
1599 1088 1752 1135 videntur
1773 1086 1954 1132 censuisse
1945 1093 2073 1127 irritum
2088 1105 2143 1138 pe·

1258 1140 1365 1181 nitus,
1391 1140 1494 1185 aliqui
1508 1131 1665 1176 dixerunt
1683 1139 1831 1184 validum
1849 1164 1861 1181 ,
1887 1140 1940 1179 sed
1952 1142 2142 1178 minorisef-

1256 1190 1375 1225 festus.
1402 1192 1476 1226 Nec
1487 1202 1593 1226 carere
1604 1191 1635 1225 se
1649 1180 1807 1234 putabant
1822 1191 2055 1237 fundamento.
2078 1196 2141 1227 uo

1255 1242 1423 1283 vehantur,
1449 1242 1532 1284 quod
1554 1243 1680 1285 quidam
1691 1242 1729 1275 de
1752 1247 1812 1282 iis,
1832 1246 1886 1285 qui
1906 1245 1978 1285 aegri
2002 1229 2140 1285 baptiza·

1253 1291 1384 1333 bantur,
1406 1291 1567 1336 spiritibus
1603 1292 1701 1325 adhuc
1737 1294 1900 1325 immundis
1922 1300 2140 1336 tentarentur.

1256 1335 1480 1388 Energumeni
1490 1342 1574 1390 olim
1587 1353 1643 1400 per
1658 1342 1882 1386 baptismum,
1905 1354 1974 1377 non
1985 1343 2111 1378 solum’
2100 1355 2140 1378 ιιι

1252 1393 1386 1436 anima,
1414 1393 1468 1428 sed
1478 1393 1579 1438 etiam
1592 1395 1627 1427 in
1639 1404 1775 1437 corpore
1789 1392 2008 1427 liberabantur
2017 1394 2035 1427 a
2048 1393 2139 1429 malo

1254 1444 1392 1502 spiritu:
1418 1445 1504 1494 Qiae
1513 1445 1619 1491 gratia
1631 1443 1759 1479 viderur
1771 1454 1852 1478 tunc
1864 1442 2058 1487 quibusdam
2070 1443 2140 1479 Cli·

1251 1494 1334 1537 nicis
1344 1506 1413 1529 non
1424 1494 1607 1530 advenisse.
1634 1495 1728 1541 Hinc
1750 1506 1832 1540 ergo
1854 1494 1998 1551 ipsorum
2021 1493 2139 1549 baptis

1251 1555 1303 1591 ma
1317 1555 1386 1578 erat
1408 1546 1612 1588 suspestum

1299 1593 1348 1627 At
1371 1594 1465 1627 fuisse
1488 1595 1632 1628 validum
1659 1607 1698 1628 ac
1715 1597 1828 1629 effestu
1847 1595 1981 1638 plenum
2002 1595 2138 1639 Sanetus

1249 1636 1436 1687 Cyprianus
1447 1644 1634 1677 constanter
1646 1644 1786 1677 affirmat
1799 1656 1806 1675 :
1835 1649 1910 1677 Non
1914 1645 1956 1685 fic
1978 1651 2013 1677 in
2027 1648 2138 1681 sacra-

1247 1700 1345 1735 mento
1359 1689 1491 1733 salutari
1519 1693 1695 1724 delitvorum
1716 1699 1852 1736 contagia
1865 1717 1875 1734 ‚
1902 1703 1936 1727 ut
1959 1700 1992 1738 in
2014 1695 2137 1735 lavacra

1246 1741 1364 1773 carnali
1390 1741 1425 1773 &¹
1441 1739 1580 1783 saeculari
1603 1739 1706 1785 sordes
1716 1748 1793 1774 cutis
1818 1745 1854 1775 ἐν
1874 1749 2002 1783 corporis
2012 1743 2137 1776 abluun-

1245 1798 1314 1829 tur,
1340 1799 1374 1823 ut
1385 1790 1556 1832 aphronitis
1567 1815 1569 1818 -
1582 1792 1617 1824 &
1636 1797 1752 1825 caeteris
1766 1802 1875 1833 quoque
1885 1793 2070 1838 adjumentis
2097 1794 2134 1827 Θ

1240 1838 1311 1884 solio
1339 1842 1374 1874 ὁ*
1390 1839 1510 1885 piftina
1527 1849 1598 1883 opus
1604 1840 1643 1882 fit
1658 1867 1669 1883 ‚
1696 1841 1804 1884 quibus
1827 1842 1910 1884 ablui
1934 1844 1969 1876 <5
1987 1844 2133 1885 mundari

1244 1889 1439 1933 corpusculum
1447 1892 1530 1935 poffit
1548 1916 1555 1935 ἲ
1582 1892 1679 1925 Aliter
1699 1892 1805 1934 pellas
1818 1894 1966 1935 credentis
1981 1892 2111 1926 abluitur
2121 1917 2134 1934 ‚

1243 1941 1332 1985 aliter
1354 1953 1440 1974 mens
1466 1940 1593 1975 hominis
1603 1950 1660 1983 per
1678 1942 1754 1985 fidei
1764 1948 1870 1983 merita
1881 1944 2065 1982 mundatur.
2095 1947 2134 1975 In

1241 1993 1402 2030 sacramen
1407 1997 1449 2023 tis
1454 1989 1641 2034 salutaribus
1656 2015 1666 2032 ,
1690 1993 1848 2036 neceffitate
1860 2000 1975 2036 cogente
1985 2016 1997 2031 ,
2026 1993 2061 2025 Θ
2072 1994 2133 2025 Deo

1241 2043 1464 2086 indulgentiam
1474 2041 1558 2086 suam
1569 2043 1715 2085 largiente
1724 2067 1735 2082 ‚
1763 2051 1855 2076 toturn
1867 2041 2055 2086 fredentibur
2065 2053 2133 2083 eon-

1234 2091 1344 2134 ferunt
1357 2092 1468 2136 divina
1478 2094 1658 2136 compendia
1669 2116 1676 2122 .
1702 2091 1797 2139 Qid
1821 2091 1860 2126 sit
1871 2092 2047 2135 antiquum
2064 2090 2132 2126 bal«

1243 2143 1293 2176 nei
1310 2141 1452 2182 solium,
1478 2143 1623 2177 ostendit
1660 2141 1839 2176 Svetonius
1875 2141 2095 2183 Tranquillus
2117 2165 2130 2182 ,

1241 2192 1381 2227 scribens
1404 2191 1444 2227 de
1457 2191 1580 2226 Caesare
1606 2190 1760 2237 Augusto

1239 2242 1347 2287 causa,
1374 2247 1523 2283 marinis,
1549 2241 1713 2285 albultsque
1737 2242 1843 2277 calidis
1871 2244 2013 2276 utendum
2041 2243 2130 2286 efflet,

1238 2301 1388 2338 contentus
1413 2292 1465 2326 hoc
1480 2301 1547 2327 erat
1561 2317 1573 2333 ,
1600 2301 1635 2326 ut
1660 2292 1786 2335 infidens
1813 2294 1907 2336 ligneo
1928 2292 1998 2337 fhlio
2013 2311 2028 2335 ,w
2049 2294 2132 2336 quod

1238 2343 1300 2388 ipse
1311 2341 1471 2387 Hispanico
1482 2344 1574 2383 verbo
1597 2347 1762 2387 Durretam
1773 2343 1901 2376 vocabat
1914 2367 1924 2383 ,
1950 2355 2060 2383 manus
2072 2367 2074 2370 v
2085 2343 2132 2376 ad

1235 2397 1328 2436 pedes⁴
1352 2395 1477 2437 alterius
1500 2393 1635 2436 jac‘laret
1655 2418 1662 2425 .
1699 2393 1826 2438 Solium
1849 2394 1928 2439 ergo
1949 2403 2016 2439 erat
2038 2393 2130 2435 sedes

1237 2443 1416 2487 'composita
1456 2443 1698 2489 ad'commode
1721 2441 1940 2478 balneandurn
1961 2469 1969 2476 .
1997 2443 2129 2490 Lignea

1238 2496 1329 2539 fuisse
1341 2504 1520 2529 contentus
1534 2493 1886 2540 laudaturAugustus
1914 2494 2029 2537 Aliqui
2043 2517 2055 2533 ,
2078 2503 2126 2527 α-

1237 2546 1282 2579 ste
1305 2543 1444 2589 Plinio,
1471 2555 1624 2590 argentea
1641 2544 1835 2579 utebantur.
1863 2544 1908 2588 Ει
1921 2543 1998 2578 hinc
2011 2541 2122 2581 vides,

1236 2607 1292 2630 cur
1313 2569 1502 2641 Ειιιιριιιῐιιε
1524 2595 1627 2640 ipsam
1647 2596 1747 2630 etiam
1779 2593 1819 2628 ad
1831 2582 2124 2636 baptismaleadhi·

1236 2636 1341 2687 buerit
1352 2645 1530 2690 balneum.-
1558 2646 1662 2703 Qod
1681 2642 1937 2686 nempefineilsa
1959 2654 2029 2676 non
2050 2643 2123 2684 pos-

1234 2696 1279 2729 set
1303 2687 1474 2731 hominem
1501 2695 1608 2739 capite
1628 2695 1777 2737 deorsum
1799 2693 1834 2725 in
1859 2693 1956 2734 pedes
1977 2692 2119 2736 erigere.

1234 2748 1367 2780 Sanetus
1395 2743 1581 2788 Cyprianus
1616 2744 1754 2776 affirmat
1781 2742 1979 2784 baptismum
2009 2741 2122 2785 potius

1235 2798 1354 2830 mentis
1367 2806 1422 2837 per
1434 2795 1531 2827 fidem
1542 2818 1553 2833 ‚
1578 2793 1676 2836 quam
1688 2791 1833 2835 corporis
1857 2802 1911 2834 per
1929 2802 2047 2834 aquam
2057 2791 2123 2826 effe

1234 2847 1421 2883 lavacrum,
1447 2844 1512 2877 esse
1524 2839 1815 2882 soluminvifibilis
1834 2842 1972 2881 lotionis
1996 2840 2124 2876 visibile

1233 2885 1447 2938 symbolum,
1474 2893 1615 2936 ideoque
1626 2893 1693 2933 sola
1706 2891 1908 2935 adspersione
1929 2893 2017 2935 posse
2030 2902 2122 2926 com-.

1227 3008 1300 3040 gam
1306 2993 1397 3038 super
1408 3005 1461 3028 vos
1473 3004 1582 3037 aquam
1609 2994 1773 3035 mundam3
1801 2992 1855 3026 &
1849 2991 1944 3034 variis
1963 2989 2038 3034 libri
2049 2991 2122 3033 Nu·

1233 3056 1396 3080 merorum
1419 3045 1523 3083 locis,
1549 3042 1606 3077 ubi
1625 3043 1738 3088 legalis
1761 3042 1988 3085 mundationis
1999 3053 2119 3084 aquam

1233 3097 1370 3140 Spiritus
1383 3096 1518 3130 Sanetus
1530 3104 1625 3128 vocat
1636 3093 1845 3138 adspersionis
1854 3103 1972 3135 aquarn
1986 3116 1996 3131 ,
2012 3092 2120 3127 istam-

1233 3158 1296 3190 que
1309 3143 1559 3187 mundationem
1571 3144 1707 3189 mandat
1715 3143 1917 3186 adspersione
1931 3142 2091 3186 compleri
2109 3166 2119 3174 .

1232 3197 1332 3231 Hanc
1343 3207 1462 3241 aquam
1475 3195 1663 3239 Cyprianus
1677 3195 1815 3228 affirmat
1826 3191 1920 3233 fuisse
1944 3191 2044 3226 nostri
2065 3191 2121 3234 ba-

1236 3248 1340 3290 ptismi
1354 3247 1569 3290 praenuntiam
1595 3256 1632 3278 ac
1644 3243 1862 3288 promissivam
1882 3244 2042 3287 figuram,
2071 3252 2117 3276 at-

1234 3309 1294 3341 que
1318 3296 1488 3340 adjungit:
1519 3296 1604 3339 [Inde
1625 3302 1751 3336 apparet
1772 3291 1981 3336 adsperfionem
2005 3301 2117 3334 quoque

1233 3359 1319 3390 aquae
1339 3346 1431 3387 instar
1446 3344 1592 3389 salutaris
1614 3345 1734 3377 lavacri
1751 3343 1910 3377 obtinere.
1947 3340 2053 3374 Addit
2078 3341 2114 3373 &

1233 3398 1321 3432 aliud
1344 3395 1563 3441 irrefragabile
1582 3403 1813 3439 argumentum
1839 3406 1847 3426 ε
1883 3397 1955 3425 Non
1967 3391 2115 3430 decipian-

1234 3458 1305 3489 tur,
1334 3448 1445 3488 utique
1468 3445 1591 3484 Clinici
1607 3468 1617 3486 ,
1644 3452 1676 3479 ut
1691 3443 1721 3487 fi
1736 3442 1944 3484 incommodum
1961 3439 2114 3481 languoris

1899 3487 2065 3544 evaserint,

2167 473 2240 514 Epist
2254 478 2303 517 76.

1261 638 1314 682 loti
1332 637 1417 680 fint,
1439 637 1497 682 sed
1511 638 1639 682 perftcli
1668 641 1713 675 Et
1733 640 1855 675 infra:
1881 645 1950 676 Nec
1970 652 2150 684 quemquam
2176 663 2180 667 ·

1790 2204 1797 2223 :
1824 2194 1948 2235 ,Quoties
1970 2202 2130 2233 nervorum
2145 2190 2217 2231 Cap.
2232 2193 2280 2229 ξι,

1231 2946 1311 2989 pleri
1335 2970 1343 2977 .
1368 2943 1492 2978 Probat
1515 2955 1555 2977 ex
1566 2942 1757 2986 Ezechiele
1779 2941 1961 2999 Propheta:
1991 2938 2120 2985 Adsper-
2135 2952 2210 2991 Cap
2224 2956 2270 2989 36-
