2352 3736
121 323 182 355 Lib·
208 329 234 356 6-

96 2161 186 2201 Epist.
210 2173 238 2193 1·

97 2212 162 2243 cap.
194 2215 238 2237 ιο.

134 3231 272 3273 ερὶῦᾶῑ·

137 3282 200 3312 cai).
225 3284 275 3304 ιο-

295 251 481 287 calamitas,
505 256 603 290 quam
640 247 737 281 refert
762 242 967 287 Nicephoras
994 243 1182 288 Gregoras:

295 301 500 341 Constantinus
520 321 532 337 ,
558 295 766 339 Imperatoris
800 291 978 328 Michaelis
999 292 1180 340 Palaeologi

295 346 601 392 Porphyrogenitus
610 347 712 380 Filius
723 369 733 385 ,
754 345 872 386 Templo
884 346 905 376 5
906 345 984 376 tudit'
985 341 1181 386 splendidum

294 399 419 434 addidit
440 397 549 431 tearum
573 403 595 439 (
615 397 691 429 locus
719 401 800 429 enim
811 401 839 427 is
850 392 992 436 desolatus
1004 404 1069 427 erat
1090 397 1111 427 ἃ
1123 399 1181 429 La-

293 453 366 483 tinis
379 471 391 488 ‚
417 449 452 482 (ν’
474 449 556 491 longo
568 449 639 487 jam
661 453 793 487 tempore
803 456 874 478 oves
883 443 1028 487 pascebat
1049 443 1066 490 )
1091 446 1181 488 &fit-

291 510 338 532 mo
359 509 443 532 muro
463 496 659 531 circumducto
682 521 692 536 ,
735 496 769 528 Θ·
787 501 903 538 magnis
925 492 1059 536 impensis
1081 498 1181 529 Mona·

291 548 408 582 chorum
431 547 615 581 habitationi
652 547 886 580 accommodavit
924 544 1079 587 aedt'ficium
1101 570 1111 587 ,
1145 556 1180 580 ut

287 607 397 640 parum
409 600 428 630 ιῖ
439 605 536 630 vetere
541 595 647 638 forma
657 596 787 637 differret
797 622 805 629 .
833 598 859 630 F
861 596 966 630 landri
980 595 1081 629 nostri
1095 596 1179 630 istud

289 647 529 683 Monasterium
542 647 661 690 poffint
675 647 720 681 ob
733 647 889 681 Nicetam
903 645 1108 680 Pesstoratum
1121 647 1181 680 sin-

286 699 442 743 gulariter
452 697 572 732 odisse.
601 697 779 744 Qidquid
790 698 825 731 sit
839 722 849 738 ‚
878 697 962 730 lucet
976 696 1065 740 quod
1085 696 1179 730 schis-

287 749 401 784 matici
413 748 517 783 Graeci
529 747 711 782 Turcicam
725 746 902 782 Meskitam
915 747 1102 790 permittere
1115 759 1181 782 ma-

284 798 408 834 luerint
419 823 430 840 ,
456 797 554 840 quam
565 798 721 832 Latinam
734 798 910 832 Ecclesiam
922 822 929 829 .

336 850 471 886 Latinas
485 847 640 882 Ecclefias
653 849 685 882 ὃ(
697 849 815 882 Latina
827 848 862 881 in
885 847 956 891 ipsis
979 849 1091 882 officia
1114 848 1180 882 Mi-

283 899 379 936 ehael
393 898 579 934 Cerularius
592 897 675 933 adeo
688 898 761 932 odit
773 922 784 938 ‚
810 907 848 932 ut
860 898 944 941 ipsas
964 899 1072 932 etiam·
1087 897 1183 942 Apo-

282 951 409 986 stolicis
435 950 568 995 Legatis
588 949 630 981 ad
666 949 802 992 agendas
840 948 942 991 Mrffas
968 949 1178 982 interdixerit.

282 1004 366 1051 Qae
377 999 564 1035 Cardinalis
576 998 755 1032 Humberti
780 997 877 1032 verba
897 997 1073 1042 respiciunt
1095 999 1180 1032 fimi-

281 1053 313 1087 le
338 1052 464 1086 facinus
489 1048 586 1083 Pauli
609 1047 806 1083 Patriarchae
838 1047 1180 1092 Constantinopolita-

280 1103 316 1137 ni
344 1126 355 1142 ,
394 1101 435 1135 de
457 1111 525 1141 quo
553 1099 594 1134 ad
610 1099 860 1134 Lateranensem
887 1100 977 1132 suam
1004 1098 1178 1141 Synodum

279 1153 366 1188 dixit
377 1152 512 1187 Sandus
522 1149 610 1192 Papa
622 1150 788 1184 Martinus
801 1149 942 1193 primus:
971 1149 1084 1182 Paulus
1103 1157 1178 1191 pra·

279 1198 409 1239 vitatem
417 1200 505 1244 suam
519 1200 686 1242 defendens
703 1225 713 1240 ‚
739 1201 821 1242 quod
831 1211 984 1242 nunquam
994 1201 1014 1231 ἃ
1023 1199 1175 1240 prioribus

278 1253 439 1291 Haereticls
447 1249 662 1294 praesumptum
669 1250 707 1290 est
722 1274 734 1291 ‚
744 1251 845 1283 illicite
855 1250 947 1292 praes
940 1260 1036 1283 umere
1041 1248 1157 1289 studuit
1168 1273 1177 1282 .

278 1305 382 1336 Altare
395 1309 475 1336 em'm
486 1301 605 1335 Sancqae
615 1301 734 1340 Nostrae
749 1303 768 1333 5
770 1301 836 1334 edis
850 1324 861 1340 ,
887 1306 920 1333 in
932 1301 1016 1333 domo
1030 1300 1176 1334 Placidiae

273 1352 429 1397 sacratum
444 1358 476 1385 in
488 1351 655 1385 venerabili
670 1350 797 1384 oraculo
807 1374 818 1391 ‚
836 1349 1017 1393 subvertens
1031 1350 1157 1392 diripuit
1168 1373 1179 1390 ‚

272 1404 436 1446 prohibens
449 1414 485 1437 ne
497 1403 688 1436 adorandam
701 1402 971 1436 &immaculatam
986 1400 1107 1441 bolliam
1121 1424 1131 1441 ,
1144 1403 1180 1434 id

276 1455 313 1494 ess
326 1480 336 1495 ‚
358 1453 480 1498 sacram
506 1453 730 1487 celebrationem
753 1450 933 1494 Apocrisarti
956 1450 1044 1491 nostri
1067 1451 1178 1485 ibidem

277 1509 339 1538 Deo
350 1502 457 1544 offerre
470 1505 598 1537 valeant
610 1526 620 1542 ‚
642 1504 677 1536 &⁶
687 1501 822 1543 vivificae
836 1506 1059 1534 communionis
1073 1503 1177 1534 sacra-

275 1563 376 1590 menta
382 1559 569 1596 percipiant.
602 1554 687 1596 ‚Quos
710 1553 848 1584 videlicet
874 1549 1074 1592 apocrisarios
1088 1575 1099 1591 ,
1123 1556 1175 1592 qui

275 1617 314 1638 ox
334 1610 532 1648 praeceptione
551 1604 637 1636 Sedis
661 1601 826 1644 Apostolicae
846 1601 1034 1634 auc‘lors'tatis
1057 1612 1175 1634 commo-

274 1662 404 1689 nuerant
414 1666 480 1688 eum
494 1679 506 1695 ,
532 1654 613 1685 atde
624 1651 760 1685 haeretico
791 1657 910 1683 intentu
932 1653 1096 1689 recederet,
1124 1661 1176 1682 nec

275 1717 332 1739 non
343 1703 495 1743 contestari
507 1700 644 1743 visisunt
656 1725 667 1740 ,
688 1698 940 1743 persecutionibus
952 1697 1077 1740 diversis
1089 1722 1100 1738 ,
1111 1709 1175 1731 cum

274 1757 345 1789 alus
361 1753 542 1788 orthodoxis
568 1755 647 1785 viris
671 1752 705 1784 Ca·
726 1748 949 1784 venerabilibus
975 1746 1176 1782 Sacerdotibus

274 1805 438 1850 insec‘latus
451 1803 511 1844 est,
537 1799 683 1845 quosdam
692 1800 830 1841 custoa'iae
840 1800 994 1833 retrudens
1009 1823 1019 1839 ,
1046 1800 1120 1832 altos
1143 1804 1176 1831 in

275 1857 364 1892 exilio
377 1856 560 1896 deportans,
601 1853 673 1885 allos
684 1849 859 1884 verberibus
870 1847 1064 1892 submittens.
1094 1849 1176 1896 Qae

273 1905 373 1940 verba
394 1906 429 1938 in
454 1902 593 1937 Librum
617 1902 718 1936 etiam
742 1899 974 1934 Pontificalem
994 1910 1031 1934 ac
1052 1899 1174 1934 laudati

273 1954 414 1991 Martini
426 1953 528 1987 vitam
552 1951 719 1986 transtulit
741 1949 931 1985 Anastasius
951 1947 1177 1984 Bibliotheca·

275 2008 362 2041 rius.
389 2002 535 2037 Etiaem
547 2002 672 2036 facinus
694 1999 855 2036 Michaeli
879 2000 1051 2035 Gerulario
1073 2001 1108 2034 in
1132 2000 1176 2034 fa-

278 2058 365 2091 ciem
376 2053 498 2098 objecit
509 2053 541 2087 S.
554 2052 626 2087 Leo
641 2063 766 2087 nonus.
798 2050 959 2085 lllustrem
974 2051 1009 2085 in
1024 2049 1177 2086 Blacher-

275 2108 329 2141 nis
348 2103 598 2141 &Divinam&
621 2101 801 2136 humanam
825 2101 994 2135 Basilicam
1020 2100 1177 2135 exstruxit

277 2156 472 2202 Imperatrix
507 2152 681 2188 Pulcheria
703 2165 711 2185 :
750 2152 853 2196 quue
887 2151 924 2184 in
952 2153 1046 2184 usum
1087 2149 1178 2185 Sedis

277 2207 497 2252 Apostolicae.
529 2202 864 2248 Apostolicienim&
888 2201 1007 2246 Legati
1031 2201 1066 2235 &
1089 2200 1180 2244 Apo-

278 2258 399 2294 crisarii
422 2257 491 2290 illic
515 2254 670 2298 deinceps
690 2251 874 2288 habuerunt
899 2250 1110 2286 domicilium
1123 2260 1178 2285 aut

278 2303 486 2352 hospitium,
511 2305 546 2338 &
561 2305 686 2339 Latino
709 2304 773 2338 ritu
799 2303 895 2338 Sacra
918 2301 1083 2336 faciebant
1103 2327 1110 2334 .
1139 2302 1180 2335 E-

281 2361 362 2395 tiam
374 2358 432 2402 ipfi
446 2357 592 2391 Romani
605 2354 786 2389 Pontifices
799 2378 807 2386 .
833 2353 928 2400 Qu
958 2353 993 2387 δε
1008 2352 1049 2386 de
1061 2354 1180 2387 Sansto

284 2411 411 2454 Joanne
448 2407 555 2451 primo
582 2404 748 2439 Pontifice
773 2429 783 2444 ‚
810 2414 909 2447 quem
945 2402 1181 2437 Theodericus

284 2460 386 2495 Italiae
408 2459 483 2492 Rex
500 2456 644 2490 Arianus
681 2455 844 2500 legaverat
873 2453 914 2488 ad
948 2454 1181 2497 Imperatorem

286 2507 450 2554 Iustinum
473 2508 639 2549 primum,
666 2505 776 2539 scribit
787 2504 822 2537 in
849 2503 1022 2538 Chronico
1048 2502 1187 2537 Marcel-

287 2560 374 2593 linus
397 2558 520 2591 Comes
534 2570 543 2588 .·
566 2560 597 2599 J
601 2567 712 2588 oannes
737 2558 824 2596 Papa
836 2553 1118 2595 Constantinopolim
1134 2565 1188 2586 ve-

290 2616 356 2650 nit,
383 2613 458 2640 miro
479 2605 581 2639 bonore
605 2603 770 2647 resumptus
794 2603 849 2643 est.
878 2606 994 2636 Dexter
1007 2604 1114 2636 dextro
1130 2607 1188 2635 Ec-

291 2658 379 2701 clefiae
389 2655 498 2700 resedit
512 2655 609 2694 Solio,
635 2656 770 2695 diemque
796 2656 917 2685 DomIm‘
938 2651 1025 2692 nostri
1048 2652 1187 2696 Resurre-

292 2711 396 2744 Hiom's
404 2708 497 2750 plena
519 2716 588 2738 voce
604 2707 750 2737 Romanis
770 2703 908 2745 precibus
929 2702 1110 2735 celebravit.
1146 2703 1190 2736 Et

294 2760 466 2805 Agapetus
492 2754 649 2790 Pontifex
673 2778 684 2794 ‚
724 2753 804 2788 dum
832 2751 1128 2796 Constantinopoli
1156 2754 1188 2786 in

295 2805 570 2854 ejectiAnthymi
583 2806 694 2839 locum
718 2803 920 2838 consecravit
942 2803 1108 2837 Mennam
1133 2802 1191 2836 Pa-

298 2858 496 2899 triarcham,
516 2867 586 2890 non
605 2856 650 2890 est
662 2852 881 2889 dubitandum
893 2853 976 2896 quin
996 2852 1110 2886 omnia
1119 2863 1192 2897 ege-

300 2911 340 2944 rit
362 2907 573 2944 rituLatino
597 2931 603 2937 .
644 2904 746 2951 Qod
767 2904 847 2938 item
869 2902 978 2937 Sanffi
1003 2901 1191 2946 Agathonis

302 2960 372 3002 post
385 2959 543 3003 perastam
554 2958 678 2990 sextam
699 2952 871 2997 Synodum
898 2953 1036 2997 Legati,
1065 2963 1132 2986 non
1155 2952 1189 2985 in

304 3007 531 3044 Blachernenfi
543 3031 554 3048 ‚
582 3006 636 3041 sed
651 3006 685 3039 in
702 3006 767 3048 ipsa
781 3004 901 3038 Sanstae
911 3001 1039 3046 Sophiae
1053 3002 1191 3036 Patriar-

306 3057 389 3091 chali
403 3059 534 3093 Bafilica
543 3057 704 3092 Latinam
714 3055 848 3089 Missam
871 3052 1101 3088 celebraverint
1117 3076 1127 3093 ,
1147 3052 1190 3086 est

306 3107 395 3148 supra
406 3109 590 3148 ostensum,
617 3107 695 3141 &in
722 3105 838 3139 litteris
858 3102 1008 3138 adversus
1029 3102 1192 3146 Nepotem

309 3156 402 3190 suum
413 3158 631 3191 Hincmarum
643 3156 894 3191 Laudunensem
906 3154 1106 3197 Episcopum
1116 3164 1192 3188 con—

308 3207 418 3241 firmat
454 3207 655 3240 Hincmarus
674 3204 890 3249 Metropolita
914 3204 1083 3239 Remensis
1105 3229 1114 3239 r
1150 3202 1192 3236 Et

312 3253 402 3292 {raud
423 3252 522 3287 dubie
542 3256 680 3296 Ioannes
703 3256 802 3290 etiarn
824 3256 859 3290 δε
880 3254 1132 3299 Agapetusistic
1144 3263 1193 3287 ce-

313 3304 467 3342 lebrarint
484 3326 491 3333 ·
527 3303 570 3334 Et
601 3305 838 3347 antiquissimus
860 3314 927 3338 tam
948 3304 1074 3339 Latinae
1096 3302 1192 3348 quam

315 3357 435 3391 Graecae
444 3351 590 3386 Ecclefiae
600 3352 716 3385 Canon
729 3356 773 3388 est
784 3377 795 3393 ,
819 3364 855 3389 ut
867 3353 992 3389 advena
1015 3354 1193 3397 Episcopus

317 3406 476 3442 invitetur
496 3400 537 3436 ad
559 3399 702 3435 solemne
722 3402 754 3432 &
773 3404 906 3437 verbum
925 3405 958 3437 δε
984 3404 1191 3438 sacrificium.

317 3454 424 3505 (ἂρα
450 3453 567 3490 Sancto
594 3448 777 3494 Polycarpo
803 3451 988 3492 Smyrnensi
1029 3454 1193 3499 Episcopo

919 162 1574 212 DISSERT‘ATIO-

1241 244 1402 281 honorem
1425 247 1523 282 istum
1544 248 1645 284 etiam·
1666 247 1780 286 Romae
1814 253 1970 291 obtulerit.
2002 255 2124 292 Aniceb

1240 307 1291 331 tus
1314 296 1492 338 Pontifex,
1518 299 1653 334 testatur
1671 301 1757 343 apud
1783 301 2035 342 Ecclesiastieam
2054 306 2121 342 Eu-

1241 347 1320 381 sebii
1345 347 1550 383 Caesateensis
1583 350 1770 385 Historiam
1807 353 1940 387 Sanetus
1964 353 2118 392 lrenoeus.

1240 396 1350 455 Qod.
1361 398 1440 443 ergo
1463 399 1497 432 δε
1521 400 1634 458 Latini
1657 401 1777 458 Grecis
1804 426 1816 443 ‚
1848 403 1882 437 &
1902 403 2010 437 Graeci
2039 406 2121 442 olim
2139 421 2202 453 ij,
2231 433 2256 459 5·

1240 448 1368 482 Latinis
1386 448 1540 484 omnibus
1562 450 1732 495 Episcoprs
1754 451 1838 487 istud
1850 453 1956 496 ipsum
1965 454 2124 498 feceriut,
2139 471 2200 501 cap.
2226 476 2272 500 24·

1240 509 1309 532 non
1329 498 1375 532 est
1394 498 1646 544 ambigendum.
1675 502 1720 536 Et
1741 501 1820 537 hinc
1839 502 1973 547 Legatis
1991 503 2056 538 suis
2078 506 2126 540 fa-

1240 550 1322 582 ctam
1347 548 1447 583 etiam
1467 550 1502 583 in
1524 552 1656 595 proprio
1678 552 1825 597 Templo
1845 554 1881 587 δε
1907 552 2016 588 Altari
2044 554 2129 598 inju⁴

1240 599 1321 632 riam
1344 597 1463 633 merit&
1484 600 1559 635 tulit
1581 602 1749 647 aegerrime
1777 604 1911 638 Sanstus
1941 604 2123 639 Martinam

1240 649 1469 686 Monothelita
1497 650 1618 685 Paulus
1641 652 1766 687 videtur
1788 653 1962 689 Romanos
1983 666 2052 689 non
2075 656 2127 689 so-

1239 699 1307 734 lum
1326 698 1368 734 de
1392 700 1548 736 Nestor-io
1562 726 1572 742 ‚
1600 702 1651 735 sed
1670 703 1770 737 etiarn
1787 705 1923 748 arguisse
1935 703 1975 738 de
1984 715 2101 748 azymo
2113 730 2124 744 ‚

1241 749 1381 793 idedque
1401 750 1533 795 Legatis
1553 752 1697 786 clausisse
1719 753 1894 789 Ecclesiam
1914 779 1922 787 .
1951 755 2124 803 Qudquid

1239 800 1294 842 fit,
1321 801 1363 834 de
1387 812 1507 844 azymo
1531 802 1628 836 isthic
1650 802 1851 847 disputatum
1891 805 1955 838 fuit
1974 830 1985 846 ,
2020 807 2125 849 ipsum

1242 849 1414 893 probatum
1432 852 1532 886 etiam
1553 852 1572 885 a
1594 853 1734 892 Graecis,
1767 855 1801 888 &
1825 856 1859 887 in
1886 853 2008 896 injuriae
2034 867 2127 890 com-

1238 902 1462 943 pensationem
1483 902 1600 947 Legati
1627 913 1698 937 non
1719 904 1823 938 solum
1846 905 1880 938 in
1909 902 2126 940 Blachernen-

1239 950 1281 989 si,
1310 950 1362 983 sed
1379 950 1478 984 etiam
1500 952 1535 984 iu
1554 952 1674 987 Sandiae
1685 953 1814 997 Sophia:
1826 954 1958 988 Basilica
1973 956 2126 990 solemni-

1239 1010 1287 1034 ter
1307 999 1344 1033 in
1357 1011 1476 1041 azymo
1487 1001 1704 1036 celebrarunt.
1736 1003 1781 1038 Et
1794 1003 1878 1038 istud
1892 1005 1986 1040 Pauli
1997 1006 2125 1040 facinus

1240 1051 1403 1093 resumpsit
1430 1049 1577 1084 Michael
1605 1052 1791 1087 Cerularius
1816 1078 1823 1085 .
1860 1055 1905 1089 Et
1932 1055 2123 1098 posteriores

1238 1099 1431 1134 Patriarcbae
1465 1103 1699 1136 continuarunt
1721 1101 1804 1136 adeo
1824 1105 2049 1146 pertinaciter,
2089 1114 2125 1140 ut

1237 1150 1336 1184 etiam
1358 1151 1399 1184 de
1414 1151 1497 1184 theta
1520 1163 1576 1195 per
1599 1151 1832 1196 Imperatorem
1855 1153 2056 1189 Michaelem
2068 1155 2127 1189 Pa-

1241 1201 1416 1246 laeologum
1442 1200 1743 1246 &Lugdunensem
1763 1202 1916 1247 Gregorii
1937 1203 2058 1238 decimi
2069 1206 2131 1248 Sy·-

1240 1250 1362 1285 nodum
1390 1252 1517 1286 unione
1550 1252 1668 1287 scribat
1697 1251 1907 1296 Nicephorus
1940 1255 2124 1299 Gregoras:

1237 1302 1353 1335 Nullus
1378 1305 1557 1335 Latinorum
1577 1304 1621 1335 ad
1633 1306 1729 1345 Papae
1739 1309 1884 1337 rationem
1894 1304 2060 1338 celebravit
2073 1307 2126 1337 Li-

1238 1357 1390 1396 turgiam,
1417 1351 1473 1392 nisi
1490 1354 1570 1395 quod
1591 1356 1765 1386 Fre-riorum
1786 1354 2062 1396 nonnullipotelsate
2071 1355 2126 1387 da-

1237 1412 1271 1435 ta
1286 1401 1379 1445 semel
1386 1407 1419 1435 in
1431 1402 1609 1437 Blacherm'o
1620 1405 1736 1446 Templo
1757 1406 1793 1438 id
1805 1404 1936 1446 fecerint
1948 1428 1959 1444 ‚
1979 1402 2126 1449 suffragio

1235 1451 1412 1495 cujusdam&
1428 1453 1654 1494 familiaribus.
1683 1454 1792 1497 Hujus
1815 1455 1948 1489 unionis
1967 1454 2126 1489 mediato-

1236 1514 1283 1536 res
1293 1504 1325 1537 &
1339 1504 1525 1546 Apostolici
1539 1505 1580 1538 ad
1594 1504 1794 1539 Michaelem
1809 1505 1921 1549 Legati
1934 1506 2023 1539 fuere
2047 1505 2125 1539 sem-

1238 1563 1291 1594 per
1301 1554 1425 1585 Fratres
1440 1552 1910 1590 PraedicatoresautMinores.
1942 1554 2037 1589 Hinc
2057 1555 2123 1588 illis

1235 1603 1407 1645 antiquum
1417 1603 1466 1645 jus
1479 1613 1546 1636 non
1558 1603 1619 1636 fuit
1644 1603 1805 1638 redditum
1819 1629 1829 1644 ,
1855 1606 1908 1639 sed
1931 1605 2012 1639 facta
2033 1604 2120 1649 quasi

1235 1652 1405 1695 singularis
1421 1653 1525 1695 gratia
1545 1653 1642 1687 semel
1665 1654 1700 1688 in
1724 1655 1953 1688 Blachernensi
1977 1655 2120 1689 Ecclesia

1236 1701 1391 1734 Latinam
1414 1701 1549 1734 Missam
1569 1702 1775 1737 celebrandi.
1803 1704 1912 1747 Hujus
1935 1703 2123 1738 celebratio-

1238 1750 1288 1783 nis
1300 1750 1396 1785 causa
1406 1774 1416 1790 ,
1443 1751 1552 1793 quivis
1564 1750 1702 1786 Latinus
1711 1752 1850 1786 debebat
1866 1753 2069 1788 transfretare
2079 1753 2120 1788 ad

1238 1801 1338 1844 sycas
1350 1823 1359 1839 ,
1386 1811 1456 1842 quae
1468 1799 1568 1835 hodie
1582 1812 1719 1836 vocatur
1730 1802 1872 1836 Galatha
1885 1812 1942 1836 aut
1953 1802 2033 1837 Pera
2044 1829 2052 1836 .
2080 1803 2124 1837 E-

1236 1851 1316 1885 tiam
1330 1851 1487 1885 istinobis
1498 1853 1584 1885 uniti
1599 1852 1702 1886 Graeci
1722 1852 1876 1887 Latinam
1896 1853 2034 1887 Missam
2055 1853 2124 1887 fue-

1238 1912 1311 1936 runt
1334 1899 1417 1935 aded
1439 1902 1591 1935 aversati.
1619 1902 1750 1944 Nempe
1769 1902 1855 1945 apud
1879 1904 2036 1946 plurimos
2054 1913 2123 1938 erat

1236 1963 1305 1986 non
1332 1963 1429 1991 vera,
1457 1951 1511 1985 std
1537 1951 1683 1986 simulata
1703 1953 1737 1986 &
1761 1951 1994 1996 dispensatoria
2016 1953 2122 1993 unio,

1236 2003 1283 2037 uti
1307 2000 1452 2045 pluribus
1472 2001 1618 2036 ostendit
1645 2002 1808 2047 Georgius
1829 2002 2044 2045 Pachytneres
2057 2026 2068 2042 ,
2088 2003 2123 2036 δε

1238 2052 1309 2097 post
1335 2051 1513 2086 Michaelis
1538 2052 1680 2097 Augusti
1717 2062 1858 2087 mortem
1891 2052 2124 2088 demonstravit

1237 2112 1392 2137 eventus.

1287 2153 1420 2187 Sextam
1440 2151 1618 2188 Michaelis
1644 2154 1806 2188 Cerularii
1833 2155 1866 2187 in
1891 2161 1951 2188 nos
1972 2153 2126 2196 injuriam

2146 1336 2206 1368 Lib.
2233 1346 2259 1374 5.

1239 2202 1340 2237 edicit
1366 2203 1401 2237 in
1428 2203 1482 2237 sua
1519 2205 1728 2239 Lateranensi
1757 2204 1896 2247 Synodo
1916 2204 2130 2238 innocentius
2189 2219 2191 2221 ’

1239 2253 1369 2287 tertius:
1398 2256 1435 2286 In
1445 2262 1565 2287 tantum
1577 2258 1674 2287 Graeci
1696 2262 1844 2296 caeperunt
1864 2254 2034 2288 abominari
2047 2259 2133 2288 Latt-

1239 2315 1291 2337 nos
1305 2328 1315 2344 ,
1340 2312 1373 2336 ut
1379 2302 1410 2345 st
1417 2305 1536 2346 quando
1546 2306 1717 2338 Sacerdotes
1730 2309 1836 2338 Latini
1843 2303 1932 2347 super
1951 2316 2047 2339 eorum
2065 2306 2137 2338 cele·¹

1230 2354 1368 2397 brassent
1379 2354 1498 2387 Altaria
1510 2379 1520 2395 ,
1549 2366 1606 2388 non
1612 2361 1699 2397 prius
1713 2354 1937 2398 ipfisacrtficare
1946 2355 2084 2388 volebant
2097 2360 2131 2388 tn

1241 2410 1283 2438 eis
1298 2429 1309 2445 ,
1335 2405 1428 2446 qudm
1441 2416 1476 2438 ea
1488 2408 1635 2447 tanquam
1642 2414 1697 2448 per
1711 2406 1762 2439 boc
1785 2411 1946 2448 inquinata
1965 2406 2136 2448 lavaffinn-

1245 2456 1288 2488 Et
1300 2454 1597 2499 Constantinopoli
1610 2457 1693 2499 apud
1712 2457 1823 2489 Patres
1843 2454 2070 2490 Praedicatores
2085 2464 2130 2488 re-

1245 2515 1356 2548 pertus
1363 2505 1537 2540 Trastatus
1548 2505 1663 2540 habet:
1691 2509 1725 2539 st
1735 2506 1813 2547 forte*
1829 2509 1958 2539 Latinus
1971 2504 2108 2538 sacerdos
2118 2527 2130 2543 ,

1244 2556 1323 2597 quod
1333 2560 1390 2588 vix
1399 2562 1592 2597 permittitur
1604 2581 1615 2596 ,
1641 2562 1673 2589 in
1686 2560 1857 2589 Graecorum
1878 2553 2009 2595 Ecclefiis
2032 2556 2132 2585 Domi-

1247 2611 1312 2638 nica
1320 2613 1448 2650 peragat
1459 2631 1469 2646 ‚
1495 2609 1617 2639 Graecus
1630 2617 1685 2639 non
1710 2605 1767 2647 nisi
1780 2605 1878 2638 abluto
1901 2605 1999 2636 Altari
2022 2603 2132 2635 ibidem

1247 2655 1372 2689 celebrat
1385 2680 1392 2687 .
1423 2655 1466 2688 Et
1482 2656 1622 2699 Jacobus
1634 2654 1818 2689 Cardinalis
1828 2653 1868 2687 de
1882 2653 2030 2687 Vitriaco
2042 2665 2053 2684 .·
2078 2654 2132 2685 su·

1249 2710 1329 2738 riam'
1352 2707 1490 2744 Altaria,
1517 2704 1612 2747 fiaprci
1632 2716 1699 2746 quae
1718 2707 1824 2737 Latim'
1847 2703 2065 2736 celebraverunt
2076 2704 2132 2735 Dt-

1250 2760 1326 2788 vt'na
1347 2778 1359 2795 ,
1379 2754 1557 2796 priusquam
1578 2753 1636 2794 ipsi
1649 2753 1811 2792 celebrent,
1838 2753 1959 2786 abluere
1980 2750 2131 2795 consueve-

1250 2812 1322 2838 runt
1335 2828 1342 2835 .
1369 2803 1472 2850 Qod
1494 2805 1623 2837 cunstas
1642 2804 1827 2837 clausissent
1854 2803 2050 2837 Latinorum
2069 2801 2131 2835 Ec-

1251 2854 1358 2888 clefias
1380 2877 1390 2893 ,
1430 2853 1585 2896 compulsi
1608 2854 1717 2887 sumus
1734 2852 1819 2896 apud
1840 2853 1925 2895 ipsos
1945 2852 2131 2886 celebrare.-

1252 2903 1296 2936 Et
1315 2913 1394 2937 tunc
1417 2901 1501 2936 istud
1522 2903 1645 2946 injuriae
1672 2915 1776 2948 genus
1798 2902 1893 2936 nobis
1915 2902 2131 2936 addiderunt.

1253 2951 1460 2993 Abiiderunt
1480 2954 1498 2987 a
1521 2954 1628 2997 primo
1649 2955 1696 2987 sui
1719 2952 1896 2987 schismatis
1909 2953 2036 2985 austore
2048 2949 2132 2983 Pho-

1253 3004 1301 3036 tio
1325 3027 1335 3043 ,
1363 3002 1404 3037 de
1422 3013 1489 3045 quo
1510 3003 1620 3037 scribit
1641 3003 1677 3037 in
1696 3004 1803 3038 Sansti
1827 3000 2020 3036 Patriarchae
2039 3000 2133 3044 lgna·

1255 3054 1293 3087 tii
1315 3053 1382 3087 vita
1406 3052 1540 3087 Nicetas
1559 3053 1732 3099 Paphlago
1752 3066 1759 3086 ε
1796 3053 1962 3095 Mandavit
1983 3050 2109 3084 Phor-ius
2124 3073 2134 3088 ,

1254 3114 1288 3137 ut
1300 3114 1355 3146 per
1370 3104 1519 3137 sanetum
1531 3105 1697 3148 Ignatiurn
1720 3104 1904 3138 consecrata
1927 3105 2006 3140 Ara,
2031 3102 2078 3133 ad
2085 3100 2135 3133 lit·

1254 3163 1302 3187 tus
1317 3160 1408 3187 maris
1430 3154 1605 3196 deportata,
1626 3151 1823 3196 quadragesies
1845 3153 1928 3184 unda
1950 3157 2134 3195 tingeretur,

1256 3215 1345 3247 atque
1366 3210 1411 3237 ita
1421 3206 1538 3238 demum
1549 3205 1670 3238 reduaa
1680 3209 1880 3245 reponeretur.
1909 3201 1952 3235 Et
1964 3201 2005 3235 de
2015 3201 2134 3234 Timo-

1257 3255 1325 3289 thei
1338 3255 1451 3288 AEluri
1465 3255 1499 3288 in
1512 3255 1541 3289 S.
1566 3252 1785 3288 patriarcham
1810 3251 1994 3286 Proterium
2007 3274 2019 3291 ,
2043 3248 2134 3291 cujus

1257 3305 1408 3339 trucidati
1433 3302 1691 3339 Alexandrinam
1712 3301 1827 3335 Sedem
1851 3302 2028 3339 invaserat,
2052 3298 2135 3331 odio

1258 3354 1363 3389 scribit
1382 3353 1422 3388 ad
1446 3353 1641 3388 Anatolium
1662 3351 2070 3394 constantinopolitanum
2095 3347 2137 3379 E-

1258 3405 1424 3449 piscopum
1451 3400 1649 3439 orthodoxa
1684 3402 1830 3447 AEgypti
1860 3398 2012 3442 Synodus
2038 3409 2046 3427 :
2087 3399 2138 3428 Tl-

1258 3455 1389 3491 motbeus
1411 3456 1455 3488 ad
1476 3462 1596 3488 tantam
1630 3451 1780 3496 insaniam
1807 3448 1913 3490 infiluit
1931 3472 1944 3490 ,
1980 3456 2015 3530 uzi
2047 3452 2138 3480 etiam

2018 3506 2090 3530 onti-

2147 2260 2220 2290 Can.
2242 2270 2269 2295 4·
