<?xml version="1.0" encoding="UTF-8"?>
<!DOCTYPE html PUBLIC "-//W3C//DTD XHTML 1.0 Transitional//EN"
    "http://www.w3.org/TR/xhtml1/DTD/xhtml1-transitional.dtd">
<html xmlns="http://www.w3.org/1999/xhtml" xml:lang="en" lang="en">
 <head>
  <title>
</title>
<meta http-equiv="Content-Type" content="text/html;charset=utf-8" />
  <meta name='ocr-system' content='tesseract 3.04.00' />
  <meta name='ocr-capabilities' content='ocr_page ocr_carea ocr_par ocr_line ocrx_word'/>
</head>
<body>
  <div class='ocr_page' id='page_1' title='image "./operaomniastudio04lupuuoft/operaomniastudio04lupuuoft_0376.png"; bbox 0 0 2352 3736; ppageno 0'>
   <div class='ocr_carea' id='block_1_1' title="bbox 126 286 265 389">
    <p class='ocr_par' dir='ltr' id='par_1_1' title="bbox 126 286 265 389">
     <span class='ocr_line' id='line_1_1' title="bbox 126 286 262 344; baseline -0.015 -7"><span class='ocrx_word' id='word_1_1' title='bbox 126 286 189 344; x_wconf 68' lang='lat' dir='ltr'><em>vEpi·</em></span> <span class='ocrx_word' id='word_1_2' title='bbox 216 317 262 337; x_wconf 85' lang='lat'><em>22.</em></span> 
     </span>
     <span class='ocr_line' id='line_1_2' title="bbox 133 351 265 389; baseline -0.015 -8"><span class='ocrx_word' id='word_1_3' title='bbox 133 351 206 389; x_wconf 85' lang='lat' dir='ltr'><em>Cap.</em></span> <span class='ocrx_word' id='word_1_4' title='bbox 220 356 265 385; x_wconf 85' lang='lat'><em>¹5·</em></span> 
     </span>
    </p>
   </div>
   <div class='ocr_carea' id='block_1_2' title="bbox 127 1189 242 1310">
    <p class='ocr_par' dir='ltr' id='par_1_2' title="bbox 127 1189 242 1310">
     <span class='ocr_line' id='line_1_3' title="bbox 127 1189 242 1222; baseline 0 0"><span class='ocrx_word' id='word_1_5' title='bbox 127 1189 190 1222; x_wconf 70' lang='lat' dir='ltr'><em>Lib-</em></span> <span class='ocrx_word' id='word_1_6' title='bbox 216 1203 242 1222; x_wconf 84' lang='lat'><em>1.</em></span> 
     </span>
     <span class='ocr_line' id='line_1_4' title="bbox 127 1230 215 1266; baseline 0.023 -6"><span class='ocrx_word' id='word_1_7' title='bbox 127 1230 215 1266; x_wconf 82' lang='lat' dir='ltr'><em>Epist.</em></span> 
     </span>
     <span class='ocr_line' id='line_1_5' title="bbox 128 1274 201 1310; baseline -0.027 -3"><span class='ocrx_word' id='word_1_8' title='bbox 128 1274 201 1310; x_wconf 78' lang='lat'>385.</span> 
     </span>
    </p>
   </div>
   <div class='ocr_carea' id='block_1_3' title="bbox 119 1925 258 1964">
    <p class='ocr_par' dir='ltr' id='par_1_3' title="bbox 119 1925 258 1964">
     <span class='ocr_line' id='line_1_6' title="bbox 119 1925 258 1964; baseline 0 -8"><span class='ocrx_word' id='word_1_9' title='bbox 119 1925 197 1964; x_wconf 78' lang='lat' dir='ltr'><em>cap.</em></span> <span class='ocrx_word' id='word_1_10' title='bbox 209 1930 258 1963; x_wconf 69' lang='lat'><em>39⁴</em></span> 
     </span>
    </p>
   </div>
   <div class='ocr_carea' id='block_1_4' title="bbox 138 2525 1195 2596">
    <p class='ocr_par' dir='ltr' id='par_1_4' title="bbox 138 2525 1195 2596">
     <span class='ocr_line' id='line_1_7' title="bbox 138 2525 1122 2563; baseline -0.008 -9"><span class='ocrx_word' id='word_1_11' title='bbox 138 2525 203 2563; x_wconf 69' lang='lat' dir='ltr'><em>Epi,</em></span> <span class='ocrx_word' id='word_1_12' title='bbox 225 2534 272 2554; x_wconf 85' lang='lat'><em>22.</em></span> <span class='ocrx_word' id='word_1_13' title='bbox 531 2558 536 2562; x_wconf 36' lang='grc'><em>.</em></span> <span class='ocrx_word' id='word_1_14' title='bbox 956 2550 959 2554; x_wconf 55' lang='grc'><em>,</em></span> <span class='ocrx_word' id='word_1_15' title='bbox 1117 2548 1122 2553; x_wconf 65' lang='grc'><em>,</em></span> 
     </span>
     <span class='ocr_line' id='line_1_8' title="bbox 204 2542 1195 2596; baseline -0.017 -5"><span class='ocrx_word' id='word_1_16' title='bbox 204 2582 213 2592; x_wconf 93' lang='grc'><strong>.</strong></span> <span class='ocrx_word' id='word_1_17' title='bbox 243 2577 274 2591; x_wconf 55' lang='lat'><em>1.</em></span> <span class='ocrx_word' id='word_1_18' title='bbox 308 2567 356 2590; x_wconf 88' lang='lat' dir='ltr'><em>ceo</em></span> <span class='ocrx_word' id='word_1_19' title='bbox 375 2579 385 2596; x_wconf 92' lang='lat'>‚</span> <span class='ocrx_word' id='word_1_20' title='bbox 410 2565 475 2587; x_wconf 90' lang='lat' dir='ltr'><em>cum</em></span> <span class='ocrx_word' id='word_1_21' title='bbox 497 2561 587 2584; x_wconf 79' lang='lat' dir='ltr'><em>etiam</em></span> <span class='ocrx_word' id='word_1_22' title='bbox 618 2550 793 2590; x_wconf 83' lang='lat' dir='ltr'><em>languentes</em></span> <span class='ocrx_word' id='word_1_23' title='bbox 824 2542 960 2576; x_wconf 84' lang='lat' dir='ltr'><em>Monacbt</em></span> <span class='ocrx_word' id='word_1_24' title='bbox 981 2554 1061 2584; x_wconf 88' lang='lat' dir='ltr'><em>aqua</em></span> <span class='ocrx_word' id='word_1_25' title='bbox 1072 2542 1195 2585; x_wconf 78' lang='lat' dir='ltr'><em>frigida</em></span> 
     </span>
    </p>
   </div>
   <div class='ocr_carea' id='block_1_5' title="bbox 362 105 469 167">
    <p class='ocr_par' dir='ltr' id='par_1_5' title="bbox 362 105 469 167">
     <span class='ocr_line' id='line_1_9' title="bbox 362 105 469 167; baseline -0.037 0"><span class='ocrx_word' id='word_1_26' title='bbox 362 105 469 167; x_wconf 80' lang='lat'>&#39;366</span> 
     </span>
    </p>
   </div>
   <div class='ocr_carea' id='block_1_6' title="bbox 300 181 1179 233">
    <p class='ocr_par' dir='ltr' id='par_1_6' title="bbox 300 181 1179 233">
     <span class='ocr_line' id='line_1_10' title="bbox 300 181 1179 233; baseline -0.013 -9"><span class='ocrx_word' id='word_1_27' title='bbox 300 185 494 233; x_wconf 74' lang='lat' dir='ltr'><em>ministrorum</em></span> <span class='ocrx_word' id='word_1_28' title='bbox 502 187 704 233; x_wconf 85' lang='lat' dir='ltr'><em>sustentantur</em></span> <span class='ocrx_word' id='word_1_29' title='bbox 714 181 856 228; x_wconf 70' lang='lat' dir='ltr'><em>obfiquils</em></span> <span class='ocrx_word' id='word_1_30' title='bbox 865 206 877 225; x_wconf 90' lang='lat'><em>,</em></span> <span class='ocrx_word' id='word_1_31' title='bbox 903 184 938 217; x_wconf 66' lang='grc' dir='ltr'>Θ</span> <span class='ocrx_word' id='word_1_32' title='bbox 951 181 997 215; x_wconf 83' lang='lat' dir='ltr'><em>ad</em></span> <span class='ocrx_word' id='word_1_33' title='bbox 1002 190 1117 215; x_wconf 83' lang='lat' dir='ltr'><em>omnem</em></span> <span class='ocrx_word' id='word_1_34' title='bbox 1132 191 1179 218; x_wconf 74' lang='lat' dir='ltr'><em>vco-</em></span> 
     </span>
    </p>
   </div>
   <div class='ocr_carea' id='block_1_7' title="bbox 893 97 1535 146">
    <p class='ocr_par' dir='ltr' id='par_1_7' title="bbox 893 97 1535 146">
     <span class='ocr_line' id='line_1_11' title="bbox 893 97 1535 146; baseline 0.008 -5"><span class='ocrx_word' id='word_1_35' title='bbox 893 97 1535 146; x_wconf 65' lang='lat' dir='ltr'><em>D1ssa1trA&#39;rro</em></span> 
     </span>
    </p>
   </div>
   <div class='ocr_carea' id='block_1_8' title="bbox 1242 181 2131 226">
    <p class='ocr_par' dir='ltr' id='par_1_8' title="bbox 1242 181 2131 226">
     <span class='ocr_line' id='line_1_12' title="bbox 1242 181 2131 226; baseline 0.009 -11"><span class='ocrx_word' id='word_1_36' title='bbox 1242 181 1282 216; x_wconf 85' lang='lat' dir='ltr'><em>ad</em></span> <span class='ocrx_word' id='word_1_37' title='bbox 1296 183 1411 216; x_wconf 86' lang='lat' dir='ltr'><em>vinum</em></span> <span class='ocrx_word' id='word_1_38' title='bbox 1427 208 1438 224; x_wconf 88' lang='lat'><em>,</em></span> <span class='ocrx_word' id='word_1_39' title='bbox 1463 183 1627 217; x_wconf 80' lang='lat' dir='ltr'><em>sedetiam</em></span> <span class='ocrx_word' id='word_1_40' title='bbox 1653 185 1761 226; x_wconf 90' lang='lat' dir='ltr'><em>quoad</em></span> <span class='ocrx_word' id='word_1_41' title='bbox 1784 198 1913 221; x_wconf 85' lang='lat' dir='ltr'><em>carnem</em></span> <span class='ocrx_word' id='word_1_42' title='bbox 1935 187 2058 223; x_wconf 81' lang='lat' dir='ltr'><em>solutio</em></span> <span class='ocrx_word' id='word_1_43' title='bbox 2081 187 2131 223; x_wconf 70' lang='lat' dir='ltr'><em>vi-›</em></span> 
     </span>
    </p>
   </div>
   <div class='ocr_carea' id='block_1_9' title="bbox 295 227 2128 336">
    <p class='ocr_par' dir='ltr' id='par_1_9' title="bbox 295 227 2128 336">
     <span class='ocr_line' id='line_1_13' title="bbox 295 227 2128 285; baseline 0.001 -14"><span class='ocrx_word' id='word_1_44' title='bbox 295 235 675 285; x_wconf 69' lang='lat' dir='ltr'><em>ptampraeparatiscibis.</em></span> <span class='ocrx_word' id='word_1_45' title='bbox 702 234 747 270; x_wconf 91' lang='lat' dir='ltr'><em>Et</em></span> <span class='ocrx_word' id='word_1_46' title='bbox 769 234 811 269; x_wconf 90' lang='lat' dir='ltr'><em>de</em></span> <span class='ocrx_word' id='word_1_47' title='bbox 822 231 980 269; x_wconf 87' lang='lat' dir='ltr'><em>omnibus</em></span> <span class='ocrx_word' id='word_1_48' title='bbox 998 227 1180 276; x_wconf 79' lang='lat' dir='ltr'><em>generatim</em></span> <span class='ocrx_word' id='word_1_49' title='bbox 1242 234 1333 268; x_wconf 85' lang='lat' dir='ltr'><em>detur</em></span> <span class='ocrx_word' id='word_1_50' title='bbox 1344 231 1451 267; x_wconf 88' lang='lat' dir='ltr'><em>adhuc</em></span> <span class='ocrx_word' id='word_1_51' title='bbox 1461 234 1599 277; x_wconf 76' lang='lat' dir='ltr'><em>viguisse</em></span> <span class='ocrx_word' id='word_1_52' title='bbox 1610 235 1647 266; x_wconf 89' lang='lat' dir='ltr'><em>in</em></span> <span class='ocrx_word' id='word_1_53' title='bbox 1657 235 1771 268; x_wconf 82' lang='lat' dir='ltr'><em>saeculo</em></span> <span class='ocrx_word' id='word_1_54' title='bbox 1794 235 2013 273; x_wconf 78' lang='lat' dir='ltr'><em>Haereliarchae</em></span> <span class='ocrx_word' id='word_1_55' title='bbox 2035 238 2128 272; x_wconf 47' lang='lat' dir='ltr'><em>Pela*</em></span> 
     </span>
     <span class='ocr_line' id='line_1_14' title="bbox 300 281 2127 336; baseline -0.001 -13"><span class='ocrx_word' id='word_1_56' title='bbox 300 290 447 336; x_wconf 84' lang='lat' dir='ltr'><em>AEgypti</em></span> <span class='ocrx_word' id='word_1_57' title='bbox 473 284 661 322; x_wconf 82' lang='lat' dir='ltr'><em>Coenobitis</em></span> <span class='ocrx_word' id='word_1_58' title='bbox 682 284 795 321; x_wconf 85' lang='lat' dir='ltr'>scribit</span> <span class='ocrx_word' id='word_1_59' title='bbox 815 284 856 317; x_wconf 83' lang='lat' dir='ltr'><em>ad</em></span> <span class='ocrx_word' id='word_1_60' title='bbox 884 281 1123 316; x_wconf 86' lang='lat' dir='ltr'><em>Eustochium:</em></span> <span class='ocrx_word' id='word_1_61' title='bbox 1149 285 1181 317; x_wconf 79' lang='lat' dir='ltr'><em>si</em></span> <span class='ocrx_word' id='word_1_62' title='bbox 1239 286 1306 329; x_wconf 85' lang='lat' dir='ltr'><em>gii.</em></span> <span class='ocrx_word' id='word_1_63' title='bbox 1332 282 1436 330; x_wconf 80' lang='lat' dir='ltr'><em>Qiod</em></span> <span class='ocrx_word' id='word_1_64' title='bbox 1450 284 1539 317; x_wconf 90' lang='lat' dir='ltr'><em>enim</em></span> <span class='ocrx_word' id='word_1_65' title='bbox 1554 295 1610 327; x_wconf 91' lang='lat' dir='ltr'><em>per</em></span> <span class='ocrx_word' id='word_1_66' title='bbox 1619 282 1731 318; x_wconf 84' lang='lat' dir='ltr'><em>omnia</em></span> <span class='ocrx_word' id='word_1_67' title='bbox 1743 294 1951 328; x_wconf 86' lang='lat' dir='ltr'><em>quocumque</em></span> <span class='ocrx_word' id='word_1_68' title='bbox 1962 287 2127 322; x_wconf 79' lang='lat' dir='ltr'><em>Monaste-</em></span> 
     </span>
    </p>
   </div>
   <div class='ocr_carea' id='block_1_10' title="bbox 295 332 1197 2540">
    <p class='ocr_par' dir='ltr' id='par_1_10' title="bbox 295 332 1197 2540">
     <span class='ocr_line' id='line_1_15' title="bbox 299 332 1183 385; baseline -0.011 -11"><span class='ocrx_word' id='word_1_69' title='bbox 299 348 366 385; x_wconf 82' lang='lat' dir='ltr'><em>quis</em></span> <span class='ocrx_word' id='word_1_70' title='bbox 375 342 495 380; x_wconf 74' lang='lat' dir='ltr'><em>caperit</em></span> <span class='ocrx_word' id='word_1_71' title='bbox 516 345 679 382; x_wconf 83' lang='lat' dir='ltr'><em>aegrotare,</em></span> <span class='ocrx_word' id='word_1_72' title='bbox 705 334 894 375; x_wconf 68' lang='lat' dir='ltr'><em>transfertur</em></span> <span class='ocrx_word' id='word_1_73' title='bbox 913 332 959 365; x_wconf 90' lang='lat' dir='ltr'><em>ad</em></span> <span class='ocrx_word' id='word_1_74' title='bbox 974 332 1117 366; x_wconf 76' lang='lat' dir='ltr'><em>exedram</em></span> <span class='ocrx_word' id='word_1_75' title='bbox 1139 333 1183 368; x_wconf 77' lang='lat' dir='ltr'><em>la-</em></span> 
     </span>
     <span class='ocr_line' id='line_1_16' title="bbox 298 382 1183 431; baseline -0.005 -9"><span class='ocrx_word' id='word_1_76' title='bbox 298 397 419 429; x_wconf 81' lang='lat' dir='ltr'><em>tiorem,</em></span> <span class='ocrx_word' id='word_1_77' title='bbox 447 384 689 431; x_wconf 65' lang='lat' dir='ltr'><em>&amp;tantosenum</em></span> <span class='ocrx_word' id='word_1_78' title='bbox 699 382 854 425; x_wconf 66' lang='lat' dir='ltr'><em>ministerio</em></span> <span class='ocrx_word' id='word_1_79' title='bbox 863 382 1034 425; x_wconf 65' lang='lat' dir='ltr'><em>confir-vetur</em></span> <span class='ocrx_word' id='word_1_80' title='bbox 1048 407 1060 424; x_wconf 94' lang='lat'>‚</span> <span class='ocrx_word' id='word_1_81' title='bbox 1084 392 1118 417; x_wconf 82' lang='lat' dir='ltr'><em>ut</em></span> <span class='ocrx_word' id='word_1_82' title='bbox 1132 394 1183 418; x_wconf 84' lang='lat' dir='ltr'><em>nec</em></span> 
     </span>
     <span class='ocr_line' id='line_1_17' title="bbox 298 431 1186 478; baseline -0.008 -6"><span class='ocrx_word' id='word_1_83' title='bbox 298 439 416 472; x_wconf 73' lang='lat' dir='ltr'><em>delicias</em></span> <span class='ocrx_word' id='word_1_84' title='bbox 426 439 566 478; x_wconf 85' lang='lat' dir='ltr'><em>urbium,</em></span> <span class='ocrx_word' id='word_1_85' title='bbox 592 446 643 470; x_wconf 85' lang='lat' dir='ltr'><em>nec</em></span> <span class='ocrx_word' id='word_1_86' title='bbox 662 439 770 467; x_wconf 78' lang='lat' dir='ltr'><em>matrIs</em></span> <span class='ocrx_word' id='word_1_87' title='bbox 791 441 911 477; x_wconf 85' lang='lat' dir='ltr'><em>quaerat</em></span> <span class='ocrx_word' id='word_1_88' title='bbox 928 431 1078 474; x_wconf 54' lang='lat' dir='ltr'><em>affeoqum.</em></span> <span class='ocrx_word' id='word_1_89' title='bbox 1106 433 1186 469; x_wconf 62' lang='lat' dir='ltr'><em>Cat·⁴</em></span> 
     </span>
     <span class='ocr_line' id='line_1_18' title="bbox 297 482 1184 523; baseline -0.006 0"><span class='ocrx_word' id='word_1_90' title='bbox 297 488 541 523; x_wconf 77' lang='lat' dir='ltr'><em>nem&amp;vinum</em></span> <span class='ocrx_word' id='word_1_91' title='bbox 552 498 620 520; x_wconf 90' lang='lat' dir='ltr'><em>non</em></span> <span class='ocrx_word' id='word_1_92' title='bbox 632 485 694 519; x_wconf 84' lang='lat' dir='ltr'><em>effe</em></span> <span class='ocrx_word' id='word_1_93' title='bbox 717 485 874 519; x_wconf 84' lang='lat' dir='ltr'><em>sumenda</em></span> <span class='ocrx_word' id='word_1_94' title='bbox 893 484 913 518; x_wconf 71' lang='lat' dir='ltr'><em>a</em></span> <span class='ocrx_word' id='word_1_95' title='bbox 932 482 1114 518; x_wconf 68' lang='lat' dir='ltr'><em>Monaehis</em></span> <span class='ocrx_word' id='word_1_96' title='bbox 1133 483 1184 518; x_wconf 89' lang='lat' dir='ltr'><em>de·</em></span> 
     </span>
     <span class='ocr_line' id='line_1_19' title="bbox 297 533 1185 581; baseline -0.005 -9"><span class='ocrx_word' id='word_1_97' title='bbox 297 537 682 581; x_wconf 84' lang='lat' dir='ltr'><em>monstratinfigniterin</em></span> <span class='ocrx_word' id='word_1_98' title='bbox 705 536 844 570; x_wconf 87' lang='lat' dir='ltr'><em>secunda</em></span> <span class='ocrx_word' id='word_1_99' title='bbox 865 535 908 570; x_wconf 78' lang='lat' dir='ltr'><em>nd</em></span> <span class='ocrx_word' id='word_1_100' title='bbox 930 534 1074 568; x_wconf 85' lang='lat' dir='ltr'>Lausum</span> <span class='ocrx_word' id='word_1_101' title='bbox 1103 533 1185 568; x_wconf 82' lang='lat' dir='ltr'><em>Prae-</em></span> 
     </span>
     <span class='ocr_line' id='line_1_20' title="bbox 296 582 1187 633; baseline -0.008 -9"><span class='ocrx_word' id='word_1_102' title='bbox 296 589 437 633; x_wconf 81' lang='lat' dir='ltr'><em>pofitum</em></span> <span class='ocrx_word' id='word_1_103' title='bbox 459 582 605 632; x_wconf 82' lang='lat' dir='ltr'><em>Epistola</em></span> <span class='ocrx_word' id='word_1_104' title='bbox 626 585 791 627; x_wconf 80' lang='lat' dir='ltr'><em>Palladius</em></span> <span class='ocrx_word' id='word_1_105' title='bbox 814 584 1118 628; x_wconf 87' lang='lat' dir='ltr'><em>Helenopolitanus</em></span> <span class='ocrx_word' id='word_1_106' title='bbox 1146 584 1187 618; x_wconf 91' lang='lat' dir='ltr'><em>E-</em></span> 
     </span>
     <span class='ocr_line' id='line_1_21' title="bbox 298 633 1186 683; baseline -0.007 -10"><span class='ocrx_word' id='word_1_107' title='bbox 298 639 468 683; x_wconf 80' lang='lat' dir='ltr'><em>piscopus,</em></span> <span class='ocrx_word' id='word_1_108' title='bbox 496 648 593 682; x_wconf 86' lang='lat' dir='ltr'><em>atque</em></span> <span class='ocrx_word' id='word_1_109' title='bbox 611 637 780 680; x_wconf 67' lang='lat' dir='ltr'><em>adiungit:</em></span> <span class='ocrx_word' id='word_1_110' title='bbox 809 636 903 680; x_wconf 78' lang='lat' dir='ltr'><em>,Quod</em></span> <span class='ocrx_word' id='word_1_111' title='bbox 906 634 935 677; x_wconf 82' lang='lat' dir='ltr'><em>fi</em></span> <span class='ocrx_word' id='word_1_112' title='bbox 942 646 1009 668; x_wconf 90' lang='lat' dir='ltr'><em>caro</em></span> <span class='ocrx_word' id='word_1_113' title='bbox 1023 633 1062 676; x_wconf 82' lang='lat' dir='ltr'><em>fit</em></span> <span class='ocrx_word' id='word_1_114' title='bbox 1087 645 1186 679; x_wconf 82' lang='lat' dir='ltr'><em>aegra,</em></span> 
     </span>
     <span class='ocr_line' id='line_1_22' title="bbox 297 684 1188 731; baseline -0.006 -9"><span class='ocrx_word' id='word_1_115' title='bbox 297 690 351 722; x_wconf 80' lang='lat' dir='ltr'><em>vel</em></span> <span class='ocrx_word' id='word_1_116' title='bbox 360 699 479 723; x_wconf 82' lang='lat' dir='ltr'><em>moerore</em></span> <span class='ocrx_word' id='word_1_117' title='bbox 488 687 645 731; x_wconf 70' lang='lat' dir='ltr'><em>confedia,</em></span> <span class='ocrx_word' id='word_1_118' title='bbox 669 689 722 726; x_wconf 70' lang='lat' dir='ltr'><em>&#39;vel</em></span> <span class='ocrx_word' id='word_1_119' title='bbox 747 688 846 728; x_wconf 87' lang='lat' dir='ltr'><em>aliquo</em></span> <span class='ocrx_word' id='word_1_120' title='bbox 866 685 933 729; x_wconf 88' lang='lat' dir='ltr'><em>casu</em></span> <span class='ocrx_word' id='word_1_121' title='bbox 954 684 1090 727; x_wconf 58' lang='lat' dir='ltr'><em>tissima,</em></span> <span class='ocrx_word' id='word_1_122' title='bbox 1116 694 1188 718; x_wconf 84' lang='lat' dir='ltr'><em>tune</em></span> 
     </span>
     <span class='ocr_line' id='line_1_23' title="bbox 299 736 1185 780; baseline -0.007 -7"><span class='ocrx_word' id='word_1_123' title='bbox 299 748 396 773; x_wconf 85' lang='lat' dir='ltr'><em>utetur</em></span> <span class='ocrx_word' id='word_1_124' title='bbox 422 738 475 773; x_wconf 84' lang='lat' dir='ltr'><em>vel</em></span> <span class='ocrx_word' id='word_1_125' title='bbox 496 739 557 772; x_wconf 87' lang='lat' dir='ltr'><em>cibo</em></span> <span class='ocrx_word' id='word_1_126' title='bbox 582 739 634 772; x_wconf 84' lang='lat' dir='ltr'><em>vel</em></span> <span class='ocrx_word' id='word_1_127' title='bbox 654 746 727 780; x_wconf 88' lang='lat' dir='ltr'><em>potu</em></span> <span class='ocrx_word' id='word_1_128' title='bbox 755 746 901 779; x_wconf 84' lang='lat' dir='ltr'><em>tanquam</em></span> <span class='ocrx_word' id='word_1_129' title='bbox 939 736 1164 769; x_wconf 76' lang='lat' dir='ltr'><em>medicamentis</em></span> <span class='ocrx_word' id='word_1_130' title='bbox 1178 760 1185 767; x_wconf 91' lang='lat'><strong>.</strong></span> 
     </span>
     <span class='ocr_line' id='line_1_24' title="bbox 298 786 1186 833; baseline -0.006 -9"><span class='ocrx_word' id='word_1_131' title='bbox 298 788 434 833; x_wconf 87' lang='lat' dir='ltr'>Utique</span> <span class='ocrx_word' id='word_1_132' title='bbox 457 790 491 824; x_wconf 76' lang='grc' dir='ltr'>ἀ</span> <span class='ocrx_word' id='word_1_133' title='bbox 509 799 606 823; x_wconf 84' lang='lat' dir='ltr'><em>carne</em></span> <span class='ocrx_word' id='word_1_134' title='bbox 625 789 658 823; x_wconf 91' lang='lat'>&amp;</span> <span class='ocrx_word' id='word_1_135' title='bbox 677 790 776 822; x_wconf 88' lang='lat' dir='ltr'><em>vino.</em></span> <span class='ocrx_word' id='word_1_136' title='bbox 804 788 849 822; x_wconf 86' lang='lat' dir='ltr'><em>Et</em></span> <span class='ocrx_word' id='word_1_137' title='bbox 880 788 916 822; x_wconf 85' lang='lat' dir='ltr'><em>in</em></span> <span class='ocrx_word' id='word_1_138' title='bbox 937 787 1045 830; x_wconf 84' lang='lat' dir='ltr'><em>primo</em></span> <span class='ocrx_word' id='word_1_139' title='bbox 1055 786 1096 819; x_wconf 90' lang='lat' dir='ltr'><em>de</em></span> <span class='ocrx_word' id='word_1_140' title='bbox 1109 786 1186 820; x_wconf 91' lang='lat' dir='ltr'><em>Mo·</em></span> 
     </span>
     <span class='ocr_line' id='line_1_25' title="bbox 297 835 1185 881; baseline -0.006 -7"><span class='ocrx_word' id='word_1_141' title='bbox 297 838 482 874; x_wconf 83' lang='lat' dir='ltr'><em>nachorum</em></span> <span class='ocrx_word' id='word_1_142' title='bbox 494 838 755 874; x_wconf 76' lang='lat' dir='ltr'><em>institutionibus</em></span> <span class='ocrx_word' id='word_1_143' title='bbox 768 838 916 871; x_wconf 84' lang='lat' dir='ltr'>sermone</span> <span class='ocrx_word' id='word_1_144' title='bbox 926 835 1036 871; x_wconf 82' lang='lat' dir='ltr'>scribit</span> <span class='ocrx_word' id='word_1_145' title='bbox 1047 835 1185 881; x_wconf 81' lang='lat' dir='ltr'><em>magnus</em></span> 
     </span>
     <span class='ocr_line' id='line_1_26' title="bbox 297 884 1187 933; baseline -0.007 -9"><span class='ocrx_word' id='word_1_146' title='bbox 297 889 430 924; x_wconf 80' lang='lat' dir='ltr'><em>Basilius</em></span> <span class='ocrx_word' id='word_1_147' title='bbox 442 904 453 924; x_wconf 86' lang='lat'><em>.-</em></span> <span class='ocrx_word' id='word_1_148' title='bbox 481 891 550 923; x_wconf 85' lang='lat' dir='ltr'><em>Cibi</em></span> <span class='ocrx_word' id='word_1_149' title='bbox 561 888 630 933; x_wconf 85' lang='lat' dir='ltr'><em>usus</em></span> <span class='ocrx_word' id='word_1_150' title='bbox 641 887 784 932; x_wconf 84' lang='lat' dir='ltr'><em>ejusmodi</em></span> <span class='ocrx_word' id='word_1_151' title='bbox 801 888 853 931; x_wconf 81' lang='lat' dir='ltr'><em>effe</em></span> <span class='ocrx_word' id='word_1_152' title='bbox 872 887 981 927; x_wconf 82' lang='lat' dir='ltr'><em>debet,</em></span> <span class='ocrx_word' id='word_1_153' title='bbox 1007 893 1059 929; x_wconf 88' lang='lat' dir='ltr'><em>qui</em></span> <span class='ocrx_word' id='word_1_154' title='bbox 1072 888 1128 919; x_wconf 80' lang='lat' dir='ltr'><em>ad</em></span> <span class='ocrx_word' id='word_1_155' title='bbox 1140 884 1187 928; x_wconf 85' lang='lat' dir='ltr'><em>so·</em></span> 
     </span>
     <span class='ocr_line' id='line_1_27' title="bbox 298 939 1186 982; baseline -0.006 -8"><span class='ocrx_word' id='word_1_156' title='bbox 298 940 359 974; x_wconf 85' lang='lat' dir='ltr'><em>iam</em></span> <span class='ocrx_word' id='word_1_157' title='bbox 373 941 560 982; x_wconf 85' lang='lat' dir='ltr'><em>neceffitatem</em></span> <span class='ocrx_word' id='word_1_158' title='bbox 571 939 737 981; x_wconf 86' lang='lat' dir='ltr'><em>referatur.</em></span> <span class='ocrx_word' id='word_1_159' title='bbox 761 941 834 970; x_wconf 84' lang='lat' dir='ltr'><em>Item</em></span> <span class='ocrx_word' id='word_1_160' title='bbox 847 943 953 970; x_wconf 84' lang='lat' dir='ltr'><em>vinum</em></span> <span class='ocrx_word' id='word_1_161' title='bbox 964 947 1057 977; x_wconf 87' lang='lat' dir='ltr'><em>neque</em></span> <span class='ocrx_word' id='word_1_162' title='bbox 1069 939 1186 969; x_wconf 79' lang='lat' dir='ltr'><em>omnino</em></span> 
     </span>
     <span class='ocr_line' id='line_1_28' title="bbox 295 984 1190 1035; baseline -0.006 -10"><span class='ocrx_word' id='word_1_163' title='bbox 295 989 397 1035; x_wconf 72' lang='lat' dir='ltr'><em>respui</em></span> <span class='ocrx_word' id='word_1_164' title='bbox 408 990 515 1031; x_wconf 86' lang='lat' dir='ltr'><em>debet,</em></span> <span class='ocrx_word' id='word_1_165' title='bbox 535 989 565 1032; x_wconf 88' lang='lat' dir='ltr'><em>fi</em></span> <span class='ocrx_word' id='word_1_166' title='bbox 583 990 704 1032; x_wconf 81' lang='lat' dir='ltr'><em>quando</em></span> <span class='ocrx_word' id='word_1_167' title='bbox 718 987 908 1021; x_wconf 83' lang='lat' dir='ltr'><em>valetudinis</em></span> <span class='ocrx_word' id='word_1_168' title='bbox 935 984 1024 1029; x_wconf 83' lang='lat' dir='ltr'><em>causa</em></span> <span class='ocrx_word' id='word_1_169' title='bbox 1046 985 1190 1029; x_wconf 83' lang='lat' dir='ltr'><em>affumen·</em></span> 
     </span>
     <span class='ocr_line' id='line_1_29' title="bbox 295 1035 1187 1085; baseline -0.009 -10"><span class='ocrx_word' id='word_1_170' title='bbox 295 1042 369 1075; x_wconf 75' lang='lat' dir='ltr'><em>dum</em></span> <span class='ocrx_word' id='word_1_171' title='bbox 372 1042 411 1085; x_wconf 83' lang='lat' dir='ltr'><em>fit</em></span> <span class='ocrx_word' id='word_1_172' title='bbox 422 1067 432 1082; x_wconf 90' lang='lat'>‚</span> <span class='ocrx_word' id='word_1_173' title='bbox 458 1052 551 1083; x_wconf 87' lang='lat' dir='ltr'><em>neque</em></span> <span class='ocrx_word' id='word_1_174' title='bbox 555 1041 690 1082; x_wconf 74' lang='lat' dir='ltr'><em>studiose</em></span> <span class='ocrx_word' id='word_1_175' title='bbox 702 1044 813 1078; x_wconf 85' lang='lat' dir='ltr'><em>nimis,</em></span> <span class='ocrx_word' id='word_1_176' title='bbox 833 1037 863 1079; x_wconf 83' lang='lat' dir='ltr'><em>fi</em></span> <span class='ocrx_word' id='word_1_177' title='bbox 878 1038 1023 1078; x_wconf 85' lang='lat' dir='ltr'><em>neceffltas</em></span> <span class='ocrx_word' id='word_1_178' title='bbox 1050 1047 1107 1069; x_wconf 86' lang='lat' dir='ltr'><em>non</em></span> <span class='ocrx_word' id='word_1_179' title='bbox 1124 1035 1163 1078; x_wconf 80' lang='lat' dir='ltr'><em>fit</em></span> <span class='ocrx_word' id='word_1_180' title='bbox 1175 1060 1187 1076; x_wconf 90' lang='lat'><em>,</em></span> 
     </span>
     <span class='ocr_line' id='line_1_30' title="bbox 297 1086 1187 1137; baseline -0.006 -12"><span class='ocrx_word' id='word_1_181' title='bbox 297 1092 525 1135; x_wconf 83' lang='lat' dir='ltr'><em>exquirendum.</em></span> <span class='ocrx_word' id='word_1_182' title='bbox 553 1090 657 1137; x_wconf 83' lang='lat' dir='ltr'><em>Qod</em></span> <span class='ocrx_word' id='word_1_183' title='bbox 670 1090 774 1132; x_wconf 89' lang='lat' dir='ltr'><em>ipsum</em></span> <span class='ocrx_word' id='word_1_184' title='bbox 788 1088 885 1122; x_wconf 86' lang='lat' dir='ltr'><em>docet</em></span> <span class='ocrx_word' id='word_1_185' title='bbox 898 1088 1034 1122; x_wconf 71' lang='lat' dir='ltr'><em>Sanstus</em></span> <span class='ocrx_word' id='word_1_186' title='bbox 1047 1086 1187 1129; x_wconf 88' lang='lat' dir='ltr'><em>Joannes</em></span> 
     </span>
     <span class='ocr_line' id='line_1_31' title="bbox 298 1136 1188 1185; baseline -0.008 -8"><span class='ocrx_word' id='word_1_187' title='bbox 298 1140 575 1185; x_wconf 74' lang='lat' dir='ltr'><em>Chrysostomus.</em></span> <span class='ocrx_word' id='word_1_188' title='bbox 601 1141 644 1174; x_wconf 91' lang='lat' dir='ltr'><em>Et</em></span> <span class='ocrx_word' id='word_1_189' title='bbox 654 1138 694 1173; x_wconf 85' lang='lat' dir='ltr'><em>ad</em></span> <span class='ocrx_word' id='word_1_190' title='bbox 708 1136 939 1182; x_wconf 73' lang='lat' dir='ltr'><strong>Lysimachum</strong></span> <span class='ocrx_word' id='word_1_191' title='bbox 957 1137 1066 1171; x_wconf 83' lang='lat' dir='ltr'>scribit</span> <span class='ocrx_word' id='word_1_192' title='bbox 1088 1137 1188 1171; x_wconf 75' lang='lat' dir='ltr'><em>Isido-</em></span> 
     </span>
     <span class='ocr_line' id='line_1_32' title="bbox 298 1187 1187 1227; baseline -0.007 -1"><span class='ocrx_word' id='word_1_193' title='bbox 298 1204 353 1227; x_wconf 87' lang='lat' dir='ltr'><em>rus</em></span> <span class='ocrx_word' id='word_1_194' title='bbox 363 1193 548 1226; x_wconf 67' lang='lat' dir='ltr'><em>pelusiota:</em></span> <span class='ocrx_word' id='word_1_195' title='bbox 575 1190 781 1224; x_wconf 83' lang='lat' dir='ltr'><em>Imbecillitate</em></span> <span class='ocrx_word' id='word_1_196' title='bbox 793 1188 941 1225; x_wconf 75' lang='lat' dir='ltr'><em>laboranti</em></span> <span class='ocrx_word' id='word_1_197' title='bbox 946 1187 1093 1227; x_wconf 80' lang='lat' dir='ltr'><em>stomacho</em></span> <span class='ocrx_word' id='word_1_198' title='bbox 1120 1193 1187 1220; x_wconf 85' lang='lat' dir='ltr'><em>vini</em></span> 
     </span>
     <span class='ocr_line' id='line_1_33' title="bbox 297 1237 1186 1284; baseline -0.008 -8"><span class='ocrx_word' id='word_1_199' title='bbox 297 1241 443 1278; x_wconf 85' lang='lat' dir='ltr'><em>nonnihil</em></span> <span class='ocrx_word' id='word_1_200' title='bbox 462 1243 690 1284; x_wconf 81' lang='lat' dir='ltr'><em>impertiendum</em></span> <span class='ocrx_word' id='word_1_201' title='bbox 711 1242 764 1283; x_wconf 82' lang='lat' dir='ltr'><em>esse</em></span> <span class='ocrx_word' id='word_1_202' title='bbox 777 1237 900 1282; x_wconf 86' lang='lat' dir='ltr'><em>sapiens</em></span> <span class='ocrx_word' id='word_1_203' title='bbox 922 1238 1039 1275; x_wconf 83' lang='lat' dir='ltr'><em>Paulus</em></span> <span class='ocrx_word' id='word_1_204' title='bbox 1066 1237 1163 1270; x_wconf 82' lang='lat' dir='ltr'><em>docuit</em></span> <span class='ocrx_word' id='word_1_205' title='bbox 1177 1262 1186 1278; x_wconf 90' lang='lat'>‚</span> 
     </span>
     <span class='ocr_line' id='line_1_34' title="bbox 299 1287 1185 1332; baseline -0.007 -4"><span class='ocrx_word' id='word_1_206' title='bbox 299 1306 337 1329; x_wconf 83' lang='lat' dir='ltr'><em>ne</em></span> <span class='ocrx_word' id='word_1_207' title='bbox 347 1295 381 1326; x_wconf 83' lang='lat' dir='ltr'><em>ob</em></span> <span class='ocrx_word' id='word_1_208' title='bbox 391 1299 516 1326; x_wconf 80' lang='lat' dir='ltr'><em>nimiam</em></span> <span class='ocrx_word' id='word_1_209' title='bbox 526 1297 737 1326; x_wconf 71' lang='lat' dir='ltr'><em>continentiam</em></span> <span class='ocrx_word' id='word_1_210' title='bbox 745 1290 808 1323; x_wconf 85' lang='lat' dir='ltr'><em>alia</em></span> <span class='ocrx_word' id='word_1_211' title='bbox 822 1287 939 1332; x_wconf 86' lang='lat' dir='ltr'><em>rursum</em></span> <span class='ocrx_word' id='word_1_212' title='bbox 963 1299 1052 1331; x_wconf 82' lang='lat' dir='ltr'><em>aquae</em></span> <span class='ocrx_word' id='word_1_213' title='bbox 1068 1295 1185 1329; x_wconf 82' lang='lat' dir='ltr'><em>potione</em></span> 
     </span>
     <span class='ocr_line' id='line_1_35' title="bbox 299 1337 1185 1387; baseline -0.008 -10"><span class='ocrx_word' id='word_1_214' title='bbox 299 1345 504 1377; x_wconf 69' lang='lat' dir='ltr'><em>immoderatio</em></span> <span class='ocrx_word' id='word_1_215' title='bbox 516 1351 597 1387; x_wconf 84' lang='lat' dir='ltr'><em>egeat</em></span> <span class='ocrx_word' id='word_1_216' title='bbox 610 1366 617 1375; x_wconf 91' lang='lat'><strong>.</strong></span> <span class='ocrx_word' id='word_1_217' title='bbox 648 1347 685 1374; x_wconf 82' lang='lat' dir='ltr'><em>At</em></span> <span class='ocrx_word' id='word_1_218' title='bbox 701 1339 777 1384; x_wconf 84' lang='lat' dir='ltr'><em>sano</em></span> <span class='ocrx_word' id='word_1_219' title='bbox 801 1350 892 1383; x_wconf 86' lang='lat' dir='ltr'><em>atque</em></span> <span class='ocrx_word' id='word_1_220' title='bbox 923 1347 1013 1373; x_wconf 84' lang='lat' dir='ltr'><em>aetate</em></span> <span class='ocrx_word' id='word_1_221' title='bbox 1028 1337 1185 1379; x_wconf 82' lang='lat' dir='ltr'><em>ferventi,</em></span> 
     </span>
     <span class='ocr_line' id='line_1_36' title="bbox 298 1389 1183 1438; baseline -0.008 -10"><span class='ocrx_word' id='word_1_222' title='bbox 298 1396 389 1438; x_wconf 83' lang='lat' dir='ltr'><em>idque</em></span> <span class='ocrx_word' id='word_1_223' title='bbox 400 1393 541 1427; x_wconf 88' lang='lat' dir='ltr'><em>Monacho</em></span> <span class='ocrx_word' id='word_1_224' title='bbox 552 1419 561 1435; x_wconf 90' lang='lat'>‚</span> <span class='ocrx_word' id='word_1_225' title='bbox 589 1398 711 1431; x_wconf 87' lang='lat' dir='ltr'><em>vinum,</em></span> <span class='ocrx_word' id='word_1_226' title='bbox 737 1396 834 1434; x_wconf 86' lang='lat' dir='ltr'><em>quoin</em></span> <span class='ocrx_word' id='word_1_227' title='bbox 854 1390 987 1423; x_wconf 89' lang='lat' dir='ltr'><em>omnibus</em></span> <span class='ocrx_word' id='word_1_228' title='bbox 999 1389 1085 1422; x_wconf 84' lang='lat' dir='ltr'><em>rebus</em></span> <span class='ocrx_word' id='word_1_229' title='bbox 1098 1391 1183 1431; x_wconf 84' lang='lat' dir='ltr'><em>liqui-</em></span> 
     </span>
     <span class='ocr_line' id='line_1_37' title="bbox 300 1440 1187 1485; baseline -0.008 -6"><span class='ocrx_word' id='word_1_230' title='bbox 300 1447 349 1479; x_wconf 84' lang='lat' dir='ltr'><em>dis</em></span> <span class='ocrx_word' id='word_1_231' title='bbox 366 1444 443 1478; x_wconf 84' lang='lat' dir='ltr'><em>nibil</em></span> <span class='ocrx_word' id='word_1_232' title='bbox 452 1444 488 1485; x_wconf 67' lang='lat' dir='ltr'><em>esi</em></span> <span class='ocrx_word' id='word_1_233' title='bbox 504 1446 631 1478; x_wconf 77' lang='lat' dir='ltr'><em>calidius</em></span> <span class='ocrx_word' id='word_1_234' title='bbox 645 1466 655 1482; x_wconf 95' lang='lat'><em>,</em></span> <span class='ocrx_word' id='word_1_235' title='bbox 683 1441 840 1483; x_wconf 79' lang='lat' dir='ltr'><em>infundere</em></span> <span class='ocrx_word' id='word_1_236' title='bbox 851 1465 862 1480; x_wconf 93' lang='lat'><em>,</em></span> <span class='ocrx_word' id='word_1_237' title='bbox 874 1451 909 1474; x_wconf 85' lang='lat' dir='ltr'><em>ac</em></span> <span class='ocrx_word' id='word_1_238' title='bbox 921 1440 1004 1474; x_wconf 85' lang='lat' dir='ltr'><em>velut</em></span> <span class='ocrx_word' id='word_1_239' title='bbox 1013 1446 1076 1483; x_wconf 88' lang='lat' dir='ltr'><em>igni</em></span> <span class='ocrx_word' id='word_1_240' title='bbox 1091 1445 1187 1483; x_wconf 85' lang='lat' dir='ltr'><em>ignem</em></span> 
     </span>
     <span class='ocr_line' id='line_1_38' title="bbox 300 1489 1187 1536; baseline -0.008 -6"><span class='ocrx_word' id='word_1_241' title='bbox 300 1498 429 1536; x_wconf 82' lang='lat' dir='ltr'><em>addere,</em></span> <span class='ocrx_word' id='word_1_242' title='bbox 458 1493 624 1527; x_wconf 71' lang='lat' dir='ltr'><em>baudinihi</em></span> <span class='ocrx_word' id='word_1_243' title='bbox 639 1493 742 1526; x_wconf 85' lang='lat' dir='ltr'><em>bonum</em></span> <span class='ocrx_word' id='word_1_244' title='bbox 755 1491 806 1535; x_wconf 85' lang='lat' dir='ltr'><em>effe</em></span> <span class='ocrx_word' id='word_1_245' title='bbox 827 1492 963 1524; x_wconf 82' lang='lat' dir='ltr'><em>videtur.</em></span> <span class='ocrx_word' id='word_1_246' title='bbox 990 1489 1043 1523; x_wconf 84' lang='lat' dir='ltr'><em>Ex</em></span> <span class='ocrx_word' id='word_1_247' title='bbox 1068 1489 1187 1532; x_wconf 89' lang='lat' dir='ltr'><em>quibus</em></span> 
     </span>
     <span class='ocr_line' id='line_1_39' title="bbox 300 1540 1186 1582; baseline -0.01 -2"><span class='ocrx_word' id='word_1_248' title='bbox 300 1546 390 1582; x_wconf 86' lang='lat' dir='ltr'><em>lucet</em></span> <span class='ocrx_word' id='word_1_249' title='bbox 426 1543 526 1579; x_wconf 82' lang='lat' dir='ltr'><em>etiam</em></span> <span class='ocrx_word' id='word_1_250' title='bbox 554 1542 683 1579; x_wconf 88' lang='lat' dir='ltr'><em>senibus</em></span> <span class='ocrx_word' id='word_1_251' title='bbox 712 1544 827 1574; x_wconf 86' lang='lat' dir='ltr'><em>vinum</em></span> <span class='ocrx_word' id='word_1_252' title='bbox 866 1540 957 1575; x_wconf 85' lang='lat' dir='ltr'><em>fuisse</em></span> <span class='ocrx_word' id='word_1_253' title='bbox 985 1540 1186 1582; x_wconf 77' lang='lat' dir='ltr'><em>permissum.</em></span> 
     </span>
     <span class='ocr_line' id='line_1_40' title="bbox 298 1590 1185 1638; baseline -0.01 -8"><span class='ocrx_word' id='word_1_254' title='bbox 298 1597 394 1632; x_wconf 86' lang='lat' dir='ltr'><em>Hinc</em></span> <span class='ocrx_word' id='word_1_255' title='bbox 417 1596 506 1630; x_wconf 89' lang='lat' dir='ltr'><em>enim</em></span> <span class='ocrx_word' id='word_1_256' title='bbox 527 1595 713 1638; x_wconf 85' lang='lat' dir='ltr'><em>&amp;magnus</em></span> <span class='ocrx_word' id='word_1_257' title='bbox 725 1591 859 1625; x_wconf 73' lang='lat' dir='ltr'><em>Basilius</em></span> <span class='ocrx_word' id='word_1_258' title='bbox 881 1590 1062 1633; x_wconf 80' lang='lat' dir='ltr'>Episcopus</span> <span class='ocrx_word' id='word_1_259' title='bbox 1085 1590 1185 1622; x_wconf 45' lang='lat' dir='ltr'><em>modi*</em></span> 
     </span>
     <span class='ocr_line' id='line_1_41' title="bbox 298 1640 1186 1682; baseline -0.015 1"><span class='ocrx_word' id='word_1_260' title='bbox 298 1649 387 1682; x_wconf 88' lang='lat' dir='ltr'><em>co&amp;</em></span> <span class='ocrx_word' id='word_1_261' title='bbox 407 1645 547 1681; x_wconf 89' lang='lat' dir='ltr'><em>flaccido</em></span> <span class='ocrx_word' id='word_1_262' title='bbox 569 1646 650 1678; x_wconf 84' lang='lat' dir='ltr'><em>vino</em></span> <span class='ocrx_word' id='word_1_263' title='bbox 674 1641 840 1676; x_wconf 86' lang='lat' dir='ltr'><em>utebatur.</em></span> <span class='ocrx_word' id='word_1_264' title='bbox 871 1640 928 1673; x_wconf 91' lang='lat' dir='ltr'><em>An</em></span> <span class='ocrx_word' id='word_1_265' title='bbox 952 1640 1049 1672; x_wconf 87' lang='lat' dir='ltr'><em>etiam</em></span> <span class='ocrx_word' id='word_1_266' title='bbox 1075 1649 1186 1671; x_wconf 86' lang='lat' dir='ltr'><em>carnes</em></span> 
     </span>
     <span class='ocr_line' id='line_1_42' title="bbox 297 1687 1188 1734; baseline -0.017 -1"><span class='ocrx_word' id='word_1_267' title='bbox 297 1698 431 1734; x_wconf 68' lang='lat' dir='ltr'><em>senibus</em></span> <span class='ocrx_word' id='word_1_268' title='bbox 460 1693 641 1728; x_wconf 87' lang='lat' dir='ltr'><em>Monachis</em></span> <span class='ocrx_word' id='word_1_269' title='bbox 652 1690 758 1724; x_wconf 84' lang='lat' dir='ltr'><em>Graeci</em></span> <span class='ocrx_word' id='word_1_270' title='bbox 771 1688 990 1733; x_wconf 83' lang='lat' dir='ltr'><em>permiserint,</em></span> <span class='ocrx_word' id='word_1_271' title='bbox 1016 1687 1188 1720; x_wconf 85' lang='lat' dir='ltr'><em>audiamus</em></span> 
     </span>
     <span class='ocr_line' id='line_1_43' title="bbox 297 1735 1185 1782; baseline -0.012 1"><span class='ocrx_word' id='word_1_272' title='bbox 297 1748 317 1782; x_wconf 63' lang='grc' dir='ltr'><strong>ἢ</strong></span> <span class='ocrx_word' id='word_1_273' title='bbox 329 1747 481 1782; x_wconf 80' lang='lat' dir='ltr'><em>Laufiaca</em></span> <span class='ocrx_word' id='word_1_274' title='bbox 493 1743 632 1779; x_wconf 84' lang='lat' dir='ltr'><em>Palladii</em></span> <span class='ocrx_word' id='word_1_275' title='bbox 645 1740 778 1775; x_wconf 87' lang='lat' dir='ltr'><em>historia</em></span> <span class='ocrx_word' id='word_1_276' title='bbox 792 1765 799 1771; x_wconf 96' lang='lat'>.</span> <span class='ocrx_word' id='word_1_277' title='bbox 828 1735 954 1772; x_wconf 87' lang='lat' dir='ltr'><em>Laudat</em></span> <span class='ocrx_word' id='word_1_278' title='bbox 965 1747 1185 1772; x_wconf 86' lang='lat' dir='ltr'><em>trecentorum</em></span> 
     </span>
     <span class='ocr_line' id='line_1_44' title="bbox 298 1787 1189 1833; baseline -0.015 1"><span class='ocrx_word' id='word_1_279' title='bbox 298 1796 594 1833; x_wconf 82' lang='lat' dir='ltr'><em>Monachorumin</em></span> <span class='ocrx_word' id='word_1_280' title='bbox 607 1791 746 1826; x_wconf 84' lang='lat' dir='ltr'><em>Panenfi</em></span> <span class='ocrx_word' id='word_1_281' title='bbox 759 1789 800 1824; x_wconf 78' lang='lat' dir='ltr'><em>ad</em></span> <span class='ocrx_word' id='word_1_282' title='bbox 823 1787 942 1822; x_wconf 89' lang='lat' dir='ltr'><em>Nilum</em></span> <span class='ocrx_word' id='word_1_283' title='bbox 962 1788 1096 1822; x_wconf 87' lang='lat' dir='ltr'><em>civitate</em></span> <span class='ocrx_word' id='word_1_284' title='bbox 1116 1787 1189 1822; x_wconf 89' lang='lat' dir='ltr'><em>Coe-</em></span> 
     </span>
     <span class='ocr_line' id='line_1_45' title="bbox 298 1837 1186 1890; baseline -0.01 -10"><span class='ocrx_word' id='word_1_285' title='bbox 298 1849 440 1883; x_wconf 81' lang='lat' dir='ltr'><em>nobium</em></span> <span class='ocrx_word' id='word_1_286' title='bbox 454 1871 465 1887; x_wconf 89' lang='lat'><em>,</em></span> <span class='ocrx_word' id='word_1_287' title='bbox 491 1846 561 1890; x_wconf 79' lang='lat' dir='ltr'><em>ejus</em></span> <span class='ocrx_word' id='word_1_288' title='bbox 583 1841 791 1885; x_wconf 77' lang='lat' dir='ltr'><em>disciplinam</em></span> <span class='ocrx_word' id='word_1_289' title='bbox 812 1837 983 1877; x_wconf 83' lang='lat' dir='ltr'><em>describit,</em></span> <span class='ocrx_word' id='word_1_290' title='bbox 1013 1838 1046 1872; x_wconf 77' lang='grc' dir='ltr'><em>δε</em></span> <span class='ocrx_word' id='word_1_291' title='bbox 1060 1840 1163 1883; x_wconf 86' lang='lat' dir='ltr'><em>pergit</em></span> <span class='ocrx_word' id='word_1_292' title='bbox 1180 1852 1186 1871; x_wconf 94' lang='lat'>:</span> 
     </span>
     <span class='ocr_line' id='line_1_46' title="bbox 295 1887 1189 1936; baseline -0.015 -2"><span class='ocrx_word' id='word_1_293' title='bbox 295 1902 371 1934; x_wconf 68' lang='lat' dir='ltr'><em>&#39;sues</em></span> <span class='ocrx_word' id='word_1_294' title='bbox 382 1903 476 1933; x_wconf 81' lang='lat' dir='ltr'><em>eriam</em></span> <span class='ocrx_word' id='word_1_295' title='bbox 488 1897 592 1929; x_wconf 81' lang='lat' dir='ltr'><em>alunt.</em></span> <span class='ocrx_word' id='word_1_296' title='bbox 620 1893 714 1936; x_wconf 74' lang='lat' dir='ltr'><em>,Quod</em></span> <span class='ocrx_word' id='word_1_297' title='bbox 724 1892 788 1924; x_wconf 76' lang='lat' dir='ltr'><em>cum</em></span> <span class='ocrx_word' id='word_1_298' title='bbox 797 1901 845 1934; x_wconf 83' lang='lat' dir='ltr'><em>ego</em></span> <span class='ocrx_word' id='word_1_299' title='bbox 857 1887 1101 1931; x_wconf 82' lang='lat' dir='ltr'><em>reprehenderem</em></span> <span class='ocrx_word' id='word_1_300' title='bbox 1114 1913 1124 1929; x_wconf 94' lang='lat'><em>,</em></span> <span class='ocrx_word' id='word_1_301' title='bbox 1137 1888 1189 1922; x_wconf 83' lang='lat' dir='ltr'><em>hoc</em></span> 
     </span>
     <span class='ocr_line' id='line_1_47' title="bbox 296 1938 1190 1985; baseline -0.015 0"><span class='ocrx_word' id='word_1_302' title='bbox 296 1961 337 1985; x_wconf 83' lang='lat' dir='ltr'><em>ex</em></span> <span class='ocrx_word' id='word_1_303' title='bbox 348 1951 512 1984; x_wconf 81' lang='lat' dir='ltr'><em>traditione</em></span> <span class='ocrx_word' id='word_1_304' title='bbox 527 1946 676 1984; x_wconf 75' lang='lat' dir='ltr'><em>Maiorum</em></span> <span class='ocrx_word' id='word_1_305' title='bbox 691 1940 726 1983; x_wconf 82' lang='lat' dir='ltr'><em>se</em></span> <span class='ocrx_word' id='word_1_306' title='bbox 742 1938 892 1983; x_wconf 74' lang='lat' dir='ltr'><em>suscepisse</em></span> <span class='ocrx_word' id='word_1_307' title='bbox 913 1939 1050 1973; x_wconf 79' lang='lat' dir='ltr'><em>dicebant</em></span> <span class='ocrx_word' id='word_1_308' title='bbox 1064 1964 1071 1971; x_wconf 92' lang='lat'>.</span> <span class='ocrx_word' id='word_1_309' title='bbox 1100 1940 1190 1973; x_wconf 79' lang='lat' dir='ltr'><em>Alun-</em></span> 
     </span>
     <span class='ocr_line' id='line_1_48' title="bbox 299 1990 1193 2043; baseline -0.011 -11"><span class='ocrx_word' id='word_1_310' title='bbox 299 2010 349 2034; x_wconf 81' lang='lat' dir='ltr'><em>tur</em></span> <span class='ocrx_word' id='word_1_311' title='bbox 370 1997 440 2043; x_wconf 89' lang='lat' dir='ltr'><em>sues</em></span> <span class='ocrx_word' id='word_1_312' title='bbox 459 2021 470 2037; x_wconf 90' lang='lat'>‚</span> <span class='ocrx_word' id='word_1_313' title='bbox 508 2007 545 2029; x_wconf 83' lang='lat' dir='ltr'><em>ne</em></span> <span class='ocrx_word' id='word_1_314' title='bbox 563 1992 763 2028; x_wconf 81' lang='lat' dir='ltr'><em>cribratarum</em></span> <span class='ocrx_word' id='word_1_315' title='bbox 779 1990 907 2033; x_wconf 85' lang='lat' dir='ltr'><em>frugum</em></span> <span class='ocrx_word' id='word_1_316' title='bbox 929 1997 1119 2023; x_wconf 81' lang='lat' dir='ltr'><em>excrementa</em></span> <span class='ocrx_word' id='word_1_317' title='bbox 1137 1998 1193 2032; x_wconf 84' lang='lat' dir='ltr'><em>pe-</em></span> 
     </span>
     <span class='ocr_line' id='line_1_49' title="bbox 300 2039 1191 2091; baseline -0.006 -12"><span class='ocrx_word' id='word_1_318' title='bbox 300 2058 390 2086; x_wconf 73' lang='lat' dir='ltr'><em>reant</em></span> <span class='ocrx_word' id='word_1_319' title='bbox 402 2074 413 2091; x_wconf 78' lang='lat'>‚</span> <span class='ocrx_word' id='word_1_320' title='bbox 438 2050 473 2082; x_wconf 61' lang='lat'><em>(9</em></span> <span class='ocrx_word' id='word_1_321' title='bbox 489 2052 690 2090; x_wconf 80' lang='lat' dir='ltr'><em>purgatorum</em></span> <span class='ocrx_word' id='word_1_322' title='bbox 710 2039 926 2080; x_wconf 78' lang='lat' dir='ltr'><em>olerumfolia,</em></span> <span class='ocrx_word' id='word_1_323' title='bbox 951 2042 1104 2073; x_wconf 64' lang='lat' dir='ltr'><em>&amp;caetera</em></span> <span class='ocrx_word' id='word_1_324' title='bbox 1123 2051 1191 2082; x_wconf 81' lang='lat' dir='ltr'><em>quae</em></span> 
     </span>
     <span class='ocr_line' id='line_1_50' title="bbox 298 2089 1191 2145; baseline -0.015 -12"><span class='ocrx_word' id='word_1_325' title='bbox 298 2103 499 2145; x_wconf 80' lang='lat' dir='ltr'><em>projiciuntur</em></span> <span class='ocrx_word' id='word_1_326' title='bbox 507 2101 708 2139; x_wconf 81' lang='lat' dir='ltr'><em>purgamenta</em></span> <span class='ocrx_word' id='word_1_327' title='bbox 724 2105 733 2124; x_wconf 90' lang='lat'><em>.·</em></span> <span class='ocrx_word' id='word_1_328' title='bbox 761 2102 797 2124; x_wconf 86' lang='lat' dir='ltr'><em>ne</em></span> <span class='ocrx_word' id='word_1_329' title='bbox 804 2091 930 2131; x_wconf 75' lang='lat' dir='ltr'><em>jaiiura</em></span> <span class='ocrx_word' id='word_1_330' title='bbox 940 2089 1117 2131; x_wconf 83' lang='lat' dir='ltr'><em>eorumfiat.</em></span> <span class='ocrx_word' id='word_1_331' title='bbox 1145 2095 1191 2124; x_wconf 77' lang='lat' dir='ltr'><em>,Et</em></span> 
     </span>
     <span class='ocr_line' id='line_1_51' title="bbox 303 2141 1190 2192; baseline -0.018 -7"><span class='ocrx_word' id='word_1_332' title='bbox 303 2146 552 2192; x_wconf 74' lang='lat' dir='ltr'><em>mac‘lantursues</em></span> <span class='ocrx_word' id='word_1_333' title='bbox 566 2170 577 2187; x_wconf 89' lang='lat'><em>,</em></span> <span class='ocrx_word' id='word_1_334' title='bbox 602 2153 635 2178; x_wconf 85' lang='lat' dir='ltr'><em>ut</em></span> <span class='ocrx_word' id='word_1_335' title='bbox 656 2153 759 2176; x_wconf 82' lang='lat' dir='ltr'><em>carnes</em></span> <span class='ocrx_word' id='word_1_336' title='bbox 781 2141 957 2174; x_wconf 82' lang='lat' dir='ltr'><em>vendantur</em></span> <span class='ocrx_word' id='word_1_337' title='bbox 974 2164 985 2181; x_wconf 93' lang='lat'><em>,</em></span> <span class='ocrx_word' id='word_1_338' title='bbox 1010 2142 1128 2183; x_wconf 75' lang='lat' dir='ltr'><em>ungulae</em></span> <span class='ocrx_word' id='word_1_339' title='bbox 1148 2148 1190 2173; x_wconf 77' lang='lat' dir='ltr'><em>ta·</em></span> 
     </span>
     <span class='ocr_line' id='line_1_52' title="bbox 302 2189 1192 2237; baseline -0.019 -1"><span class='ocrx_word' id='word_1_340' title='bbox 302 2213 370 2237; x_wconf 88' lang='lat' dir='ltr'><em>men</em></span> <span class='ocrx_word' id='word_1_341' title='bbox 382 2204 415 2236; x_wconf 68' lang='lat'><em>(5</em></span> <span class='ocrx_word' id='word_1_342' title='bbox 426 2209 570 2234; x_wconf 84' lang='lat' dir='ltr'><em>extremae</em></span> <span class='ocrx_word' id='word_1_343' title='bbox 580 2206 676 2230; x_wconf 84' lang='lat' dir='ltr'><em>eorum</em></span> <span class='ocrx_word' id='word_1_344' title='bbox 689 2200 797 2236; x_wconf 88' lang='lat' dir='ltr'><em>partes</em></span> <span class='ocrx_word' id='word_1_345' title='bbox 809 2197 843 2224; x_wconf 83' lang='lat' dir='ltr'><em>in</em></span> <span class='ocrx_word' id='word_1_346' title='bbox 854 2199 1027 2235; x_wconf 84' lang='lat' dir='ltr'><em>aegrotorum</em></span> <span class='ocrx_word' id='word_1_347' title='bbox 1037 2191 1070 2223; x_wconf 65' lang='grc' dir='ltr'><em>(τ</em></span> <span class='ocrx_word' id='word_1_348' title='bbox 1086 2189 1192 2234; x_wconf 76' lang='lat' dir='ltr'><em>J‘enum</em></span> 
     </span>
     <span class='ocr_line' id='line_1_53' title="bbox 302 2240 1194 2295; baseline -0.017 -8"><span class='ocrx_word' id='word_1_349' title='bbox 302 2254 406 2295; x_wconf 81' lang='lat' dir='ltr'><em>epulas</em></span> <span class='ocrx_word' id='word_1_350' title='bbox 419 2248 627 2293; x_wconf 83' lang='lat' dir='ltr'><em>reserventur,</em></span> <span class='ocrx_word' id='word_1_351' title='bbox 657 2245 777 2287; x_wconf 86' lang='lat' dir='ltr'><em>quodin</em></span> <span class='ocrx_word' id='word_1_352' title='bbox 789 2254 824 2275; x_wconf 85' lang='lat' dir='ltr'><em>ea</em></span> <span class='ocrx_word' id='word_1_353' title='bbox 847 2248 963 2285; x_wconf 82' lang='lat' dir='ltr'><em>regione</em></span> <span class='ocrx_word' id='word_1_354' title='bbox 983 2241 1136 2275; x_wconf 84' lang='lat' dir='ltr'><em>mediocris</em></span> <span class='ocrx_word' id='word_1_355' title='bbox 1157 2240 1194 2282; x_wconf 86' lang='lat' dir='ltr'><em>fit</em></span> 
     </span>
     <span class='ocr_line' id='line_1_54' title="bbox 304 2291 1193 2344; baseline -0.018 -7"><span class='ocrx_word' id='word_1_356' title='bbox 304 2313 402 2337; x_wconf 87' lang='lat' dir='ltr'><em>rerum</em></span> <span class='ocrx_word' id='word_1_357' title='bbox 413 2306 496 2344; x_wconf 85' lang='lat' dir='ltr'><em>copia</em></span> <span class='ocrx_word' id='word_1_358' title='bbox 509 2325 518 2340; x_wconf 97' lang='lat'><em>,</em></span> <span class='ocrx_word' id='word_1_359' title='bbox 543 2300 686 2340; x_wconf 72' lang='lat' dir='ltr'><em>&amp;ingens</em></span> <span class='ocrx_word' id='word_1_360' title='bbox 698 2294 847 2327; x_wconf 86' lang='lat' dir='ltr'><em>bominum</em></span> <span class='ocrx_word' id='word_1_361' title='bbox 866 2291 1039 2334; x_wconf 81' lang='lat' dir='ltr'><em>frequentia</em></span> <span class='ocrx_word' id='word_1_362' title='bbox 1057 2314 1064 2323; x_wconf 89' lang='lat'><strong>.</strong></span> <span class='ocrx_word' id='word_1_363' title='bbox 1093 2291 1193 2335; x_wconf 87' lang='lat' dir='ltr'><em>Apud</em></span> 
     </span>
     <span class='ocr_line' id='line_1_55' title="bbox 305 2342 1195 2397; baseline -0.016 -9"><span class='ocrx_word' id='word_1_364' title='bbox 305 2353 384 2389; x_wconf 79' lang='lat' dir='ltr'><em>alias</em></span> <span class='ocrx_word' id='word_1_365' title='bbox 393 2363 471 2397; x_wconf 88' lang='lat' dir='ltr'><em>ergo</em></span> <span class='ocrx_word' id='word_1_366' title='bbox 483 2359 590 2385; x_wconf 87' lang='lat' dir='ltr'><em>rerum</em></span> <span class='ocrx_word' id='word_1_367' title='bbox 603 2345 808 2381; x_wconf 87' lang='lat' dir='ltr'><em>abundantes</em></span> <span class='ocrx_word' id='word_1_368' title='bbox 819 2342 970 2387; x_wconf 87' lang='lat' dir='ltr'><em>regiones</em></span> <span class='ocrx_word' id='word_1_369' title='bbox 983 2342 1112 2388; x_wconf 85' lang='lat' dir='ltr'><em>yidetur</em></span> <span class='ocrx_word' id='word_1_370' title='bbox 1124 2342 1195 2375; x_wconf 83' lang='lat' dir='ltr'><em>nul-</em></span> 
     </span>
     <span class='ocr_line' id='line_1_56' title="bbox 307 2392 1194 2438; baseline -0.017 1"><span class='ocrx_word' id='word_1_371' title='bbox 307 2405 338 2438; x_wconf 84' lang='lat' dir='ltr'><em>la</em></span> <span class='ocrx_word' id='word_1_372' title='bbox 373 2403 479 2438; x_wconf 85' lang='lat' dir='ltr'><em>carnis</em></span> <span class='ocrx_word' id='word_1_373' title='bbox 511 2396 726 2434; x_wconf 86' lang='lat' dir='ltr'><em>manducatio</em></span> <span class='ocrx_word' id='word_1_374' title='bbox 748 2392 875 2428; x_wconf 80' lang='lat' dir='ltr'><em>senibus</em></span> <span class='ocrx_word' id='word_1_375' title='bbox 899 2392 992 2426; x_wconf 76' lang='lat' dir='ltr'><em>fuisse</em></span> <span class='ocrx_word' id='word_1_376' title='bbox 1028 2392 1194 2435; x_wconf 75' lang='lat' dir='ltr'><em>permissa.</em></span> 
     </span>
     <span class='ocr_line' id='line_1_57' title="bbox 308 2442 1197 2501; baseline -0.016 -12"><span class='ocrx_word' id='word_1_377' title='bbox 308 2455 404 2501; x_wconf 80' lang='lat' dir='ltr'><em>Qin</em></span> <span class='ocrx_word' id='word_1_378' title='bbox 423 2454 458 2487; x_wconf 72' lang='grc' dir='ltr'><em>δε</em></span> <span class='ocrx_word' id='word_1_379' title='bbox 478 2451 518 2486; x_wconf 91' lang='lat' dir='ltr'><em>de</em></span> <span class='ocrx_word' id='word_1_380' title='bbox 540 2450 640 2493; x_wconf 85' lang='lat' dir='ltr'><em>Syriae</em></span> <span class='ocrx_word' id='word_1_381' title='bbox 655 2443 866 2480; x_wconf 77' lang='lat' dir='ltr'><em>Monasteriis</em></span> <span class='ocrx_word' id='word_1_382' title='bbox 889 2442 997 2477; x_wconf 86' lang='lat' dir='ltr'><em>scribit</em></span> <span class='ocrx_word' id='word_1_383' title='bbox 1018 2442 1059 2477; x_wconf 84' lang='lat' dir='ltr'><em>ad</em></span> <span class='ocrx_word' id='word_1_384' title='bbox 1083 2442 1197 2476; x_wconf 80' lang='lat' dir='ltr'><em>Eusto-</em></span> 
     </span>
     <span class='ocr_line' id='line_1_58' title="bbox 308 2493 1191 2540; baseline -0.017 0"><span class='ocrx_word' id='word_1_385' title='bbox 308 2506 422 2540; x_wconf 85' lang='lat' dir='ltr'><em>chium</em></span> <span class='ocrx_word' id='word_1_386' title='bbox 435 2504 570 2538; x_wconf 70' lang='lat' dir='ltr'><em>Sanetus</em></span> <span class='ocrx_word' id='word_1_387' title='bbox 581 2499 809 2539; x_wconf 84' lang='lat' dir='ltr'><em>Hieronymus</em></span> <span class='ocrx_word' id='word_1_388' title='bbox 823 2506 830 2526; x_wconf 89' lang='lat'>:</span> <span class='ocrx_word' id='word_1_389' title='bbox 855 2496 901 2526; x_wconf 86' lang='lat' dir='ltr'><em>De</em></span> <span class='ocrx_word' id='word_1_390' title='bbox 910 2493 983 2526; x_wconf 87' lang='lat' dir='ltr'><em>cibis</em></span> <span class='ocrx_word' id='word_1_391' title='bbox 1003 2494 1038 2527; x_wconf 54' lang='grc' dir='ltr'><em>(Ὗ</em></span> <span class='ocrx_word' id='word_1_392' title='bbox 1058 2500 1134 2534; x_wconf 86' lang='lat' dir='ltr'><em>potu</em></span> <span class='ocrx_word' id='word_1_393' title='bbox 1145 2502 1191 2525; x_wconf 87' lang='lat' dir='ltr'><em>ta-</em></span> 
     </span>
    </p>
   </div>
   <div class='ocr_carea' id='block_1_11' title="bbox 310 2591 1197 2688">
    <p class='ocr_par' dir='ltr' id='par_1_11' title="bbox 310 2591 1197 2688">
     <span class='ocr_line' id='line_1_59' title="bbox 310 2591 1094 2643; baseline -0.02 -3"><span class='ocrx_word' id='word_1_394' title='bbox 310 2614 436 2640; x_wconf 82' lang='lat' dir='ltr'><em>utantur</em></span> <span class='ocrx_word' id='word_1_395' title='bbox 451 2627 461 2643; x_wconf 95' lang='lat'><em>,</em></span> <span class='ocrx_word' id='word_1_396' title='bbox 482 2602 515 2635; x_wconf 62' lang='grc' dir='ltr'>Θ</span> <span class='ocrx_word' id='word_1_397' title='bbox 526 2600 635 2633; x_wconf 73' lang='grc' dir='ltr'><em>εοέῑιιηι</em></span> <span class='ocrx_word' id='word_1_398' title='bbox 649 2596 764 2637; x_wconf 85' lang='lat' dir='ltr'><em>aliquid</em></span> <span class='ocrx_word' id='word_1_399' title='bbox 774 2593 904 2635; x_wconf 68' lang='lat' dir='ltr'><em>accepisse</em></span> <span class='ocrx_word' id='word_1_400' title='bbox 908 2591 945 2633; x_wconf 83' lang='lat' dir='ltr'><em>fit</em></span> <span class='ocrx_word' id='word_1_401' title='bbox 956 2592 1076 2625; x_wconf 75' lang='lat' dir='ltr'><em>luxuria</em></span> <span class='ocrx_word' id='word_1_402' title='bbox 1087 2617 1094 2624; x_wconf 86' lang='lat'><strong>.</strong></span> 
     </span>
     <span class='ocr_line' id='line_1_60' title="bbox 353 2641 1197 2688; baseline -0.014 0"><span class='ocrx_word' id='word_1_403' title='bbox 353 2653 514 2688; x_wconf 71' lang='lat' dir='ltr'><em>,Tertiam</em></span> <span class='ocrx_word' id='word_1_404' title='bbox 525 2651 559 2684; x_wconf 88' lang='lat'>&amp;</span> <span class='ocrx_word' id='word_1_405' title='bbox 571 2646 705 2682; x_wconf 87' lang='lat' dir='ltr'><em>bibendi</em></span> <span class='ocrx_word' id='word_1_406' title='bbox 717 2645 785 2677; x_wconf 88' lang='lat' dir='ltr'><em>vini</em></span> <span class='ocrx_word' id='word_1_407' title='bbox 807 2643 840 2676; x_wconf 72' lang='grc' dir='ltr'><em>ὅ(</em></span> <span class='ocrx_word' id='word_1_408' title='bbox 861 2642 1072 2675; x_wconf 88' lang='lat' dir='ltr'><em>comedendae</em></span> <span class='ocrx_word' id='word_1_409' title='bbox 1093 2641 1197 2676; x_wconf 87' lang='lat' dir='ltr'><em>carnis</em></span> 
     </span>
    </p>
   </div>
   <div class='ocr_carea' id='block_1_12' title="bbox 314 2691 1199 2792">
    <p class='ocr_par' dir='ltr' id='par_1_12' title="bbox 314 2691 1199 2792">
     <span class='ocr_line' id='line_1_61' title="bbox 314 2691 1199 2743; baseline -0.018 -2"><span class='ocrx_word' id='word_1_410' title='bbox 314 2707 441 2743; x_wconf 87' lang='lat' dir='ltr'><em>causam</em></span> <span class='ocrx_word' id='word_1_411' title='bbox 452 2700 586 2736; x_wconf 79' lang='lat' dir='ltr'><em>adducit</em></span> <span class='ocrx_word' id='word_1_412' title='bbox 596 2699 631 2731; x_wconf 75' lang='lat' dir='ltr'><em>in</em></span> <span class='ocrx_word' id='word_1_413' title='bbox 645 2693 799 2740; x_wconf 83' lang='lat' dir='ltr'><em>spirituali</em></span> <span class='ocrx_word' id='word_1_414' title='bbox 810 2702 902 2736; x_wconf 85' lang='lat' dir='ltr'><em>prato</em></span> <span class='ocrx_word' id='word_1_415' title='bbox 912 2693 1046 2726; x_wconf 69' lang='lat' dir='ltr'><em>sanctus</em></span> <span class='ocrx_word' id='word_1_416' title='bbox 1057 2691 1199 2735; x_wconf 86' lang='lat' dir='ltr'><em>Sophro-</em></span> 
     </span>
     <span class='ocr_line' id='line_1_62' title="bbox 316 2743 1199 2792; baseline -0.02 0"><span class='ocrx_word' id='word_1_417' title='bbox 316 2760 392 2792; x_wconf 88' lang='lat' dir='ltr'><em>nius</em></span> <span class='ocrx_word' id='word_1_418' title='bbox 406 2749 592 2788; x_wconf 76' lang='lat' dir='ltr'><em>patriarcha</em></span> <span class='ocrx_word' id='word_1_419' title='bbox 604 2743 928 2786; x_wconf 84' lang='lat' dir='ltr'><em>Hierosolymitanus</em></span> <span class='ocrx_word' id='word_1_420' title='bbox 939 2744 1080 2785; x_wconf 63' lang='lat' dir='ltr'><em>:Quinto</em></span> <span class='ocrx_word' id='word_1_421' title='bbox 1091 2743 1199 2775; x_wconf 85' lang='lat' dir='ltr'><em>decimo</em></span> 
     </span>
    </p>
   </div>
   <div class='ocr_carea' id='block_1_13' title="bbox 1235 2362 1241 2447">
    <p class='ocr_par' dir='ltr' id='par_1_13' title="bbox 1235 2362 1241 2447">
     <span class='ocr_line' id='line_1_63' title="bbox 1235 2362 1241 2447; baseline 0 0"><span class='ocrx_word' id='word_1_422' title='bbox 1235 2362 1241 2447; x_wconf 80' lang='grc' dir='ltr'>Ι</span> 
     </span>
    </p>
   </div>
   <div class='ocr_carea' id='block_1_14' title="bbox 1236 2505 1241 2520">
    <p class='ocr_par' dir='ltr' id='par_1_14' title="bbox 1236 2505 1241 2520">
     <span class='ocr_line' id='line_1_64' title="bbox 1236 2505 1241 2520; baseline 0 0"><span class='ocrx_word' id='word_1_423' title='bbox 1236 2505 1241 2520; x_wconf 84' lang='lat' dir='ltr'><em>l</em></span> 
     </span>
    </p>
   </div>
   <div class='ocr_carea' id='block_1_15' title="bbox 1237 2521 1242 2633">
    <p class='ocr_par' dir='ltr' id='par_1_15' title="bbox 1237 2521 1242 2633">
     <span class='ocr_line' id='line_1_65' title="bbox 1237 2521 1242 2633; baseline 0 1103"><span class='ocrx_word' id='word_1_424' title='bbox 1237 2521 1242 2633; x_wconf 95' lang='lat' dir='ltr'><em> </em></span> 
     </span>
    </p>
   </div>
   <div class='ocr_carea' id='block_1_16' title="bbox 1240 2679 1245 2776">
    <p class='ocr_par' dir='ltr' id='par_1_16' title="bbox 1240 2679 1245 2776">
     <span class='ocr_line' id='line_1_66' title="bbox 1240 2679 1245 2776; baseline 0 960"><span class='ocrx_word' id='word_1_425' title='bbox 1240 2679 1245 2776; x_wconf 95' lang='lat' dir='ltr'><em> </em></span> 
     </span>
    </p>
   </div>
   <div class='ocr_carea' id='block_1_17' title="bbox 1242 333 2134 629">
    <p class='ocr_par' dir='ltr' id='par_1_17' title="bbox 1242 333 2134 629">
     <span class='ocr_line' id='line_1_67' title="bbox 1243 333 2129 377; baseline 0.007 -10"><span class='ocrx_word' id='word_1_426' title='bbox 1243 334 1287 367; x_wconf 87' lang='lat' dir='ltr'><em>ria</em></span> <span class='ocrx_word' id='word_1_427' title='bbox 1300 344 1421 377; x_wconf 86' lang='lat' dir='ltr'><em>vagans</em></span> <span class='ocrx_word' id='word_1_428' title='bbox 1431 355 1442 372; x_wconf 92' lang='lat'><em>,</em></span> <span class='ocrx_word' id='word_1_429' title='bbox 1464 333 1499 366; x_wconf 88' lang='lat'>&amp;</span> <span class='ocrx_word' id='word_1_430' title='bbox 1513 334 1593 368; x_wconf 91' lang='lat' dir='ltr'><em>vino</em></span> <span class='ocrx_word' id='word_1_431' title='bbox 1605 334 1639 367; x_wconf 90' lang='lat'>&amp;</span> <span class='ocrx_word' id='word_1_432' title='bbox 1648 344 1746 367; x_wconf 86' lang='lat' dir='ltr'><em>carne</em></span> <span class='ocrx_word' id='word_1_433' title='bbox 1757 333 1887 368; x_wconf 67' lang='lat' dir='ltr'><em>trattati</em></span> <span class='ocrx_word' id='word_1_434' title='bbox 1897 334 1993 369; x_wconf 86' lang='lat' dir='ltr'><em>vellet</em></span> <span class='ocrx_word' id='word_1_435' title='bbox 2013 338 2048 370; x_wconf 69' lang='grc' dir='ltr'><em>ὅ(</em></span> <span class='ocrx_word' id='word_1_436' title='bbox 2067 349 2129 373; x_wconf 80' lang='lat' dir='ltr'><em>tra-</em></span> 
     </span>
     <span class='ocr_line' id='line_1_68' title="bbox 1242 383 2128 427; baseline 0.003 -10"><span class='ocrx_word' id='word_1_437' title='bbox 1242 385 1397 422; x_wconf 64' lang='lat' dir='ltr'><em>«staretur,</em></span> <span class='ocrx_word' id='word_1_438' title='bbox 1429 384 1520 427; x_wconf 87' lang='lat' dir='ltr'><em>supra</em></span> <span class='ocrx_word' id='word_1_439' title='bbox 1531 383 1718 418; x_wconf 82' lang='lat' dir='ltr'><em>audivimus</em></span> <span class='ocrx_word' id='word_1_440' title='bbox 1741 383 1782 418; x_wconf 88' lang='lat' dir='ltr'><em>ab</em></span> <span class='ocrx_word' id='word_1_441' title='bbox 1803 384 1924 418; x_wconf 72' lang='lat' dir='ltr'><em>isidoro</em></span> <span class='ocrx_word' id='word_1_442' title='bbox 1948 384 2128 423; x_wconf 66' lang='lat' dir='ltr'><em>Pelufiota.</em></span> 
     </span>
     <span class='ocr_line' id='line_1_69' title="bbox 1246 432 2133 478; baseline 0.003 -11"><span class='ocrx_word' id='word_1_443' title='bbox 1246 432 1371 468; x_wconf 69' lang='lat' dir='ltr'><em>Verum</em></span> <span class='ocrx_word' id='word_1_444' title='bbox 1388 445 1465 468; x_wconf 91' lang='lat' dir='ltr'><em>cum</em></span> <span class='ocrx_word' id='word_1_445' title='bbox 1477 433 1611 468; x_wconf 86' lang='lat' dir='ltr'><em>laudato</em></span> <span class='ocrx_word' id='word_1_446' title='bbox 1623 433 1689 478; x_wconf 83' lang='lat' dir='ltr'><em>jam</em></span> <span class='ocrx_word' id='word_1_447' title='bbox 1701 434 1836 468; x_wconf 85' lang='lat' dir='ltr'><em>Seniore</em></span> <span class='ocrx_word' id='word_1_448' title='bbox 1847 435 1946 469; x_wconf 86' lang='lat' dir='ltr'><em>etiam</em></span> <span class='ocrx_word' id='word_1_449' title='bbox 1959 436 2025 478; x_wconf 89' lang='lat' dir='ltr'><em>ipse</em></span> <span class='ocrx_word' id='word_1_450' title='bbox 2037 435 2133 471; x_wconf 80' lang='lat' dir='ltr'><em>mdo-</em></span> 
     </span>
     <span class='ocr_line' id='line_1_70' title="bbox 1244 482 2131 528; baseline 0.003 -10"><span class='ocrx_word' id='word_1_451' title='bbox 1244 495 1296 518; x_wconf 86' lang='lat' dir='ltr'><em>rus</em></span> <span class='ocrx_word' id='word_1_452' title='bbox 1312 496 1440 519; x_wconf 89' lang='lat' dir='ltr'><em>morem</em></span> <span class='ocrx_word' id='word_1_453' title='bbox 1453 484 1550 518; x_wconf 90' lang='lat' dir='ltr'><em>istum</em></span> <span class='ocrx_word' id='word_1_454' title='bbox 1561 482 1779 528; x_wconf 78' lang='lat' dir='ltr'><em>improbabat.</em></span> <span class='ocrx_word' id='word_1_455' title='bbox 1805 485 1849 519; x_wconf 86' lang='lat' dir='ltr'><em>Et</em></span> <span class='ocrx_word' id='word_1_456' title='bbox 1860 485 1895 518; x_wconf 88' lang='lat' dir='ltr'><em>in</em></span> <span class='ocrx_word' id='word_1_457' title='bbox 1903 485 2076 520; x_wconf 82' lang='lat' dir='ltr'><em>fusioribus</em></span> <span class='ocrx_word' id='word_1_458' title='bbox 2084 496 2131 521; x_wconf 82' lang='lat' dir='ltr'><em>re·</em></span> 
     </span>
     <span class='ocr_line' id='line_1_71' title="bbox 1245 534 2132 580; baseline 0 -11"><span class='ocrx_word' id='word_1_459' title='bbox 1245 535 1333 579; x_wconf 84' lang='lat' dir='ltr'><em>gulis</em></span> <span class='ocrx_word' id='word_1_460' title='bbox 1344 534 1457 569; x_wconf 86' lang='lat' dir='ltr'><em>scribit</em></span> <span class='ocrx_word' id='word_1_461' title='bbox 1481 545 1619 580; x_wconf 86' lang='lat' dir='ltr'><em>magnus</em></span> <span class='ocrx_word' id='word_1_462' title='bbox 1642 535 1799 569; x_wconf 83' lang='lat' dir='ltr'><em>Basilius:</em></span> <span class='ocrx_word' id='word_1_463' title='bbox 1821 537 1974 578; x_wconf 73' lang='lat' dir='ltr'><em>,Quoniam</em></span> <span class='ocrx_word' id='word_1_464' title='bbox 1991 537 2132 570; x_wconf 82' lang='lat' dir='ltr'><em>videmus</em></span> 
     </span>
     <span class='ocr_line' id='line_1_72' title="bbox 1244 583 2134 629; baseline 0 -10"><span class='ocrx_word' id='word_1_465' title='bbox 1244 598 1289 619; x_wconf 87' lang='lat' dir='ltr'><em>eos</em></span> <span class='ocrx_word' id='word_1_466' title='bbox 1303 609 1313 627; x_wconf 88' lang='lat'><em>,</em></span> <span class='ocrx_word' id='word_1_467' title='bbox 1333 590 1385 628; x_wconf 89' lang='lat' dir='ltr'><em>qui</em></span> <span class='ocrx_word' id='word_1_468' title='bbox 1397 591 1430 618; x_wconf 84' lang='lat' dir='ltr'><em>in</em></span> <span class='ocrx_word' id='word_1_469' title='bbox 1453 586 1537 618; x_wconf 78' lang='lat' dir='ltr'><em>civili</em></span> <span class='ocrx_word' id='word_1_470' title='bbox 1558 591 1634 619; x_wconf 86' lang='lat' dir='ltr'><em>vitae</em></span> <span class='ocrx_word' id='word_1_471' title='bbox 1646 596 1755 629; x_wconf 85' lang='lat' dir='ltr'><em>genere</em></span> <span class='ocrx_word' id='word_1_472' title='bbox 1775 583 1935 628; x_wconf 84' lang='lat' dir='ltr'><em>versantur</em></span> <span class='ocrx_word' id='word_1_473' title='bbox 1948 610 1959 626; x_wconf 93' lang='lat'>‚</span> <span class='ocrx_word' id='word_1_474' title='bbox 1983 585 2134 620; x_wconf 79' lang='lat' dir='ltr'><em>bumilita-</em></span> 
     </span>
    </p>
   </div>
   <div class='ocr_carea' id='block_1_18' title="bbox 1245 634 2284 680">
    <p class='ocr_par' dir='ltr' id='par_1_18' title="bbox 1245 634 2284 680">
     <span class='ocr_line' id='line_1_73' title="bbox 1245 634 2284 680; baseline 0.001 -11"><span class='ocrx_word' id='word_1_475' title='bbox 1245 645 1306 670; x_wconf 83' lang='lat' dir='ltr'><em>tem</em></span> <span class='ocrx_word' id='word_1_476' title='bbox 1312 641 1506 678; x_wconf 84' lang='lat' dir='ltr'><em>paupertatis</em></span> <span class='ocrx_word' id='word_1_477' title='bbox 1521 635 1627 679; x_wconf 74' lang='lat' dir='ltr'><em>fugere</em></span> <span class='ocrx_word' id='word_1_478' title='bbox 1638 636 1731 668; x_wconf 81' lang='lat' dir='ltr'><em>veluti</em></span> <span class='ocrx_word' id='word_1_479' title='bbox 1753 647 1816 669; x_wconf 83' lang='lat' dir='ltr'><em>rem</em></span> <span class='ocrx_word' id='word_1_480' title='bbox 1836 634 2055 679; x_wconf 83' lang='lat' dir='ltr'><em>ignominiosam</em></span> <span class='ocrx_word' id='word_1_481' title='bbox 2067 661 2077 677; x_wconf 91' lang='lat'>‚</span> <span class='ocrx_word' id='word_1_482' title='bbox 2099 637 2133 670; x_wconf 68' lang='grc'><em>(3</em></span> <span class='ocrx_word' id='word_1_483' title='bbox 2149 640 2218 680; x_wconf 79' lang='lat' dir='ltr'><em>Cap.</em></span> <span class='ocrx_word' id='word_1_484' title='bbox 2240 652 2284 672; x_wconf 83' lang='lat'><em>20.</em></span> 
     </span>
    </p>
   </div>
   <div class='ocr_carea' id='block_1_19' title="bbox 1237 682 2143 2130">
    <p class='ocr_par' dir='ltr' id='par_1_19' title="bbox 1237 682 2137 1432">
     <span class='ocr_line' id='line_1_74' title="bbox 1245 682 2132 729; baseline 0 -10"><span class='ocrx_word' id='word_1_485' title='bbox 1245 686 1279 719; x_wconf 82' lang='lat' dir='ltr'><em>ob</em></span> <span class='ocrx_word' id='word_1_486' title='bbox 1289 697 1354 719; x_wconf 89' lang='lat' dir='ltr'><em>eam</em></span> <span class='ocrx_word' id='word_1_487' title='bbox 1366 682 1439 728; x_wconf 86' lang='lat' dir='ltr'><em>caus</em></span> <span class='ocrx_word' id='word_1_488' title='bbox 1436 697 1485 718; x_wconf 87' lang='lat' dir='ltr'><em>am</em></span> <span class='ocrx_word' id='word_1_489' title='bbox 1496 684 1801 728; x_wconf 67' lang='lat' dir='ltr'><em>quotieftumquejpfis</em></span> <span class='ocrx_word' id='word_1_490' title='bbox 1811 688 1920 728; x_wconf 82' lang='lat' dir='ltr'><em>aliquis</em></span> <span class='ocrx_word' id='word_1_491' title='bbox 1926 684 2132 729; x_wconf 73' lang='lat' dir='ltr'><em>suscipiendus</em></span> 
     </span>
     <span class='ocr_line' id='line_1_75' title="bbox 1246 735 2131 781; baseline 0 -12"><span class='ocrx_word' id='word_1_492' title='bbox 1246 735 1284 775; x_wconf 78' lang='lat' dir='ltr'><em>est</em></span> <span class='ocrx_word' id='word_1_493' title='bbox 1295 735 1399 778; x_wconf 83' lang='lat' dir='ltr'><em>hospes</em></span> <span class='ocrx_word' id='word_1_494' title='bbox 1416 760 1427 776; x_wconf 93' lang='lat'><em>,</em></span> <span class='ocrx_word' id='word_1_495' title='bbox 1448 737 1602 778; x_wconf 85' lang='lat' dir='ltr'><em>epularum</em></span> <span class='ocrx_word' id='word_1_496' title='bbox 1614 744 1643 769; x_wconf 88' lang='lat' dir='ltr'><em>et</em></span> <span class='ocrx_word' id='word_1_497' title='bbox 1657 741 1770 778; x_wconf 86' lang='lat' dir='ltr'><em>copiam</em></span> <span class='ocrx_word' id='word_1_498' title='bbox 1781 745 1809 769; x_wconf 92' lang='lat' dir='ltr'><em>et</em></span> <span class='ocrx_word' id='word_1_499' title='bbox 1819 743 1918 781; x_wconf 88' lang='lat' dir='ltr'><em>magni</em></span> <span class='ocrx_word' id='word_1_500' title='bbox 1916 736 2067 780; x_wconf 82' lang='lat' dir='ltr'><em>ficentiam</em></span> <span class='ocrx_word' id='word_1_501' title='bbox 2069 735 2131 776; x_wconf 82' lang='lat' dir='ltr'><em>stu-</em></span> 
     </span>
     <span class='ocr_line' id='line_1_76' title="bbox 1247 785 2132 830; baseline 0.002 -12"><span class='ocrx_word' id='word_1_502' title='bbox 1247 785 1349 827; x_wconf 71' lang='lat' dir='ltr'><em>diqfiits</em></span> <span class='ocrx_word' id='word_1_503' title='bbox 1359 785 1537 829; x_wconf 65' lang='lat' dir='ltr'><em>conseHari,</em></span> <span class='ocrx_word' id='word_1_504' title='bbox 1555 787 1694 829; x_wconf 83' lang='lat' dir='ltr'><em>equidem</em></span> <span class='ocrx_word' id='word_1_505' title='bbox 1716 794 1811 819; x_wconf 86' lang='lat' dir='ltr'><em>metuo</em></span> <span class='ocrx_word' id='word_1_506' title='bbox 1823 798 1860 820; x_wconf 89' lang='lat' dir='ltr'><em>ne</em></span> <span class='ocrx_word' id='word_1_507' title='bbox 1882 788 1926 820; x_wconf 89' lang='lat' dir='ltr'><em>ad</em></span> <span class='ocrx_word' id='word_1_508' title='bbox 1950 799 2003 820; x_wconf 85' lang='lat' dir='ltr'><em>nos</em></span> <span class='ocrx_word' id='word_1_509' title='bbox 2020 797 2132 830; x_wconf 88' lang='lat' dir='ltr'><em>quoque</em></span> 
     </span>
     <span class='ocr_line' id='line_1_77' title="bbox 1237 833 2132 880; baseline 0.001 -11"><span class='ocrx_word' id='word_1_510' title='bbox 1237 835 1352 877; x_wconf 84' lang='lat' dir='ltr'><em>furtim</em></span> <span class='ocrx_word' id='word_1_511' title='bbox 1357 833 1391 880; x_wconf 85' lang='lat' dir='ltr'><em>se</em></span> <span class='ocrx_word' id='word_1_512' title='bbox 1407 835 1565 879; x_wconf 82' lang='lat' dir='ltr'><em>istiusmodi</em></span> <span class='ocrx_word' id='word_1_513' title='bbox 1583 836 1673 878; x_wconf 85' lang='lat' dir='ltr'><em>pestis</em></span> <span class='ocrx_word' id='word_1_514' title='bbox 1700 835 1824 877; x_wconf 82' lang='lat' dir='ltr'><em>infinuet</em></span> <span class='ocrx_word' id='word_1_515' title='bbox 1835 860 1846 877; x_wconf 93' lang='lat'><em>,</em></span> <span class='ocrx_word' id='word_1_516' title='bbox 1870 838 1947 870; x_wconf 73' lang='lat' dir='ltr'><em>neve</em></span> <span class='ocrx_word' id='word_1_517' title='bbox 1964 837 2061 879; x_wconf 71' lang='lat' dir='ltr'><em>plane</em></span> <span class='ocrx_word' id='word_1_518' title='bbox 2080 837 2132 880; x_wconf 78' lang='lat' dir='ltr'><em>effe</em></span> 
     </span>
     <span class='ocr_line' id='line_1_78' title="bbox 1248 886 2133 929; baseline -0.001 -9"><span class='ocrx_word' id='word_1_519' title='bbox 1248 892 1458 920; x_wconf 75' lang='lat' dir='ltr'><em>convincamur</em></span> <span class='ocrx_word' id='word_1_520' title='bbox 1467 912 1478 928; x_wconf 89' lang='lat'><em>,</em></span> <span class='ocrx_word' id='word_1_521' title='bbox 1503 899 1575 929; x_wconf 89' lang='lat' dir='ltr'><em>quos</em></span> <span class='ocrx_word' id='word_1_522' title='bbox 1586 888 1740 928; x_wconf 72' lang='lat' dir='ltr'><em>tantopere?</em></span> <span class='ocrx_word' id='word_1_523' title='bbox 1753 888 1965 920; x_wconf 77' lang='lat' dir='ltr'><em>commendatae</em></span> <span class='ocrx_word' id='word_1_524' title='bbox 1975 889 1995 919; x_wconf 78' lang='grc' dir='ltr'><em>ἃ</em></span> <span class='ocrx_word' id='word_1_525' title='bbox 2018 886 2133 926; x_wconf 87' lang='lat' dir='ltr'><em>Christo</em></span> 
     </span>
     <span class='ocr_line' id='line_1_79' title="bbox 1243 935 2133 980; baseline 0.002 -12"><span class='ocrx_word' id='word_1_526' title='bbox 1243 941 1434 978; x_wconf 75' lang='lat' dir='ltr'><em>paupertatis</em></span> <span class='ocrx_word' id='word_1_527' title='bbox 1443 938 1557 977; x_wconf 85' lang='lat' dir='ltr'><em>pudeat</em></span> <span class='ocrx_word' id='word_1_528' title='bbox 1567 962 1574 969; x_wconf 93' lang='lat'>.</span> <span class='ocrx_word' id='word_1_529' title='bbox 1586 937 1638 970; x_wconf 89' lang='lat' dir='ltr'><em>&#39;Ut</em></span> <span class='ocrx_word' id='word_1_530' title='bbox 1646 935 1771 980; x_wconf 78' lang='lat' dir='ltr'><em>igitur-fi</em></span> <span class='ocrx_word' id='word_1_531' title='bbox 1779 936 1854 980; x_wconf 81' lang='lat' dir='ltr'><em>vasa</em></span> <span class='ocrx_word' id='word_1_532' title='bbox 1863 946 2005 979; x_wconf 85' lang='lat' dir='ltr'><em>argentea</em></span> <span class='ocrx_word' id='word_1_533' title='bbox 2015 962 2025 977; x_wconf 91' lang='lat'>‚</span> <span class='ocrx_word' id='word_1_534' title='bbox 2050 938 2133 970; x_wconf 86' lang='lat' dir='ltr'><em>vela-</em></span> 
     </span>
     <span class='ocr_line' id='line_1_80' title="bbox 1247 985 2135 1031; baseline 0.001 -12"><span class='ocrx_word' id='word_1_535' title='bbox 1247 987 1286 1019; x_wconf 62' lang='lat' dir='ltr'><em>ve*</em></span> <span class='ocrx_word' id='word_1_536' title='bbox 1293 994 1429 1028; x_wconf 81' lang='lat' dir='ltr'><em>purpura</em></span> <span class='ocrx_word' id='word_1_537' title='bbox 1439 994 1593 1027; x_wconf 62' lang='lat' dir='ltr'><em>praetexta</em></span> <span class='ocrx_word' id='word_1_538' title='bbox 1603 1008 1614 1024; x_wconf 96' lang='lat'><em>,</em></span> <span class='ocrx_word' id='word_1_539' title='bbox 1637 996 1691 1019; x_wconf 85' lang='lat' dir='ltr'><em>aut</em></span> <span class='ocrx_word' id='word_1_540' title='bbox 1700 988 1799 1019; x_wconf 83' lang='lat' dir='ltr'><em>mollia</em></span> <span class='ocrx_word' id='word_1_541' title='bbox 1804 985 1940 1031; x_wconf 83' lang='lat' dir='ltr'><em>stragula</em></span> <span class='ocrx_word' id='word_1_542' title='bbox 1962 997 1992 1020; x_wconf 86' lang='lat' dir='ltr'><em>et</em></span> <span class='ocrx_word' id='word_1_543' title='bbox 2010 988 2135 1028; x_wconf 84' lang='lat' dir='ltr'><em>pelluci-</em></span> 
     </span>
     <span class='ocr_line' id='line_1_81' title="bbox 1247 1033 2134 1077; baseline -0.001 -8"><span class='ocrx_word' id='word_1_544' title='bbox 1247 1037 1289 1069; x_wconf 84' lang='lat' dir='ltr'><em>da</em></span> <span class='ocrx_word' id='word_1_545' title='bbox 1299 1036 1425 1068; x_wconf 87' lang='lat' dir='ltr'><em>amicula</em></span> <span class='ocrx_word' id='word_1_546' title='bbox 1429 1033 1510 1077; x_wconf 86' lang='lat' dir='ltr'><em>foris</em></span> <span class='ocrx_word' id='word_1_547' title='bbox 1534 1033 1667 1076; x_wconf 82' lang='lat' dir='ltr'><em>accerfita</em></span> <span class='ocrx_word' id='word_1_548' title='bbox 1690 1044 1925 1077; x_wconf 79' lang='lat' dir='ltr'><em>compararemus</em></span> <span class='ocrx_word' id='word_1_549' title='bbox 1935 1061 1946 1077; x_wconf 88' lang='lat'>‚</span> <span class='ocrx_word' id='word_1_550' title='bbox 1971 1048 2012 1071; x_wconf 79' lang='lat' dir='ltr'><em>ex</em></span> <span class='ocrx_word' id='word_1_551' title='bbox 2033 1038 2134 1070; x_wconf 82' lang='lat' dir='ltr'><em>decoro</em></span> 
     </span>
     <span class='ocr_line' id='line_1_82' title="bbox 1247 1084 2133 1129; baseline 0.001 -10"><span class='ocrx_word' id='word_1_552' title='bbox 1247 1086 1341 1127; x_wconf 82' lang='lat' dir='ltr'><em>nostro</em></span> <span class='ocrx_word' id='word_1_553' title='bbox 1352 1097 1410 1120; x_wconf 81' lang='lat' dir='ltr'><em>non</em></span> <span class='ocrx_word' id='word_1_554' title='bbox 1420 1085 1485 1129; x_wconf 83' lang='lat' dir='ltr'><em>effet</em></span> <span class='ocrx_word' id='word_1_555' title='bbox 1499 1109 1510 1125; x_wconf 91' lang='lat'>‚</span> <span class='ocrx_word' id='word_1_556' title='bbox 1525 1084 1566 1126; x_wconf 81' lang='lat' dir='ltr'><em>fic</em></span> <span class='ocrx_word' id='word_1_557' title='bbox 1576 1087 1744 1118; x_wconf 86' lang='lat' dir='ltr'><em>indecorum</em></span> <span class='ocrx_word' id='word_1_558' title='bbox 1752 1084 1875 1127; x_wconf 72' lang='lat' dir='ltr'><em>prorsus</em></span> <span class='ocrx_word' id='word_1_559' title='bbox 1877 1085 1975 1126; x_wconf 84' lang='lat' dir='ltr'><em>fuerit</em></span> <span class='ocrx_word' id='word_1_560' title='bbox 1987 1110 1997 1126; x_wconf 92' lang='lat'><em>,</em></span> <span class='ocrx_word' id='word_1_561' title='bbox 2014 1085 2043 1128; x_wconf 84' lang='lat' dir='ltr'><em>fi</em></span> <span class='ocrx_word' id='word_1_562' title='bbox 2051 1098 2133 1120; x_wconf 84' lang='lat' dir='ltr'><em>nova</em></span> 
     </span>
     <span class='ocr_line' id='line_1_83' title="bbox 1247 1134 2130 1179; baseline -0.003 -9"><span class='ocrx_word' id='word_1_563' title='bbox 1247 1146 1275 1170; x_wconf 88' lang='lat' dir='ltr'><em>et</em></span> <span class='ocrx_word' id='word_1_564' title='bbox 1285 1139 1305 1168; x_wconf 74' lang='grc' dir='ltr'><em>ἃ</em></span> <span class='ocrx_word' id='word_1_565' title='bbox 1316 1142 1461 1169; x_wconf 87' lang='lat' dir='ltr'><em>communi</em></span> <span class='ocrx_word' id='word_1_566' title='bbox 1471 1135 1569 1168; x_wconf 75' lang='lat' dir='ltr'><em>vu‘ius</em></span> <span class='ocrx_word' id='word_1_567' title='bbox 1581 1134 1667 1175; x_wconf 82' lang='lat' dir='ltr'><em>nostri</em></span> <span class='ocrx_word' id='word_1_568' title='bbox 1678 1140 1789 1168; x_wconf 84' lang='lat' dir='ltr'><em>ratione</em></span> <span class='ocrx_word' id='word_1_569' title='bbox 1798 1136 1880 1179; x_wconf 75' lang='lat' dir='ltr'><em>longe</em></span> <span class='ocrx_word' id='word_1_570' title='bbox 1886 1134 2042 1175; x_wconf 5' lang='lat' dir='ltr'><em>,horrentia</em></span> <span class='ocrx_word' id='word_1_571' title='bbox 2054 1135 2130 1179; x_wconf 66' lang='lat' dir='ltr'><em>esi-a·</em></span> 
     </span>
     <span class='ocr_line' id='line_1_84' title="bbox 1247 1185 2135 1231; baseline -0.001 -12"><span class='ocrx_word' id='word_1_572' title='bbox 1247 1199 1314 1219; x_wconf 89' lang='lat' dir='ltr'><em>rum</em></span> <span class='ocrx_word' id='word_1_573' title='bbox 1321 1198 1434 1231; x_wconf 85' lang='lat' dir='ltr'><em>genera</em></span> <span class='ocrx_word' id='word_1_574' title='bbox 1442 1192 1611 1230; x_wconf 79' lang='lat' dir='ltr'><em>excogitare</em></span> <span class='ocrx_word' id='word_1_575' title='bbox 1623 1185 1752 1219; x_wconf 80' lang='lat' dir='ltr'><em>velimus</em></span> <span class='ocrx_word' id='word_1_576' title='bbox 1763 1210 1770 1217; x_wconf 92' lang='lat'><em>.</em></span> <span class='ocrx_word' id='word_1_577' title='bbox 1797 1186 1936 1219; x_wconf 86' lang='lat' dir='ltr'><em>Lautam</em></span> <span class='ocrx_word' id='word_1_578' title='bbox 1945 1195 1982 1218; x_wconf 87' lang='lat' dir='ltr'><em>ac</em></span> <span class='ocrx_word' id='word_1_579' title='bbox 1996 1185 2135 1229; x_wconf 86' lang='lat' dir='ltr'><em>splendi-</em></span> 
     </span>
     <span class='ocr_line' id='line_1_85' title="bbox 1247 1234 2136 1279; baseline -0.001 -8"><span class='ocrx_word' id='word_1_580' title='bbox 1247 1237 1322 1271; x_wconf 88' lang='lat' dir='ltr'><em>dam</em></span> <span class='ocrx_word' id='word_1_581' title='bbox 1346 1236 1603 1279; x_wconf 83' lang='lat' dir='ltr'><em>hospitalitatem</em></span> <span class='ocrx_word' id='word_1_582' title='bbox 1625 1235 1732 1279; x_wconf 78' lang='lat' dir='ltr'><em>ample</em></span> <span class='ocrx_word' id='word_1_583' title='bbox 1751 1234 1953 1270; x_wconf 88' lang='lat' dir='ltr'><em>demonstrat</em></span> <span class='ocrx_word' id='word_1_584' title='bbox 1975 1235 2136 1270; x_wconf 83' lang='lat' dir='ltr'><em>adversari</em></span> 
     </span>
     <span class='ocr_line' id='line_1_86' title="bbox 1248 1286 2137 1331; baseline -0.001 -11"><span class='ocrx_word' id='word_1_585' title='bbox 1248 1288 1426 1331; x_wconf 83' lang='lat' dir='ltr'><em>paupertati</em></span> <span class='ocrx_word' id='word_1_586' title='bbox 1439 1287 1627 1330; x_wconf 74' lang='lat' dir='ltr'><em>monasticae</em></span> <span class='ocrx_word' id='word_1_587' title='bbox 1639 1310 1650 1326; x_wconf 89' lang='lat'>‚</span> <span class='ocrx_word' id='word_1_588' title='bbox 1664 1286 1914 1330; x_wconf 81' lang='lat' dir='ltr'><em>permittendam</em></span> <span class='ocrx_word' id='word_1_589' title='bbox 1927 1294 2013 1320; x_wconf 89' lang='lat' dir='ltr'><em>vetat</em></span> <span class='ocrx_word' id='word_1_590' title='bbox 2024 1286 2057 1320; x_wconf 91' lang='lat' dir='ltr'><em>in</em></span> <span class='ocrx_word' id='word_1_591' title='bbox 2070 1286 2137 1319; x_wconf 86' lang='lat' dir='ltr'><em>suis</em></span> 
     </span>
     <span class='ocr_line' id='line_1_87' title="bbox 1249 1335 2136 1381; baseline -0.003 -10"><span class='ocrx_word' id='word_1_592' title='bbox 1249 1338 1400 1372; x_wconf 85' lang='lat' dir='ltr'><em>Ponticis</em></span> <span class='ocrx_word' id='word_1_593' title='bbox 1410 1337 1639 1375; x_wconf 85' lang='lat' dir='ltr'><em>Monasteriis‚</em></span> <span class='ocrx_word' id='word_1_594' title='bbox 1664 1341 1763 1381; x_wconf 83' lang='lat' dir='ltr'><em>atque</em></span> <span class='ocrx_word' id='word_1_595' title='bbox 1775 1335 1821 1371; x_wconf 82' lang='lat' dir='ltr'><em>ita</em></span> <span class='ocrx_word' id='word_1_596' title='bbox 1833 1337 1986 1381; x_wconf 82' lang='lat' dir='ltr'><em>supponit</em></span> <span class='ocrx_word' id='word_1_597' title='bbox 2007 1336 2043 1370; x_wconf 89' lang='lat' dir='ltr'><em>in</em></span> <span class='ocrx_word' id='word_1_598' title='bbox 2063 1335 2136 1371; x_wconf 84' lang='lat' dir='ltr'><em>aliis</em></span> 
     </span>
     <span class='ocr_line' id='line_1_88' title="bbox 1249 1387 1590 1432; baseline -0.003 -12"><span class='ocrx_word' id='word_1_599' title='bbox 1249 1387 1415 1422; x_wconf 88' lang='lat' dir='ltr'><em>hincinde</em></span> <span class='ocrx_word' id='word_1_600' title='bbox 1436 1388 1590 1432; x_wconf 77' lang='lat' dir='ltr'><em>viguisse.</em></span> 
     </span>
    </p>

    <p class='ocr_par' dir='ltr' id='par_1_20' title="bbox 1246 1435 2143 2130">
     <span class='ocr_line' id='line_1_89' title="bbox 1298 1435 2137 1482; baseline -0.001 -9"><span class='ocrx_word' id='word_1_601' title='bbox 1298 1439 1343 1473; x_wconf 86' lang='lat' dir='ltr'><em>Et</em></span> <span class='ocrx_word' id='word_1_602' title='bbox 1363 1438 1473 1472; x_wconf 86' lang='lat' dir='ltr'><em>omnis</em></span> <span class='ocrx_word' id='word_1_603' title='bbox 1507 1437 1572 1471; x_wconf 81' lang='lat' dir='ltr'><em>haec</em></span> <span class='ocrx_word' id='word_1_604' title='bbox 1596 1436 1767 1480; x_wconf 83' lang='lat' dir='ltr'><em>disciplina</em></span> <span class='ocrx_word' id='word_1_605' title='bbox 1789 1437 1873 1471; x_wconf 88' lang='lat' dir='ltr'><em>olim</em></span> <span class='ocrx_word' id='word_1_606' title='bbox 1901 1435 2008 1482; x_wconf 87' lang='lat' dir='ltr'><em>viguit</em></span> <span class='ocrx_word' id='word_1_607' title='bbox 2035 1435 2137 1472; x_wconf 81' lang='lat' dir='ltr'><em>etiam</em></span> 
     </span>
     <span class='ocr_line' id='line_1_90' title="bbox 1247 1483 2138 1531; baseline 0.001 -9"><span class='ocrx_word' id='word_1_608' title='bbox 1247 1489 1331 1531; x_wconf 90' lang='lat' dir='ltr'><em>apud</em></span> <span class='ocrx_word' id='word_1_609' title='bbox 1344 1489 1500 1522; x_wconf 88' lang='lat' dir='ltr'><em>Latinos.</em></span> <span class='ocrx_word' id='word_1_610' title='bbox 1522 1488 1658 1522; x_wconf 86' lang='lat' dir='ltr'><em>Etenim</em></span> <span class='ocrx_word' id='word_1_611' title='bbox 1669 1490 1687 1531; x_wconf 63' lang='lat' dir='ltr'><em>a</em></span> <span class='ocrx_word' id='word_1_612' title='bbox 1700 1489 1819 1523; x_wconf 67' lang='lat' dir='ltr'><em>Sansto</em></span> <span class='ocrx_word' id='word_1_613' title='bbox 1835 1486 1991 1522; x_wconf 87' lang='lat' dir='ltr'><em>Antonio</em></span> <span class='ocrx_word' id='word_1_614' title='bbox 2004 1483 2138 1523; x_wconf 69' lang='lat' dir='ltr'><em>inchoa-</em></span> 
     </span>
     <span class='ocr_line' id='line_1_91' title="bbox 1247 1536 2141 1583; baseline 0 -12"><span class='ocrx_word' id='word_1_615' title='bbox 1247 1549 1318 1572; x_wconf 88' lang='lat' dir='ltr'><em>tum</em></span> <span class='ocrx_word' id='word_1_616' title='bbox 1332 1537 1577 1572; x_wconf 86' lang='lat' dir='ltr'><em>Coenobiticum</em></span> <span class='ocrx_word' id='word_1_617' title='bbox 1589 1538 1860 1573; x_wconf 79' lang='lat' dir='ltr'><em>Monachismum</em></span> <span class='ocrx_word' id='word_1_618' title='bbox 1873 1549 2011 1583; x_wconf 88' lang='lat' dir='ltr'><em>magnus</em></span> <span class='ocrx_word' id='word_1_619' title='bbox 2034 1536 2141 1572; x_wconf 76' lang='lat' dir='ltr'><em>Atha-</em></span> 
     </span>
     <span class='ocr_line' id='line_1_92' title="bbox 1251 1587 2139 1631; baseline 0 -10"><span class='ocrx_word' id='word_1_620' title='bbox 1251 1589 1354 1622; x_wconf 72' lang='lat' dir='ltr'><em>nasius</em></span> <span class='ocrx_word' id='word_1_621' title='bbox 1368 1587 1511 1621; x_wconf 84' lang='lat' dir='ltr'><em>Romam</em></span> <span class='ocrx_word' id='word_1_622' title='bbox 1523 1609 1534 1625; x_wconf 89' lang='lat'><em>,</em></span> <span class='ocrx_word' id='word_1_623' title='bbox 1563 1588 1721 1620; x_wconf 88' lang='lat' dir='ltr'><em>Eusebius</em></span> <span class='ocrx_word' id='word_1_624' title='bbox 1731 1587 1946 1622; x_wconf 80' lang='lat' dir='ltr'><em>Vercellensis</em></span> <span class='ocrx_word' id='word_1_625' title='bbox 1959 1587 2139 1631; x_wconf 84' lang='lat' dir='ltr'><em>Episcopus</em></span> 
     </span>
     <span class='ocr_line' id='line_1_93' title="bbox 1246 1636 2139 1681; baseline 0 -10"><span class='ocrx_word' id='word_1_626' title='bbox 1246 1638 1281 1671; x_wconf 85' lang='lat' dir='ltr'><em>in</em></span> <span class='ocrx_word' id='word_1_627' title='bbox 1298 1637 1470 1681; x_wconf 84' lang='lat' dir='ltr'><em>Liguriam</em></span> <span class='ocrx_word' id='word_1_628' title='bbox 1482 1660 1492 1675; x_wconf 97' lang='lat'><em>,</em></span> <span class='ocrx_word' id='word_1_629' title='bbox 1505 1637 1640 1672; x_wconf 65' lang='lat' dir='ltr'><em>sanstus</em></span> <span class='ocrx_word' id='word_1_630' title='bbox 1654 1636 1819 1670; x_wconf 81' lang='lat' dir='ltr'><em>Martinus</em></span> <span class='ocrx_word' id='word_1_631' title='bbox 1832 1638 1866 1670; x_wconf 87' lang='lat' dir='ltr'><em>in</em></span> <span class='ocrx_word' id='word_1_632' title='bbox 1885 1637 2048 1678; x_wconf 87' lang='lat' dir='ltr'><em>Galliam,</em></span> <span class='ocrx_word' id='word_1_633' title='bbox 2059 1637 2139 1671; x_wconf 85' lang='lat' dir='ltr'><em>San·</em></span> 
     </span>
     <span class='ocr_line' id='line_1_94' title="bbox 1248 1683 2138 1728; baseline 0.001 -9"><span class='ocrx_word' id='word_1_634' title='bbox 1248 1687 1316 1720; x_wconf 68' lang='lat' dir='ltr'><em>stus</em></span> <span class='ocrx_word' id='word_1_635' title='bbox 1330 1685 1535 1728; x_wconf 85' lang='lat' dir='ltr'><em>Augustinus</em></span> <span class='ocrx_word' id='word_1_636' title='bbox 1546 1683 1584 1719; x_wconf 81' lang='lat' dir='ltr'><em>in</em></span> <span class='ocrx_word' id='word_1_637' title='bbox 1597 1686 1744 1719; x_wconf 85' lang='lat' dir='ltr'><em>Africam</em></span> <span class='ocrx_word' id='word_1_638' title='bbox 1758 1710 1768 1726; x_wconf 85' lang='lat'><em>,</em></span> <span class='ocrx_word' id='word_1_639' title='bbox 1794 1685 1873 1720; x_wconf 75' lang='lat' dir='ltr'><em>alias</em></span> <span class='ocrx_word' id='word_1_640' title='bbox 1886 1687 1918 1719; x_wconf 89' lang='lat' dir='ltr'><em>in</em></span> <span class='ocrx_word' id='word_1_641' title='bbox 1942 1686 2079 1720; x_wconf 84' lang='lat' dir='ltr'><em>Latinas</em></span> <span class='ocrx_word' id='word_1_642' title='bbox 2091 1697 2138 1720; x_wconf 85' lang='lat' dir='ltr'><em>re-</em></span> 
     </span>
     <span class='ocr_line' id='line_1_95' title="bbox 1249 1733 2137 1780; baseline 0.002 -11"><span class='ocrx_word' id='word_1_643' title='bbox 1249 1736 1365 1780; x_wconf 83' lang='lat' dir='ltr'><em>giones</em></span> <span class='ocrx_word' id='word_1_644' title='bbox 1375 1734 1587 1777; x_wconf 82' lang='lat' dir='ltr'><em>deportarunt</em></span> <span class='ocrx_word' id='word_1_645' title='bbox 1597 1734 1652 1768; x_wconf 88' lang='lat' dir='ltr'><em>alii</em></span> <span class='ocrx_word' id='word_1_646' title='bbox 1663 1748 1674 1768; x_wconf 88' lang='lat'><em>.·</em></span> <span class='ocrx_word' id='word_1_647' title='bbox 1687 1735 1804 1770; x_wconf 67' lang='lat' dir='ltr'><em>Cuncti</em></span> <span class='ocrx_word' id='word_1_648' title='bbox 1815 1733 2027 1777; x_wconf 78' lang='lat' dir='ltr'><em>deportarunt</em></span> <span class='ocrx_word' id='word_1_649' title='bbox 2035 1735 2137 1771; x_wconf 78' lang='lat' dir='ltr'><em>etiam</em></span> 
     </span>
     <span class='ocr_line' id='line_1_96' title="bbox 1250 1784 2138 1829; baseline 0 -10"><span class='ocrx_word' id='word_1_650' title='bbox 1250 1784 1462 1819; x_wconf 82' lang='lat' dir='ltr'><em>Antonianas</em></span> <span class='ocrx_word' id='word_1_651' title='bbox 1477 1784 1604 1829; x_wconf 86' lang='lat' dir='ltr'><em>regulas</em></span> <span class='ocrx_word' id='word_1_652' title='bbox 1620 1784 1655 1819; x_wconf 76' lang='grc' dir='ltr'><em>ὃς</em></span> <span class='ocrx_word' id='word_1_653' title='bbox 1668 1795 1773 1818; x_wconf 78' lang='lat' dir='ltr'><em>mores</em></span> <span class='ocrx_word' id='word_1_654' title='bbox 1783 1809 1790 1816; x_wconf 93' lang='lat'><em>.</em></span> <span class='ocrx_word' id='word_1_655' title='bbox 1816 1784 1922 1822; x_wconf 81' lang='lat' dir='ltr'><em>Lucet</em></span> <span class='ocrx_word' id='word_1_656' title='bbox 1933 1795 1972 1821; x_wconf 79' lang='lat' dir='ltr'><em>ex</em></span> <span class='ocrx_word' id='word_1_657' title='bbox 1985 1784 2075 1828; x_wconf 72' lang='lat' dir='ltr'><em>supra</em></span> <span class='ocrx_word' id='word_1_658' title='bbox 2085 1785 2138 1819; x_wconf 85' lang='lat' dir='ltr'><em>ad-</em></span> 
     </span>
     <span class='ocr_line' id='line_1_97' title="bbox 1249 1829 2139 1877; baseline 0 -7"><span class='ocrx_word' id='word_1_659' title='bbox 1249 1837 1352 1870; x_wconf 71' lang='lat' dir='ltr'><em>ductis</em></span> <span class='ocrx_word' id='word_1_660' title='bbox 1363 1837 1391 1870; x_wconf 91' lang='lat' dir='ltr'><em>S.</em></span> <span class='ocrx_word' id='word_1_661' title='bbox 1406 1835 1606 1877; x_wconf 88' lang='lat' dir='ltr'><em>Hieronymi</em></span> <span class='ocrx_word' id='word_1_662' title='bbox 1618 1829 1814 1870; x_wconf 78' lang='lat' dir='ltr'><em>testimonii‘s</em></span> <span class='ocrx_word' id='word_1_663' title='bbox 1825 1835 1859 1871; x_wconf 87' lang='lat'>&amp;</span> <span class='ocrx_word' id='word_1_664' title='bbox 1881 1834 1994 1871; x_wconf 80' lang='lat' dir='ltr'><em>litteris</em></span> <span class='ocrx_word' id='word_1_665' title='bbox 2006 1859 2014 1867; x_wconf 90' lang='lat'><strong>.</strong></span> <span class='ocrx_word' id='word_1_666' title='bbox 2042 1833 2139 1870; x_wconf 70' lang='lat' dir='ltr'><em>Licet</em></span> 
     </span>
     <span class='ocr_line' id='line_1_98' title="bbox 1250 1883 2138 1930; baseline -0.002 -9"><span class='ocrx_word' id='word_1_667' title='bbox 1250 1887 1339 1921; x_wconf 90' lang='lat' dir='ltr'><em>enim</em></span> <span class='ocrx_word' id='word_1_668' title='bbox 1361 1885 1426 1920; x_wconf 81' lang='lat' dir='ltr'><em>haec</em></span> <span class='ocrx_word' id='word_1_669' title='bbox 1447 1886 1482 1919; x_wconf 91' lang='lat' dir='ltr'><em>in</em></span> <span class='ocrx_word' id='word_1_670' title='bbox 1501 1885 1598 1929; x_wconf 83' lang='lat' dir='ltr'><em>Syria</em></span> <span class='ocrx_word' id='word_1_671' title='bbox 1620 1885 1773 1930; x_wconf 83' lang='lat' dir='ltr'><em>scripserit</em></span> <span class='ocrx_word' id='word_1_672' title='bbox 1782 1890 1800 1925; x_wconf 74' lang='lat'><em>‚&#39;</em></span> <span class='ocrx_word' id='word_1_673' title='bbox 1822 1885 1943 1928; x_wconf 80' lang='lat' dir='ltr'><em>scripsit</em></span> <span class='ocrx_word' id='word_1_674' title='bbox 1964 1894 2074 1920; x_wconf 87' lang='lat' dir='ltr'><em>tamen</em></span> <span class='ocrx_word' id='word_1_675' title='bbox 2095 1883 2138 1919; x_wconf 84' lang='lat' dir='ltr'><em>ad</em></span> 
     </span>
     <span class='ocr_line' id='line_1_99' title="bbox 1250 1934 2138 1979; baseline -0.003 -7"><span class='ocrx_word' id='word_1_676' title='bbox 1250 1937 1442 1972; x_wconf 86' lang='lat' dir='ltr'><em>Occidentis</em></span> <span class='ocrx_word' id='word_1_677' title='bbox 1479 1934 1671 1971; x_wconf 82' lang='lat' dir='ltr'><em>Monachos</em></span> <span class='ocrx_word' id='word_1_678' title='bbox 1689 1937 1722 1970; x_wconf 75' lang='lat' dir='ltr'><em>&lt;Sc</em></span> <span class='ocrx_word' id='word_1_679' title='bbox 1745 1935 1912 1969; x_wconf 82' lang='lat' dir='ltr'><em>Moniales</em></span> <span class='ocrx_word' id='word_1_680' title='bbox 1936 1960 1947 1975; x_wconf 93' lang='lat'><em>,</em></span> <span class='ocrx_word' id='word_1_681' title='bbox 1970 1945 2068 1979; x_wconf 85' lang='lat' dir='ltr'><em>atque</em></span> <span class='ocrx_word' id='word_1_682' title='bbox 2091 1936 2138 1969; x_wconf 76' lang='lat' dir='ltr'><em>ita</em></span> 
     </span>
     <span class='ocr_line' id='line_1_100' title="bbox 1251 1984 2143 2032; baseline -0.007 -9"><span class='ocrx_word' id='word_1_683' title='bbox 1251 1987 1408 2032; x_wconf 89' lang='lat' dir='ltr'><em>supponit</em></span> <span class='ocrx_word' id='word_1_684' title='bbox 1426 1987 1555 2030; x_wconf 84' lang='lat' dir='ltr'><em>utrique</em></span> <span class='ocrx_word' id='word_1_685' title='bbox 1567 1987 1716 2022; x_wconf 74' lang='lat' dir='ltr'><em>Eceiefiae</em></span> <span class='ocrx_word' id='word_1_686' title='bbox 1726 1985 1819 2020; x_wconf 77' lang='lat' dir='ltr'><em>fuisse</em></span> <span class='ocrx_word' id='word_1_687' title='bbox 1828 1985 1967 2019; x_wconf 87' lang='lat' dir='ltr'><em>eandem</em></span> <span class='ocrx_word' id='word_1_688' title='bbox 1978 1984 2143 2018; x_wconf 84' lang='lat' dir='ltr'><em>Monasti-</em></span> 
     </span>
     <span class='ocr_line' id='line_1_101' title="bbox 1251 2033 2139 2080; baseline -0.006 -7"><span class='ocrx_word' id='word_1_689' title='bbox 1251 2050 1324 2073; x_wconf 86' lang='lat' dir='ltr'><em>cam</em></span> <span class='ocrx_word' id='word_1_690' title='bbox 1334 2037 1559 2080; x_wconf 84' lang='lat' dir='ltr'><em>disciplinam.</em></span> <span class='ocrx_word' id='word_1_691' title='bbox 1590 2036 1634 2071; x_wconf 88' lang='lat' dir='ltr'><em>Et</em></span> <span class='ocrx_word' id='word_1_692' title='bbox 1646 2035 1687 2070; x_wconf 85' lang='lat' dir='ltr'><em>de</em></span> <span class='ocrx_word' id='word_1_693' title='bbox 1697 2033 1888 2070; x_wconf 79' lang='lat' dir='ltr'><em>Turonensi</em></span> <span class='ocrx_word' id='word_1_694' title='bbox 1903 2035 2011 2071; x_wconf 72' lang='lat' dir='ltr'><em>Sanffi</em></span> <span class='ocrx_word' id='word_1_695' title='bbox 2022 2033 2139 2069; x_wconf 81' lang='lat' dir='ltr'><em>Marti-</em></span> 
     </span>
     <span class='ocr_line' id='line_1_102' title="bbox 1252 2084 2139 2130; baseline -0.007 -8"><span class='ocrx_word' id='word_1_696' title='bbox 1252 2090 1285 2122; x_wconf 90' lang='lat' dir='ltr'><em>ni</em></span> <span class='ocrx_word' id='word_1_697' title='bbox 1299 2087 1465 2122; x_wconf 87' lang='lat' dir='ltr'><em>Coenobio</em></span> <span class='ocrx_word' id='word_1_698' title='bbox 1479 2087 1588 2122; x_wconf 86' lang='lat' dir='ltr'><em>scribit</em></span> <span class='ocrx_word' id='word_1_699' title='bbox 1600 2088 1635 2120; x_wconf 88' lang='lat' dir='ltr'><em>in</em></span> <span class='ocrx_word' id='word_1_700' title='bbox 1648 2086 1715 2130; x_wconf 77' lang='lat' dir='ltr'><em>ejus</em></span> <span class='ocrx_word' id='word_1_701' title='bbox 1735 2086 1801 2119; x_wconf 91' lang='lat' dir='ltr'><em>vita</em></span> <span class='ocrx_word' id='word_1_702' title='bbox 1816 2084 1971 2128; x_wconf 76' lang='lat' dir='ltr'><em>Sulpicius</em></span> <span class='ocrx_word' id='word_1_703' title='bbox 1982 2084 2116 2118; x_wconf 84' lang='lat' dir='ltr'><em>Severus</em></span> <span class='ocrx_word' id='word_1_704' title='bbox 2129 2095 2139 2116; x_wconf 76' lang='lat' dir='ltr'>z</span> 
     </span>
    </p>
   </div>
   <div class='ocr_carea' id='block_1_20' title="bbox 1251 2133 2273 2179">
    <p class='ocr_par' dir='ltr' id='par_1_21' title="bbox 1251 2133 2273 2179">
     <span class='ocr_line' id='line_1_103' title="bbox 1251 2133 2273 2179; baseline -0.005 -9"><span class='ocrx_word' id='word_1_705' title='bbox 1251 2138 1360 2172; x_wconf 84' lang='lat' dir='ltr'><em>Cibum</em></span> <span class='ocrx_word' id='word_1_706' title='bbox 1370 2139 1430 2170; x_wconf 68' lang='lat' dir='ltr'><em>und</em></span> <span class='ocrx_word' id='word_1_707' title='bbox 1441 2149 1538 2170; x_wconf 88' lang='lat' dir='ltr'><em>omnes</em></span> <span class='ocrx_word' id='word_1_708' title='bbox 1544 2138 1607 2179; x_wconf 86' lang='lat' dir='ltr'><em>post</em></span> <span class='ocrx_word' id='word_1_709' title='bbox 1617 2137 1721 2170; x_wconf 81' lang='lat' dir='ltr'><em>horam</em></span> <span class='ocrx_word' id='word_1_710' title='bbox 1730 2138 1845 2178; x_wconf 86' lang='lat' dir='ltr'><em>jejunii</em></span> <span class='ocrx_word' id='word_1_711' title='bbox 1866 2133 2048 2176; x_wconf 71' lang='lat' dir='ltr'><em>accipiebant</em></span> <span class='ocrx_word' id='word_1_712' title='bbox 2058 2158 2065 2166; x_wconf 92' lang='lat'>.</span> <span class='ocrx_word' id='word_1_713' title='bbox 2091 2136 2142 2173; x_wconf 74' lang='lat' dir='ltr'><em>Vi·</em></span> <span class='ocrx_word' id='word_1_714' title='bbox 2154 2137 2228 2176; x_wconf 79' lang='lat' dir='ltr'><em>Cap.</em></span> <span class='ocrx_word' id='word_1_715' title='bbox 2245 2145 2273 2172; x_wconf 80' lang='lat'><em>⁷·</em></span> 
     </span>
    </p>
   </div>
   <div class='ocr_carea' id='block_1_21' title="bbox 1251 2185 2142 2284">
    <p class='ocr_par' dir='ltr' id='par_1_22' title="bbox 1251 2185 2142 2284">
     <span class='ocr_line' id='line_1_104' title="bbox 1251 2185 2142 2229; baseline -0.004 -8"><span class='ocrx_word' id='word_1_716' title='bbox 1251 2200 1322 2222; x_wconf 88' lang='lat' dir='ltr'><em>num</em></span> <span class='ocrx_word' id='word_1_717' title='bbox 1347 2199 1428 2221; x_wconf 89' lang='lat' dir='ltr'><em>nemo</em></span> <span class='ocrx_word' id='word_1_718' title='bbox 1449 2197 1575 2222; x_wconf 83' lang='lat' dir='ltr'><em>noverat</em></span> <span class='ocrx_word' id='word_1_719' title='bbox 1595 2212 1607 2228; x_wconf 90' lang='lat'><em>,</em></span> <span class='ocrx_word' id='word_1_720' title='bbox 1633 2186 1688 2228; x_wconf 81' lang='lat' dir='ltr'><em>nifi</em></span> <span class='ocrx_word' id='word_1_721' title='bbox 1703 2199 1790 2229; x_wconf 86' lang='lat' dir='ltr'><em>quem</em></span> <span class='ocrx_word' id='word_1_722' title='bbox 1808 2185 1973 2228; x_wconf 84' lang='lat' dir='ltr'><em>infirmitas</em></span> <span class='ocrx_word' id='word_1_723' title='bbox 1994 2185 2119 2228; x_wconf 66' lang='lat' dir='ltr'><em>coegisset</em></span> <span class='ocrx_word' id='word_1_724' title='bbox 2129 2205 2142 2221; x_wconf 66' lang='grc' dir='ltr'><em>.Δ</em></span> 
     </span>
     <span class='ocr_line' id='line_1_105' title="bbox 1253 2232 2142 2284; baseline -0.008 -11"><span class='ocrx_word' id='word_1_725' title='bbox 1253 2239 1378 2273; x_wconf 90' lang='lat' dir='ltr'><em>Eadem</em></span> <span class='ocrx_word' id='word_1_726' title='bbox 1389 2238 1434 2272; x_wconf 84' lang='lat' dir='ltr'><em>est</em></span> <span class='ocrx_word' id='word_1_727' title='bbox 1448 2239 1532 2272; x_wconf 82' lang='lat' dir='ltr'><em>ratio</em></span> <span class='ocrx_word' id='word_1_728' title='bbox 1541 2238 1650 2272; x_wconf 85' lang='lat' dir='ltr'><em>carnis</em></span> <span class='ocrx_word' id='word_1_729' title='bbox 1662 2263 1669 2270; x_wconf 87' lang='lat'><strong>.</strong></span> <span class='ocrx_word' id='word_1_730' title='bbox 1681 2236 1787 2284; x_wconf 82' lang='lat' dir='ltr'><em>Qiod</em></span> <span class='ocrx_word' id='word_1_731' title='bbox 1799 2248 1860 2270; x_wconf 88' lang='lat' dir='ltr'><em>nos</em></span> <span class='ocrx_word' id='word_1_732' title='bbox 1871 2235 2019 2279; x_wconf 84' lang='lat' dir='ltr'><em>Europaei</em></span> <span class='ocrx_word' id='word_1_733' title='bbox 2030 2232 2142 2279; x_wconf 83' lang='lat' dir='ltr'><em>AEgy-</em></span> 
     </span>
    </p>
   </div>
   <div class='ocr_carea' id='block_1_22' title="bbox 1253 2284 2294 2333">
    <p class='ocr_par' dir='ltr' id='par_1_23' title="bbox 1253 2284 2294 2333">
     <span class='ocr_line' id='line_1_106' title="bbox 1253 2284 2294 2333; baseline -0.005 -10"><span class='ocrx_word' id='word_1_734' title='bbox 1253 2290 1398 2333; x_wconf 81' lang='lat' dir='ltr'><em>priorum·</em></span> <span class='ocrx_word' id='word_1_735' title='bbox 1416 2286 1666 2324; x_wconf 88' lang='lat' dir='ltr'><em>Monachorum</em></span> <span class='ocrx_word' id='word_1_736' title='bbox 1679 2313 1689 2328; x_wconf 96' lang='lat'><em>,</em></span> <span class='ocrx_word' id='word_1_737' title='bbox 1716 2287 1795 2322; x_wconf 85' lang='lat' dir='ltr'><em>solis</em></span> <span class='ocrx_word' id='word_1_738' title='bbox 1819 2286 1927 2320; x_wconf 81' lang='lat' dir='ltr'><em>herbis</em></span> <span class='ocrx_word' id='word_1_739' title='bbox 1948 2286 1983 2321; x_wconf 72' lang='grc' dir='ltr'><em>ὃς</em></span> <span class='ocrx_word' id='word_1_740' title='bbox 2004 2284 2141 2328; x_wconf 81' lang='lat' dir='ltr'><em>lapsanis</em></span> <span class='ocrx_word' id='word_1_741' title='bbox 2157 2294 2232 2332; x_wconf 64' lang='lat' dir='ltr'><em>Cap.</em></span> <span class='ocrx_word' id='word_1_742' title='bbox 2251 2301 2294 2322; x_wconf 73' lang='grc' dir='ltr'><em>ῃ.</em></span> 
     </span>
    </p>
   </div>
   <div class='ocr_carea' id='block_1_23' title="bbox 1253 2334 2145 2733">
    <p class='ocr_par' dir='ltr' id='par_1_24' title="bbox 1253 2334 2145 2733">
     <span class='ocr_line' id='line_1_107' title="bbox 1254 2334 2143 2385; baseline -0.004 -13"><span class='ocrx_word' id='word_1_743' title='bbox 1254 2340 1477 2374; x_wconf 70' lang='lat' dir='ltr'><em>vic‘titantium</em></span> <span class='ocrx_word' id='word_1_744' title='bbox 1491 2364 1502 2379; x_wconf 94' lang='lat'><em>,</em></span> <span class='ocrx_word' id='word_1_745' title='bbox 1531 2339 1756 2385; x_wconf 72' lang='lat' dir='ltr'><em>frugalitatem</em></span> <span class='ocrx_word' id='word_1_746' title='bbox 1771 2336 2017 2373; x_wconf 74' lang='lat' dir='ltr'><em>observare‘non</em></span> <span class='ocrx_word' id='word_1_747' title='bbox 2040 2334 2143 2375; x_wconf 74' lang='lat' dir='ltr'><em>valea·</em></span> 
     </span>
     <span class='ocr_line' id='line_1_108' title="bbox 1253 2384 2142 2432; baseline -0.008 -8"><span class='ocrx_word' id='word_1_748' title='bbox 1253 2402 1325 2424; x_wconf 87' lang='lat' dir='ltr'><em>mus</em></span> <span class='ocrx_word' id='word_1_749' title='bbox 1337 2389 1381 2424; x_wconf 91' lang='lat' dir='ltr'><em>ob</em></span> <span class='ocrx_word' id='word_1_750' title='bbox 1396 2390 1475 2423; x_wconf 83' lang='lat' dir='ltr'><em>aeris</em></span> <span class='ocrx_word' id='word_1_751' title='bbox 1489 2389 1713 2432; x_wconf 87' lang='lat' dir='ltr'><em>intemperiem</em></span> <span class='ocrx_word' id='word_1_752' title='bbox 1726 2412 1736 2428; x_wconf 92' lang='lat'><em>,</em></span> <span class='ocrx_word' id='word_1_753' title='bbox 1763 2390 1797 2422; x_wconf 89' lang='lat' dir='ltr'><em>in</em></span> <span class='ocrx_word' id='word_1_754' title='bbox 1807 2396 1922 2432; x_wconf 84' lang='lat' dir='ltr'><em>quarto</em></span> <span class='ocrx_word' id='word_1_755' title='bbox 1946 2384 2142 2419; x_wconf 83' lang='lat' dir='ltr'><em>Monastica·</em></span> 
     </span>
     <span class='ocr_line' id='line_1_109' title="bbox 1254 2435 2142 2479; baseline -0.008 -5"><span class='ocrx_word' id='word_1_756' title='bbox 1254 2452 1325 2475; x_wconf 87' lang='lat' dir='ltr'><em>rum</em></span> <span class='ocrx_word' id='word_1_757' title='bbox 1339 2439 1592 2474; x_wconf 89' lang='lat' dir='ltr'><em>Institutionum</em></span> <span class='ocrx_word' id='word_1_758' title='bbox 1605 2439 1707 2473; x_wconf 90' lang='lat' dir='ltr'><em>Libro</em></span> <span class='ocrx_word' id='word_1_759' title='bbox 1731 2440 1813 2473; x_wconf 69' lang='lat' dir='ltr'><em>reste</em></span> <span class='ocrx_word' id='word_1_760' title='bbox 1833 2437 1981 2471; x_wconf 88' lang='lat' dir='ltr'><em>observat</em></span> <span class='ocrx_word' id='word_1_761' title='bbox 2002 2435 2142 2479; x_wconf 75' lang='lat' dir='ltr'><em>Ioannes</em></span> 
     </span>
     <span class='ocr_line' id='line_1_110' title="bbox 1256 2480 2143 2531; baseline -0.01 -7"><span class='ocrx_word' id='word_1_762' title='bbox 1256 2490 1446 2530; x_wconf 85' lang='lat' dir='ltr'><em>Caffianus,</em></span> <span class='ocrx_word' id='word_1_763' title='bbox 1471 2490 1576 2524; x_wconf 86' lang='lat' dir='ltr'><em>carnis</em></span> <span class='ocrx_word' id='word_1_764' title='bbox 1587 2500 1698 2523; x_wconf 89' lang='lat' dir='ltr'><em>tamen</em></span> <span class='ocrx_word' id='word_1_765' title='bbox 1707 2490 1797 2523; x_wconf 89' lang='lat' dir='ltr'><em>esum</em></span> <span class='ocrx_word' id='word_1_766' title='bbox 1811 2497 2015 2531; x_wconf 85' lang='lat' dir='ltr'><em>nequaquam</em></span> <span class='ocrx_word' id='word_1_767' title='bbox 2037 2480 2143 2518; x_wconf 84' lang='lat' dir='ltr'><em>indul-</em></span> 
     </span>
     <span class='ocr_line' id='line_1_111' title="bbox 1254 2531 2142 2576; baseline -0.012 -1"><span class='ocrx_word' id='word_1_768' title='bbox 1254 2541 1293 2575; x_wconf 83' lang='lat' dir='ltr'><em>fit</em></span> <span class='ocrx_word' id='word_1_769' title='bbox 1312 2564 1320 2572; x_wconf 87' lang='lat'>.</span> <span class='ocrx_word' id='word_1_770' title='bbox 1348 2541 1502 2574; x_wconf 88' lang='lat' dir='ltr'><em>Summus</em></span> <span class='ocrx_word' id='word_1_771' title='bbox 1523 2540 1793 2576; x_wconf 88' lang='lat' dir='ltr'><em>Occidentalium</em></span> <span class='ocrx_word' id='word_1_772' title='bbox 1814 2535 2058 2572; x_wconf 85' lang='lat' dir='ltr'><em>Monachorum</em></span> <span class='ocrx_word' id='word_1_773' title='bbox 2080 2531 2142 2565; x_wconf 84' lang='lat' dir='ltr'><em>Pa-</em></span> 
     </span>
     <span class='ocr_line' id='line_1_112' title="bbox 1255 2580 2143 2631; baseline -0.014 -6"><span class='ocrx_word' id='word_1_774' title='bbox 1255 2589 1395 2625; x_wconf 85' lang='lat' dir='ltr'><em>triarcha</em></span> <span class='ocrx_word' id='word_1_775' title='bbox 1406 2591 1539 2625; x_wconf 76' lang='lat' dir='ltr'><em>Sanstus</em></span> <span class='ocrx_word' id='word_1_776' title='bbox 1561 2590 1752 2624; x_wconf 60' lang='lat' dir='ltr'><em>BenediRus</em></span> <span class='ocrx_word' id='word_1_777' title='bbox 1776 2599 1895 2623; x_wconf 88' lang='lat' dir='ltr'><em>novam</em></span> <span class='ocrx_word' id='word_1_778' title='bbox 1918 2580 2143 2631; x_wconf 84' lang='lat' dir='ltr'><em>Monachismi</em></span> 
     </span>
     <span class='ocr_line' id='line_1_113' title="bbox 1257 2632 2145 2684; baseline -0.014 -9"><span class='ocrx_word' id='word_1_779' title='bbox 1257 2642 1396 2684; x_wconf 89' lang='lat' dir='ltr'><em>speciem</em></span> <span class='ocrx_word' id='word_1_780' title='bbox 1425 2646 1492 2674; x_wconf 85' lang='lat' dir='ltr'><em>no&#39;n</em></span> <span class='ocrx_word' id='word_1_781' title='bbox 1520 2640 1680 2678; x_wconf 87' lang='lat' dir='ltr'><em>instituit,</em></span> <span class='ocrx_word' id='word_1_782' title='bbox 1705 2639 1757 2672; x_wconf 70' lang='lat' dir='ltr'><em>sed</em></span> <span class='ocrx_word' id='word_1_783' title='bbox 1789 2638 1908 2679; x_wconf 84' lang='lat' dir='ltr'><em>lapsam</em></span> <span class='ocrx_word' id='word_1_784' title='bbox 1935 2632 2145 2675; x_wconf 83' lang='lat' dir='ltr'><em>disciplinam</em></span> 
     </span>
     <span class='ocr_line' id='line_1_114' title="bbox 1258 2682 2142 2733; baseline -0.011 -8"><span class='ocrx_word' id='word_1_785' title='bbox 1258 2692 1430 2725; x_wconf 85' lang='lat' dir='ltr'><em>dumtaxat</em></span> <span class='ocrx_word' id='word_1_786' title='bbox 1443 2691 1621 2733; x_wconf 84' lang='lat' dir='ltr'><em>reparavit,</em></span> <span class='ocrx_word' id='word_1_787' title='bbox 1647 2699 1683 2722; x_wconf 85' lang='lat' dir='ltr'><em>ac</em></span> <span class='ocrx_word' id='word_1_788' title='bbox 1704 2698 1743 2720; x_wconf 81' lang='lat' dir='ltr'><em>ex</em></span> <span class='ocrx_word' id='word_1_789' title='bbox 1761 2687 1858 2719; x_wconf 86' lang='lat' dir='ltr'><em>variis</em></span> <span class='ocrx_word' id='word_1_790' title='bbox 1883 2685 2047 2717; x_wconf 85' lang='lat' dir='ltr'><em>variorum</em></span> <span class='ocrx_word' id='word_1_791' title='bbox 2068 2682 2142 2715; x_wconf 89' lang='grc' dir='ltr'><em>Μο-</em></span> 
     </span>
    </p>
   </div>
   <div class='ocr_carea' id='block_1_24' title="bbox 1259 2732 2295 2788">
    <p class='ocr_par' dir='ltr' id='par_1_25' title="bbox 1259 2732 2295 2788">
     <span class='ocr_line' id='line_1_115' title="bbox 1259 2732 2295 2788; baseline -0.012 -13"><span class='ocrx_word' id='word_1_792' title='bbox 1259 2742 1471 2775; x_wconf 87' lang='lat' dir='ltr'><em>nasteriorum</em></span> <span class='ocrx_word' id='word_1_793' title='bbox 1484 2739 1609 2783; x_wconf 82' lang='lat' dir='ltr'><em>iegibus</em></span> <span class='ocrx_word' id='word_1_794' title='bbox 1626 2747 1682 2771; x_wconf 84' lang='lat' dir='ltr'><em>aut</em></span> <span class='ocrx_word' id='word_1_795' title='bbox 1705 2732 1998 2771; x_wconf 88' lang='lat' dir='ltr'><em>consuetudinibus</em></span> <span class='ocrx_word' id='word_1_796' title='bbox 2020 2741 2145 2773; x_wconf 85' lang='lat' dir='ltr'><em>tempe·</em></span> <span class='ocrx_word' id='word_1_797' title='bbox 2159 2750 2231 2788; x_wconf 50' lang='lat' dir='ltr'><em>Cap·</em></span> <span class='ocrx_word' id='word_1_798' title='bbox 2246 2758 2295 2786; x_wconf 64' lang='lat'><em>402</em></span> 
     </span>
    </p>
   </div>
   <div class='ocr_carea' id='block_1_25' title="bbox 316 2777 2145 2842">
    <p class='ocr_par' dir='ltr' id='par_1_26' title="bbox 316 2777 2145 2842">
     <span class='ocr_line' id='line_1_116' title="bbox 316 2777 2145 2842; baseline -0.015 0"><span class='ocrx_word' id='word_1_799' title='bbox 316 2808 357 2842; x_wconf 86' lang='lat' dir='ltr'><em>ab</em></span> <span class='ocrx_word' id='word_1_800' title='bbox 369 2803 552 2840; x_wconf 78' lang='lat' dir='ltr'><em>Alexandria</em></span> <span class='ocrx_word' id='word_1_801' title='bbox 562 2801 700 2832; x_wconf 88' lang='lat' dir='ltr'><em>milliario</em></span> <span class='ocrx_word' id='word_1_802' title='bbox 710 2793 917 2837; x_wconf 84' lang='lat' dir='ltr'><em>Monasterium</em></span> <span class='ocrx_word' id='word_1_803' title='bbox 937 2792 975 2833; x_wconf 78' lang='lat' dir='ltr'><em>est</em></span> <span class='ocrx_word' id='word_1_804' title='bbox 986 2818 996 2834; x_wconf 91' lang='lat'><em>,</em></span> <span class='ocrx_word' id='word_1_805' title='bbox 1015 2794 1097 2835; x_wconf 89' lang='lat' dir='ltr'><em>quod</em></span> <span class='ocrx_word' id='word_1_806' title='bbox 1115 2804 1200 2826; x_wconf 86' lang='lat' dir='ltr'><em>voca·</em></span> <span class='ocrx_word' id='word_1_807' title='bbox 1241 2777 1245 2833; x_wconf 64' lang='lat' dir='ltr'><em>i</em></span> <span class='ocrx_word' id='word_1_808' title='bbox 1259 2802 1361 2825; x_wconf 84' lang='lat' dir='ltr'><em>ratam</em></span> <span class='ocrx_word' id='word_1_809' title='bbox 1372 2788 1555 2831; x_wconf 80' lang='lat' dir='ltr'><em>composuit</em></span> <span class='ocrx_word' id='word_1_810' title='bbox 1565 2787 1711 2832; x_wconf 86' lang='lat' dir='ltr'><em>regulam</em></span> <span class='ocrx_word' id='word_1_811' title='bbox 1722 2809 1732 2824; x_wconf 90' lang='lat'>‚</span> <span class='ocrx_word' id='word_1_812' title='bbox 1758 2786 1792 2819; x_wconf 75' lang='grc' dir='ltr'>ἀ</span> <span class='ocrx_word' id='word_1_813' title='bbox 1816 2784 1941 2818; x_wconf 84' lang='lat' dir='ltr'><em>sanxit:</em></span> <span class='ocrx_word' id='word_1_814' title='bbox 1965 2782 2047 2816; x_wconf 77' lang='lat' dir='ltr'><em>Licet</em></span> <span class='ocrx_word' id='word_1_815' title='bbox 2064 2781 2145 2825; x_wconf 77' lang='lat' dir='ltr'><em>lega-</em></span> 
     </span>
    </p>
   </div>
   <div class='ocr_carea' id='block_1_26' title="bbox 318 2832 1199 2894">
    <p class='ocr_par' dir='ltr' id='par_1_27' title="bbox 318 2832 1199 2894">
     <span class='ocr_line' id='line_1_117' title="bbox 318 2832 1199 2894; baseline -0.019 -1"><span class='ocrx_word' id='word_1_816' title='bbox 318 2870 370 2894; x_wconf 76' lang='lat' dir='ltr'><em>tur</em></span> <span class='ocrx_word' id='word_1_817' title='bbox 380 2857 546 2889; x_wconf 81' lang='lat' dir='ltr'><em>Calamon.</em></span> <span class='ocrx_word' id='word_1_818' title='bbox 570 2853 605 2882; x_wconf 87' lang='lat' dir='ltr'><em>In</em></span> <span class='ocrx_word' id='word_1_819' title='bbox 626 2848 676 2881; x_wconf 87' lang='lat' dir='ltr'><em>hoe</em></span> <span class='ocrx_word' id='word_1_820' title='bbox 699 2847 831 2880; x_wconf 82' lang='lat' dir='ltr'><em>vidimus</em></span> <span class='ocrx_word' id='word_1_821' title='bbox 854 2843 997 2875; x_wconf 82' lang='lat' dir='ltr'><em>Abbatem</em></span> <span class='ocrx_word' id='word_1_822' title='bbox 1018 2832 1199 2876; x_wconf 70' lang='lat' dir='ltr'><em>Theodoru&#39;m</em></span> 
     </span>
    </p>
   </div>
   <div class='ocr_carea' id='block_1_27' title="bbox 319 2890 1202 3050">
    <p class='ocr_par' dir='ltr' id='par_1_28' title="bbox 319 2890 1202 3050">
     <span class='ocr_line' id='line_1_118' title="bbox 321 2890 1201 2950; baseline -0.016 -12"><span class='ocrx_word' id='word_1_823' title='bbox 321 2905 600 2950; x_wconf 80' lang='lat' dir='ltr'><em>Pentapolitanum.</em></span> <span class='ocrx_word' id='word_1_824' title='bbox 623 2902 704 2931; x_wconf 85' lang='lat' dir='ltr'><em>Erat</em></span> <span class='ocrx_word' id='word_1_825' title='bbox 723 2903 824 2928; x_wconf 87' lang='lat' dir='ltr'><em>autem</em></span> <span class='ocrx_word' id='word_1_826' title='bbox 847 2890 992 2948; x_wconf 81' lang='lat' dir='ltr'><em>nobiscum</em></span> <span class='ocrx_word' id='word_1_827' title='bbox 1013 2892 1143 2933; x_wconf 83' lang='lat' dir='ltr'><em>Sophista</em></span> <span class='ocrx_word' id='word_1_828' title='bbox 1155 2895 1201 2924; x_wconf 85' lang='lat'><em>50-</em></span> 
     </span>
     <span class='ocr_line' id='line_1_119' title="bbox 319 2941 1202 3001; baseline -0.016 -13"><span class='ocrx_word' id='word_1_829' title='bbox 319 2959 477 3001; x_wconf 82' lang='lat' dir='ltr'><em>phronius.</em></span> <span class='ocrx_word' id='word_1_830' title='bbox 500 2956 545 2985; x_wconf 88' lang='lat' dir='ltr'><em>Et</em></span> <span class='ocrx_word' id='word_1_831' title='bbox 556 2950 806 2992; x_wconf 84' lang='lat' dir='ltr'><em>interrogavimus</em></span> <span class='ocrx_word' id='word_1_832' title='bbox 819 2954 901 2976; x_wconf 87' lang='lat' dir='ltr'><em>eum:</em></span> <span class='ocrx_word' id='word_1_833' title='bbox 927 2945 1042 2974; x_wconf 86' lang='lat' dir='ltr'><em>Bonum</em></span> <span class='ocrx_word' id='word_1_834' title='bbox 1056 2941 1112 2981; x_wconf 84' lang='lat' dir='ltr'><em>est,</em></span> <span class='ocrx_word' id='word_1_835' title='bbox 1144 2944 1202 2974; x_wconf 90' lang='lat' dir='ltr'><em>Pa-</em></span> 
     </span>
     <span class='ocr_line' id='line_1_120' title="bbox 322 2990 1202 3050; baseline -0.017 -10"><span class='ocrx_word' id='word_1_836' title='bbox 322 3017 367 3042; x_wconf 83' lang='lat' dir='ltr'><em>ter</em></span> <span class='ocrx_word' id='word_1_837' title='bbox 376 3032 386 3047; x_wconf 95' lang='lat'><em>,</em></span> <span class='ocrx_word' id='word_1_838' title='bbox 407 3010 517 3050; x_wconf 86' lang='lat' dir='ltr'><em>quoties</em></span> <span class='ocrx_word' id='word_1_839' title='bbox 530 3002 581 3036; x_wconf 82' lang='lat' dir='ltr'><em>vel</em></span> <span class='ocrx_word' id='word_1_840' title='bbox 590 2998 645 3042; x_wconf 80' lang='lat' dir='ltr'><em>ipsi</em></span> <span class='ocrx_word' id='word_1_841' title='bbox 652 2998 696 3031; x_wconf 83' lang='lat' dir='ltr'><em>ad</em></span> <span class='ocrx_word' id='word_1_842' title='bbox 704 2997 831 3038; x_wconf 83' lang='lat' dir='ltr'><em>aliquem</em></span> <span class='ocrx_word' id='word_1_843' title='bbox 838 2997 989 3036; x_wconf 83' lang='lat' dir='ltr'><em>pergimus</em></span> <span class='ocrx_word' id='word_1_844' title='bbox 1002 3017 1012 3032; x_wconf 93' lang='lat'>‚</span> <span class='ocrx_word' id='word_1_845' title='bbox 1035 2990 1119 3033; x_wconf 77' lang='lat' dir='ltr'><em>velli</em></span> <span class='ocrx_word' id='word_1_846' title='bbox 1135 2998 1202 3035; x_wconf 86' lang='lat' dir='ltr'><em>quis</em></span> 
     </span>
    </p>
   </div>
   <div class='ocr_carea' id='block_1_28' title="bbox 1241 2830 2144 2876">
    <p class='ocr_par' dir='ltr' id='par_1_29' title="bbox 1241 2830 2144 2876">
     <span class='ocr_line' id='line_1_121' title="bbox 1241 2830 2144 2876; baseline -0.012 -2"><span class='ocrx_word' id='word_1_847' title='bbox 1241 2837 1325 2873; x_wconf 64' lang='lat' dir='ltr'><em>&#39;mus</em></span> <span class='ocrx_word' id='word_1_848' title='bbox 1335 2844 1439 2873; x_wconf 83' lang='lat' dir='ltr'><em>vinum</em></span> <span class='ocrx_word' id='word_1_849' title='bbox 1449 2840 1564 2871; x_wconf 60' lang='lat' dir='ltr'><em>omnin&amp;</em></span> <span class='ocrx_word' id='word_1_850' title='bbox 1588 2835 1797 2869; x_wconf 83' lang='lat' dir='ltr'><em>Monachorum</em></span> <span class='ocrx_word' id='word_1_851' title='bbox 1818 2846 1875 2868; x_wconf 87' lang='lat' dir='ltr'><em>non</em></span> <span class='ocrx_word' id='word_1_852' title='bbox 1901 2833 1975 2876; x_wconf 82' lang='lat' dir='ltr'><em>effe,</em></span> <span class='ocrx_word' id='word_1_853' title='bbox 1994 2830 2053 2875; x_wconf 88' lang='lat' dir='ltr'><em>sed</em></span> <span class='ocrx_word' id='word_1_854' title='bbox 2071 2836 2144 2873; x_wconf 75' lang='lat' dir='ltr'><em>quia</em></span> 
     </span>
    </p>
   </div>
   <div class='ocr_carea' id='block_1_29' title="bbox 1260 2879 2145 3030">
    <p class='ocr_par' dir='ltr' id='par_1_30' title="bbox 1260 2879 2145 3030">
     <span class='ocr_line' id='line_1_122' title="bbox 1262 2879 2143 2929; baseline -0.012 -7"><span class='ocrx_word' id='word_1_855' title='bbox 1262 2889 1362 2929; x_wconf 86' lang='lat' dir='ltr'><em>nostris</em></span> <span class='ocrx_word' id='word_1_856' title='bbox 1374 2887 1551 2929; x_wconf 75' lang='lat' dir='ltr'><em>temporibus</em></span> <span class='ocrx_word' id='word_1_857' title='bbox 1565 2887 1600 2918; x_wconf 86' lang='lat' dir='ltr'><em>id</em></span> <span class='ocrx_word' id='word_1_858' title='bbox 1611 2884 1761 2919; x_wconf 87' lang='lat' dir='ltr'><em>Monacbis</em></span> <span class='ocrx_word' id='word_1_859' title='bbox 1771 2881 1943 2928; x_wconf 82' lang='lat' dir='ltr'><em>persuaderi</em></span> <span class='ocrx_word' id='word_1_860' title='bbox 1965 2893 2022 2915; x_wconf 89' lang='lat' dir='ltr'><em>non</em></span> <span class='ocrx_word' id='word_1_861' title='bbox 2028 2879 2120 2922; x_wconf 83' lang='lat' dir='ltr'><em>potest</em></span> <span class='ocrx_word' id='word_1_862' title='bbox 2131 2904 2143 2919; x_wconf 92' lang='lat'><em>,</em></span> 
     </span>
     <span class='ocr_line' id='line_1_123' title="bbox 1260 2928 2145 2983; baseline -0.01 -12"><span class='ocrx_word' id='word_1_863' title='bbox 1260 2938 1364 2983; x_wconf 83' lang='lat' dir='ltr'><em>saltem</em></span> <span class='ocrx_word' id='word_1_864' title='bbox 1373 2939 1423 2971; x_wconf 84' lang='lat' dir='ltr'><em>vel</em></span> <span class='ocrx_word' id='word_1_865' title='bbox 1431 2937 1484 2971; x_wconf 88' lang='lat' dir='ltr'><em>hoc</em></span> <span class='ocrx_word' id='word_1_866' title='bbox 1493 2935 1709 2980; x_wconf 85' lang='lat' dir='ltr'><em>consentiamus</em></span> <span class='ocrx_word' id='word_1_867' title='bbox 1721 2960 1731 2976; x_wconf 92' lang='lat'><em>,</em></span> <span class='ocrx_word' id='word_1_868' title='bbox 1756 2945 1791 2969; x_wconf 87' lang='lat' dir='ltr'><em>ut</em></span> <span class='ocrx_word' id='word_1_869' title='bbox 1802 2946 1860 2968; x_wconf 89' lang='lat' dir='ltr'><em>non</em></span> <span class='ocrx_word' id='word_1_870' title='bbox 1872 2932 1961 2976; x_wconf 89' lang='lat' dir='ltr'><em>usque</em></span> <span class='ocrx_word' id='word_1_871' title='bbox 1971 2932 2016 2964; x_wconf 89' lang='lat' dir='ltr'><em>ad</em></span> <span class='ocrx_word' id='word_1_872' title='bbox 2018 2928 2145 2973; x_wconf 81' lang='lat' dir='ltr'><em>satieta-</em></span> 
     </span>
     <span class='ocr_line' id='line_1_124' title="bbox 1264 2979 2144 3030; baseline -0.011 -7"><span class='ocrx_word' id='word_1_873' title='bbox 1264 2998 1323 3023; x_wconf 90' lang='lat' dir='ltr'><em>tem</em></span> <span class='ocrx_word' id='word_1_874' title='bbox 1345 2988 1460 3020; x_wconf 84' lang='lat' dir='ltr'><em>bibatur</em></span> <span class='ocrx_word' id='word_1_875' title='bbox 1469 3012 1479 3028; x_wconf 96' lang='lat'><em>,</em></span> <span class='ocrx_word' id='word_1_876' title='bbox 1502 2986 1561 3030; x_wconf 85' lang='lat' dir='ltr'><em>sed</em></span> <span class='ocrx_word' id='word_1_877' title='bbox 1578 2988 1717 3029; x_wconf 72' lang='lat' dir='ltr'><em>parcius.</em></span> <span class='ocrx_word' id='word_1_878' title='bbox 1747 2989 1830 3030; x_wconf 77' lang='lat' dir='ltr'><em>,Quia</em></span> <span class='ocrx_word' id='word_1_879' title='bbox 1851 2990 1956 3018; x_wconf 81' lang='lat' dir='ltr'><em>vinum</em></span> <span class='ocrx_word' id='word_1_880' title='bbox 1979 2979 2144 3022; x_wconf 79' lang='lat' dir='ltr'><em>apostatare</em></span> 
     </span>
    </p>
   </div>
   <div class='ocr_carea' id='block_1_30' title="bbox 325 3030 2147 3093">
    <p class='ocr_par' dir='ltr' id='par_1_31' title="bbox 325 3030 2147 3093">
     <span class='ocr_line' id='line_1_125' title="bbox 325 3030 2147 3093; baseline -0.016 -2"><span class='ocrx_word' id='word_1_881' title='bbox 325 3058 458 3091; x_wconf 73' lang='lat' dir='ltr'><em>venitad</em></span> <span class='ocrx_word' id='word_1_882' title='bbox 469 3067 520 3088; x_wconf 87' lang='lat' dir='ltr'><em>nos</em></span> <span class='ocrx_word' id='word_1_883' title='bbox 536 3078 546 3093; x_wconf 94' lang='lat'><em>,</em></span> <span class='ocrx_word' id='word_1_884' title='bbox 569 3055 637 3085; x_wconf 86' lang='lat' dir='ltr'><em>vini</em></span> <span class='ocrx_word' id='word_1_885' title='bbox 657 3047 862 3087; x_wconf 78' lang='lat' dir='ltr'><em>abstinentiam</em></span> <span class='ocrx_word' id='word_1_886' title='bbox 881 3041 1019 3085; x_wconf 84' lang='lat' dir='ltr'><em>solvere?</em></span> <span class='ocrx_word' id='word_1_887' title='bbox 1039 3039 1202 3085; x_wconf 82' lang='lat' dir='ltr'><em>Respondit</em></span> <span class='ocrx_word' id='word_1_888' title='bbox 1259 3041 1338 3084; x_wconf 82' lang='lat' dir='ltr'><em>facit</em></span> <span class='ocrx_word' id='word_1_889' title='bbox 1347 3045 1439 3072; x_wconf 85' lang='lat' dir='ltr'><em>etiam</em></span> <span class='ocrx_word' id='word_1_890' title='bbox 1454 3036 1607 3081; x_wconf 85' lang='lat' dir='ltr'><em>sapientes</em></span> <span class='ocrx_word' id='word_1_891' title='bbox 1620 3062 1627 3069; x_wconf 94' lang='lat'><strong><em>.</em></strong></span> <span class='ocrx_word' id='word_1_892' title='bbox 1657 3038 1709 3070; x_wconf 85' lang='lat' dir='ltr'><em>Ex</em></span> <span class='ocrx_word' id='word_1_893' title='bbox 1729 3047 1780 3070; x_wconf 89' lang='lat' dir='ltr'><em>tot</em></span> <span class='ocrx_word' id='word_1_894' title='bbox 1802 3034 1878 3070; x_wconf 76' lang='lat' dir='ltr'><em>ante</em></span> <span class='ocrx_word' id='word_1_895' title='bbox 1897 3033 1999 3075; x_wconf 88' lang='lat' dir='ltr'><em>ipsum</em></span> <span class='ocrx_word' id='word_1_896' title='bbox 2024 3030 2057 3063; x_wconf 92' lang='lat' dir='ltr'><em>in</em></span> <span class='ocrx_word' id='word_1_897' title='bbox 2081 3031 2147 3063; x_wconf 89' lang='lat' dir='ltr'><em>Oc·</em></span> 
     </span>
    </p>
   </div>
   <div class='ocr_carea' id='block_1_31' title="bbox 329 3093 1201 3143">
    <p class='ocr_par' dir='ltr' id='par_1_32' title="bbox 329 3093 1201 3143">
     <span class='ocr_line' id='line_1_126' title="bbox 329 3093 1201 3143; baseline -0.017 -3"><span class='ocrx_word' id='word_1_898' title='bbox 329 3108 409 3140; x_wconf 83' lang='lat' dir='ltr'><em>nobis</em></span> <span class='ocrx_word' id='word_1_899' title='bbox 423 3109 521 3138; x_wconf 75' lang='lat' dir='ltr'><em>Senior</em></span> <span class='ocrx_word' id='word_1_900' title='bbox 536 3128 546 3143; x_wconf 86' lang='lat'>‚</span> <span class='ocrx_word' id='word_1_901' title='bbox 559 3104 593 3136; x_wconf 58' lang='grc' dir='ltr'><em>(Ὺ</em></span> <span class='ocrx_word' id='word_1_902' title='bbox 605 3106 649 3133; x_wconf 84' lang='lat' dir='ltr'><em>ait</em></span> <span class='ocrx_word' id='word_1_903' title='bbox 662 3111 668 3131; x_wconf 92' lang='lat'>:</span> <span class='ocrx_word' id='word_1_904' title='bbox 689 3102 777 3130; x_wconf 83' lang='lat' dir='ltr'><em>Non.</em></span> <span class='ocrx_word' id='word_1_905' title='bbox 804 3096 858 3134; x_wconf 72' lang='lat' dir='ltr'><em>ajo</em></span> <span class='ocrx_word' id='word_1_906' title='bbox 869 3103 965 3125; x_wconf 86' lang='lat' dir='ltr'><em>autem</em></span> <span class='ocrx_word' id='word_1_907' title='bbox 977 3093 1021 3125; x_wconf 87' lang='lat' dir='ltr'><em>ad</em></span> <span class='ocrx_word' id='word_1_908' title='bbox 1039 3104 1105 3126; x_wconf 90' lang='lat' dir='ltr'><em>eum</em></span> <span class='ocrx_word' id='word_1_909' title='bbox 1119 3105 1130 3126; x_wconf 94' lang='grc'><em>.·</em></span> <span class='ocrx_word' id='word_1_910' title='bbox 1156 3095 1201 3126; x_wconf 86' lang='lat' dir='ltr'><em>Et</em></span> 
     </span>
    </p>
   </div>
   <div class='ocr_carea' id='block_1_32' title="bbox 1264 3080 2352 3133">
    <p class='ocr_par' dir='ltr' id='par_1_33' title="bbox 1264 3080 2352 3133">
     <span class='ocr_line' id='line_1_127' title="bbox 1264 3080 2352 3133; baseline -0.012 -9"><span class='ocrx_word' id='word_1_911' title='bbox 1264 3089 1391 3124; x_wconf 87' lang='lat' dir='ltr'><em>cidente</em></span> <span class='ocrx_word' id='word_1_912' title='bbox 1410 3086 1659 3122; x_wconf 86' lang='lat' dir='ltr'><em>Monachorum</em></span> <span class='ocrx_word' id='word_1_913' title='bbox 1681 3082 1938 3130; x_wconf 84' lang='lat' dir='ltr'><em>Legislatoribus</em></span> <span class='ocrx_word' id='word_1_914' title='bbox 1959 3081 2079 3124; x_wconf 84' lang='lat' dir='ltr'><em>primus</em></span> <span class='ocrx_word' id='word_1_915' title='bbox 2103 3080 2149 3113; x_wconf 90' lang='lat' dir='ltr'><em>vi·</em></span> <span class='ocrx_word' id='word_1_916' title='bbox 2163 3095 2238 3133; x_wconf 58' lang='lat' dir='ltr'><em>Cap,</em></span> <span class='ocrx_word' id='word_1_917' title='bbox 2252 3104 2298 3132; x_wconf 82' lang='lat'><em>39·</em></span> <span class='ocrx_word' id='word_1_918' title='bbox 2348 3130 2352 3131; x_wconf 21' lang='lat'><em>⁷</em></span> 
     </span>
    </p>
   </div>
   <div class='ocr_carea' id='block_1_33' title="bbox 333 3131 2150 3388">
    <p class='ocr_par' dir='ltr' id='par_1_34' title="bbox 333 3131 2150 3388">
     <span class='ocr_line' id='line_1_128' title="bbox 1267 3131 2150 3174; baseline -0.015 0"><span class='ocrx_word' id='word_1_919' title='bbox 1267 3138 1487 3174; x_wconf 83' lang='lat' dir='ltr'><em>numindulfir</em></span> <span class='ocrx_word' id='word_1_920' title='bbox 1499 3163 1506 3169; x_wconf 89' lang='lat'><strong>.</strong></span> <span class='ocrx_word' id='word_1_921' title='bbox 1532 3137 1587 3171; x_wconf 90' lang='lat' dir='ltr'><em>Ab</em></span> <span class='ocrx_word' id='word_1_922' title='bbox 1600 3137 1697 3172; x_wconf 90' lang='lat' dir='ltr'><em>initio</em></span> <span class='ocrx_word' id='word_1_923' title='bbox 1719 3147 1785 3169; x_wconf 90' lang='lat' dir='ltr'><em>non</em></span> <span class='ocrx_word' id='word_1_924' title='bbox 1809 3134 1853 3167; x_wconf 89' lang='lat' dir='ltr'><em>ita</em></span> <span class='ocrx_word' id='word_1_925' title='bbox 1878 3131 1998 3164; x_wconf 81' lang='lat' dir='ltr'><em>fuerat:</em></span> <span class='ocrx_word' id='word_1_926' title='bbox 2031 3131 2150 3163; x_wconf 87' lang='lat' dir='ltr'><em>Mona·</em></span> 
     </span>
     <span class='ocr_line' id='line_1_129' title="bbox 1265 3180 2148 3225; baseline -0.015 -1"><span class='ocrx_word' id='word_1_927' title='bbox 1265 3189 1367 3224; x_wconf 86' lang='lat' dir='ltr'><em>chalis</em></span> <span class='ocrx_word' id='word_1_928' title='bbox 1379 3200 1459 3224; x_wconf 90' lang='lat' dir='ltr'><em>tunc</em></span> <span class='ocrx_word' id='word_1_929' title='bbox 1470 3187 1578 3222; x_wconf 87' lang='lat' dir='ltr'><em>cordis</em></span> <span class='ocrx_word' id='word_1_930' title='bbox 1588 3187 1705 3221; x_wconf 86' lang='lat' dir='ltr'><em>duritia</em></span> <span class='ocrx_word' id='word_1_931' title='bbox 1718 3185 1810 3219; x_wconf 87' lang='lat' dir='ltr'><em>istam</em></span> <span class='ocrx_word' id='word_1_932' title='bbox 1831 3180 2072 3225; x_wconf 86' lang='lat' dir='ltr'><em>indulgentiam</em></span> <span class='ocrx_word' id='word_1_933' title='bbox 2094 3191 2148 3213; x_wconf 85' lang='lat' dir='ltr'><em>ex-</em></span> 
     </span>
     <span class='ocr_line' id='line_1_130' title="bbox 1267 3232 2148 3283; baseline -0.016 -9"><span class='ocrx_word' id='word_1_934' title='bbox 1267 3241 1357 3274; x_wconf 83' lang='lat' dir='ltr'><em>torfit</em></span> <span class='ocrx_word' id='word_1_935' title='bbox 1367 3265 1374 3272; x_wconf 88' lang='lat'>.</span> <span class='ocrx_word' id='word_1_936' title='bbox 1403 3239 1446 3273; x_wconf 88' lang='lat' dir='ltr'><em>Et</em></span> <span class='ocrx_word' id='word_1_937' title='bbox 1455 3238 1559 3283; x_wconf 87' lang='lat' dir='ltr'><em>pergit</em></span> <span class='ocrx_word' id='word_1_938' title='bbox 1570 3237 1678 3282; x_wconf 87' lang='lat' dir='ltr'><em>regula</em></span> <span class='ocrx_word' id='word_1_939' title='bbox 1688 3234 1728 3269; x_wconf 88' lang='lat' dir='ltr'><em>de</em></span> <span class='ocrx_word' id='word_1_940' title='bbox 1739 3235 1791 3267; x_wconf 90' lang='lat' dir='ltr'><em>esu</em></span> <span class='ocrx_word' id='word_1_941' title='bbox 1806 3232 1951 3267; x_wconf 85' lang='lat' dir='ltr'><em>carnium</em></span> <span class='ocrx_word' id='word_1_942' title='bbox 1964 3245 1974 3265; x_wconf 88' lang='lat'><em>.·</em></span> <span class='ocrx_word' id='word_1_943' title='bbox 2003 3234 2148 3262; x_wconf 82' lang='lat' dir='ltr'><em>Carnium</em></span> 
     </span>
     <span class='ocr_line' id='line_1_131' title="bbox 333 3279 2148 3346; baseline -0.015 -9"><span class='ocrx_word' id='word_1_944' title='bbox 333 3317 369 3339; x_wconf 83' lang='lat' dir='ltr'><em>ac</em></span> <span class='ocrx_word' id='word_1_945' title='bbox 387 3303 479 3346; x_wconf 81' lang='lat' dir='ltr'><em>ligare</em></span> <span class='ocrx_word' id='word_1_946' title='bbox 491 3309 546 3329; x_wconf 86' lang='lat' dir='ltr'><em>non</em></span> <span class='ocrx_word' id='word_1_947' title='bbox 555 3298 674 3339; x_wconf 76' lang='lat' dir='ltr'><em>sufficit.</em></span> <span class='ocrx_word' id='word_1_948' title='bbox 697 3303 782 3329; x_wconf 89' lang='lat' dir='ltr'><em>Nam</em></span> <span class='ocrx_word' id='word_1_949' title='bbox 799 3294 826 3336; x_wconf 86' lang='lat' dir='ltr'><em>fi</em></span> <span class='ocrx_word' id='word_1_950' title='bbox 840 3293 991 3337; x_wconf 87' lang='lat' dir='ltr'><em>solvamus</em></span> <span class='ocrx_word' id='word_1_951' title='bbox 1009 3299 1099 3326; x_wconf 86' lang='lat' dir='ltr'><em>ritum</em></span> <span class='ocrx_word' id='word_1_952' title='bbox 1122 3290 1205 3332; x_wconf 86' lang='lat' dir='ltr'><em>absti·</em></span> <span class='ocrx_word' id='word_1_953' title='bbox 1267 3291 1495 3333; x_wconf 84' lang='lat' dir='ltr'><em>quadrupedum</em></span> <span class='ocrx_word' id='word_1_954' title='bbox 1506 3288 1544 3320; x_wconf 87' lang='lat' dir='ltr'><em>ab</em></span> <span class='ocrx_word' id='word_1_955' title='bbox 1554 3287 1685 3320; x_wconf 86' lang='lat' dir='ltr'><em>omnibus</em></span> <span class='ocrx_word' id='word_1_956' title='bbox 1697 3282 1877 3325; x_wconf 83' lang='lat' dir='ltr'><em>abstineatur</em></span> <span class='ocrx_word' id='word_1_957' title='bbox 1901 3279 2046 3338; x_wconf 49' lang='lat' dir='ltr'><em>comestio,</em></span> <span class='ocrx_word' id='word_1_958' title='bbox 2066 3285 2148 3318; x_wconf 88' lang='lat' dir='ltr'><em>prae-</em></span> 
     </span>
     <span class='ocr_line' id='line_1_132' title="bbox 335 3328 2149 3388; baseline -0.018 1"><span class='ocrx_word' id='word_1_959' title='bbox 335 3358 443 3388; x_wconf 80' lang='lat' dir='ltr'><em>nentiae</em></span> <span class='ocrx_word' id='word_1_960' title='bbox 452 3347 552 3388; x_wconf 80' lang='lat' dir='ltr'><em>noflrae</em></span> <span class='ocrx_word' id='word_1_961' title='bbox 566 3369 575 3385; x_wconf 93' lang='lat'><em>,</em></span> <span class='ocrx_word' id='word_1_962' title='bbox 599 3356 654 3378; x_wconf 84' lang='lat' dir='ltr'><em>non</em></span> <span class='ocrx_word' id='word_1_963' title='bbox 665 3349 790 3386; x_wconf 82' lang='lat' dir='ltr'><em>amplius</em></span> <span class='ocrx_word' id='word_1_964' title='bbox 801 3350 876 3378; x_wconf 84' lang='lat' dir='ltr'><em>vitae</em></span> <span class='ocrx_word' id='word_1_965' title='bbox 890 3343 993 3384; x_wconf 83' lang='lat' dir='ltr'><em>nostrae</em></span> <span class='ocrx_word' id='word_1_966' title='bbox 1003 3341 1145 3387; x_wconf 83' lang='lat' dir='ltr'><em>religiosae</em></span> <span class='ocrx_word' id='word_1_967' title='bbox 1156 3353 1205 3375; x_wconf 85' lang='lat' dir='ltr'><em>au·</em></span> <span class='ocrx_word' id='word_1_968' title='bbox 1268 3351 1313 3375; x_wconf 84' lang='lat' dir='ltr'><em>ter</em></span> <span class='ocrx_word' id='word_1_969' title='bbox 1324 3343 1439 3374; x_wconf 75' lang='lat' dir='ltr'><em>omnino</em></span> <span class='ocrx_word' id='word_1_970' title='bbox 1463 3339 1570 3372; x_wconf 84' lang='lat' dir='ltr'><em>debiles</em></span> <span class='ocrx_word' id='word_1_971' title='bbox 1581 3339 1615 3371; x_wconf 70' lang='grc' dir='ltr'><em>ό*</em></span> <span class='ocrx_word' id='word_1_972' title='bbox 1625 3344 1747 3380; x_wconf 83' lang='lat' dir='ltr'><em>aegrotos</em></span> <span class='ocrx_word' id='word_1_973' title='bbox 1757 3359 1764 3366; x_wconf 94' lang='lat'><strong>.</strong></span> <span class='ocrx_word' id='word_1_974' title='bbox 1792 3333 1962 3368; x_wconf 88' lang='lat' dir='ltr'><em>Consonat</em></span> <span class='ocrx_word' id='word_1_975' title='bbox 1975 3341 2009 3363; x_wconf 80' lang='lat' dir='ltr'><em>in</em></span> <span class='ocrx_word' id='word_1_976' title='bbox 2031 3328 2083 3360; x_wconf 88' lang='lat' dir='ltr'><em>sua</em></span> <span class='ocrx_word' id='word_1_977' title='bbox 2104 3336 2149 3358; x_wconf 89' lang='lat' dir='ltr'><em>re-</em></span> 
     </span>
    </p>
   </div>
   <div class='ocr_carea' id='block_1_34' title="bbox 322 3377 2146 3459">
    <p class='ocr_par' dir='ltr' id='par_1_35' title="bbox 322 3377 2146 3459">
     <span class='ocr_line' id='line_1_133' title="bbox 322 3377 2146 3459; baseline -0.016 -18"><span class='ocrx_word' id='word_1_978' title='bbox 322 3401 674 3447; x_wconf 63' lang='lat' dir='ltr'><em>fieritatemretinemus.</em></span> <span class='ocrx_word' id='word_1_979' title='bbox 700 3394 762 3427; x_wconf 82' lang='lat' dir='ltr'><em>Ista</em></span> <span class='ocrx_word' id='word_1_980' title='bbox 784 3405 854 3429; x_wconf 87' lang='lat' dir='ltr'><em>non</em></span> <span class='ocrx_word' id='word_1_981' title='bbox 873 3393 1107 3430; x_wconf 78' lang='lat' dir='ltr'><em>tantummodo</em></span> <span class='ocrx_word' id='word_1_982' title='bbox 1129 3403 1212 3438; x_wconf 89' lang='lat' dir='ltr'><em>quo·</em></span> <span class='ocrx_word' id='word_1_983' title='bbox 1271 3391 1347 3436; x_wconf 85' lang='lat' dir='ltr'><em>gula</em></span> <span class='ocrx_word' id='word_1_984' title='bbox 1375 3393 1404 3427; x_wconf 82' lang='lat' dir='ltr'><em>S.</em></span> <span class='ocrx_word' id='word_1_985' title='bbox 1433 3389 1585 3425; x_wconf 83' lang='lat' dir='ltr'><em>Caesatius</em></span> <span class='ocrx_word' id='word_1_986' title='bbox 1623 3383 1820 3422; x_wconf 76' lang='lat' dir='ltr'><em>Arelatensis</em></span> <span class='ocrx_word' id='word_1_987' title='bbox 1856 3377 2146 3459; x_wconf 47' lang='lat' dir='ltr'><em>Archiepipslc‘plpsus:</em></span> 
     </span>
    </p>
   </div>
   <div class='ocr_carea' id='block_1_35' title="bbox 288 3141 1204 3298">
    <p class='ocr_par' dir='ltr' id='par_1_36' title="bbox 288 3141 1204 3298">
     <span class='ocr_line' id='line_1_134' title="bbox 331 3141 1202 3201; baseline -0.017 -13"><span class='ocrx_word' id='word_1_988' title='bbox 331 3158 467 3201; x_wconf 85' lang='lat' dir='ltr'><em>quomodo</em></span> <span class='ocrx_word' id='word_1_989' title='bbox 478 3158 590 3195; x_wconf 85' lang='lat' dir='ltr'><em>antiqui</em></span> <span class='ocrx_word' id='word_1_990' title='bbox 604 3153 712 3184; x_wconf 84' lang='lat' dir='ltr'><em>Patres</em></span> <span class='ocrx_word' id='word_1_991' title='bbox 719 3144 877 3190; x_wconf 86' lang='lat' dir='ltr'><em>solvebant</em></span> <span class='ocrx_word' id='word_1_992' title='bbox 888 3144 904 3175; x_wconf 70' lang='grc' dir='ltr'><em>ἓ</em></span> <span class='ocrx_word' id='word_1_993' title='bbox 915 3141 1077 3185; x_wconf 85' lang='lat' dir='ltr'><em>Respondit</em></span> <span class='ocrx_word' id='word_1_994' title='bbox 1088 3146 1106 3175; x_wconf 89' lang='lat'><em>5</em></span> <span class='ocrx_word' id='word_1_995' title='bbox 1108 3154 1182 3175; x_wconf 82' lang='lat' dir='ltr'><em>enex</em></span> <span class='ocrx_word' id='word_1_996' title='bbox 1196 3154 1202 3173; x_wconf 90' lang='lat'><strong>:</strong></span> 
     </span>
     <span class='ocr_line' id='line_1_135' title="bbox 318 3191 1201 3245; baseline -0.015 -9"><span class='ocrx_word' id='word_1_997' title='bbox 318 3209 453 3245; x_wconf 53' lang='lat' dir='ltr'><em>&#39;Antiqui</em></span> <span class='ocrx_word' id='word_1_998' title='bbox 465 3207 571 3235; x_wconf 83' lang='lat' dir='ltr'><em>Patres</em></span> <span class='ocrx_word' id='word_1_999' title='bbox 585 3226 595 3241; x_wconf 90' lang='lat'><em>,</em></span> <span class='ocrx_word' id='word_1_1000' title='bbox 606 3210 637 3233; x_wconf 90' lang='lat' dir='ltr'><em>ut</em></span> <span class='ocrx_word' id='word_1_1001' title='bbox 650 3203 748 3242; x_wconf 83' lang='lat' dir='ltr'><em>magni</em></span> <span class='ocrx_word' id='word_1_1002' title='bbox 766 3198 798 3229; x_wconf 62' lang='lat' dir='ltr'><em>(a</em></span> <span class='ocrx_word' id='word_1_1003' title='bbox 807 3202 940 3237; x_wconf 84' lang='lat' dir='ltr'><em>potentes</em></span> <span class='ocrx_word' id='word_1_1004' title='bbox 952 3216 962 3232; x_wconf 90' lang='lat'>‚</span> <span class='ocrx_word' id='word_1_1005' title='bbox 979 3195 1012 3227; x_wconf 71' lang='lat'><em>&amp;¹</em></span> <span class='ocrx_word' id='word_1_1006' title='bbox 1030 3191 1145 3236; x_wconf 84' lang='lat' dir='ltr'><em>solvere</em></span> <span class='ocrx_word' id='word_1_1007' title='bbox 1154 3199 1201 3234; x_wconf 89' lang='lat' dir='ltr'><em>po-</em></span> 
     </span>
     <span class='ocr_line' id='line_1_136' title="bbox 288 3240 1204 3298; baseline -0.017 -7"><span class='ocrx_word' id='word_1_1008' title='bbox 288 3291 293 3298; x_wconf 63' lang='grc'>,</span> <span class='ocrx_word' id='word_1_1009' title='bbox 333 3261 434 3290; x_wconf 72' lang='lat' dir='ltr'><em>terant</em></span> <span class='ocrx_word' id='word_1_1010' title='bbox 446 3276 455 3290; x_wconf 89' lang='lat'>‚</span> <span class='ocrx_word' id='word_1_1011' title='bbox 468 3253 500 3283; x_wconf 61' lang='lat' dir='ltr'><em>(u</em></span> <span class='ocrx_word' id='word_1_1012' title='bbox 511 3258 613 3283; x_wconf 80' lang='lat' dir='ltr'><em>iterum</em></span> <span class='ocrx_word' id='word_1_1013' title='bbox 624 3251 730 3293; x_wconf 65' lang='lat' dir='ltr'><em>ligare,</em></span> <span class='ocrx_word' id='word_1_1014' title='bbox 744 3245 838 3286; x_wconf 85' lang='lat' dir='ltr'><em>nostra</em></span> <span class='ocrx_word' id='word_1_1015' title='bbox 848 3246 920 3278; x_wconf 71' lang='lat' dir='ltr'><em>vero</em></span> <span class='ocrx_word' id='word_1_1016' title='bbox 925 3249 1081 3286; x_wconf 85' lang='lat' dir='ltr'><em>generatio</em></span> <span class='ocrx_word' id='word_1_1017' title='bbox 1089 3240 1204 3285; x_wconf 86' lang='lat' dir='ltr'><em>solvere</em></span> 
     </span>
    </p>
   </div>
  </div>
 </body>
</html>
