2352 3736
111 742 183 778 (λη’.
197 749 228 773 ¹7
236 759 243 766 .

109 1128 161 1163 Ep.
181 1134 226 1161 53.

395 233 487 293 178
691 229 1022 274 SANc'rl

285 314 370 359 apud
383 314 544 356 Tungros
555 310 637 345 sedis
650 310 813 353 Episcopo
825 331 836 347 ,
862 304 988 339 strenue
998 304 1167 340 adversum

286 363 434 400 Gentiles
448 362 675 396 Nortmannos
685 358 846 401 praeliato,
874 356 909 388 in
934 356 983 389 sui
1003 354 1169 392 Monaste-

286 416 324 449 rii
335 411 508 446 Chronico
521 411 628 445 scribit
643 407 822 441 Folcuinus
845 403 962 440 Abbas
978 405 1148 441 Lobiensis
1159 420 1169 439 :

287 463 352 505 Post
360 462 423 497 baec
434 466 553 499 Franco
562 457 736 501 Episcopus,
746 455 846 498 sciens
859 456 996 492 illicitum
1009 457 1060 499 effe
1073 467 1170 499 quem-

283 520 371 557 piam
378 512 530 556 sangine-is
540 507 677 542 manibus
688 506 797 543 SantVa
808 506 951 546 traHaere,
967 510 1092 539 Romam
1103 512 1170 543 mit-

286 570 325 597 tit
337 567 507 598 Bericonem
523 555 713 600 Leodiensem
721 558 878 597 clericum,
888 558 1100 595 &Teutricum
1113 560 1172 590 Lo-

287 612 410 656 biensem
431 608 630 649 Monachum,
655 619 726 650 quos
751 609 887 643 ordinari
908 607 1072 653 Episcopos
1085 631 1096 646 ,
1121 612 1173 649 qui

285 670 379 697 vicem
388 660 473 703 suam
482 657 656 702 supplerent
668 683 678 698 ‚
692 663 792 691 oravit
807 660 841 691 (5
851 663 992 691 exoravit
1009 682 1016 689 .
1053 657 1172 700 ‚Quibus

276 716 347 754 jam
363 710 460 752 fac‘lis
473 708 628 752 Episcopis
648 708 823 742 parochiam
837 706 926 751 suam
942 707 1171 752 gubernandam

285 760 420 802 commifit
434 785 444 800 ‚
467 758 528 803 ipse
538 760 573 792 de
603 760 715 805 reliquo
731 765 762 791 in
781 766 853 801 pace
873 760 907 797 &¹
925 763 982 791 otio
1003 756 1151 801 consenuit
1162 782 1169 793 ,

283 814 364 845 Non
377 810 527 847 obstante
539 810 584 843 sui
610 810 764 852 temporis
789 809 1027 844 consuetudine
1049 809 1171 851 judica-

282 863 332 895 vit
343 862 373 895 se
387 859 749 907 irregularem,ideoque
760 870 860 896 omne
871 857 1065 895 Pontificale
1078 858 1170 891 mini-

282 911 414 945 sterium
428 913 459 944 in
474 910 559 944 duos
572 910 721 943 laudatos
736 908 890 945 Vicarios
901 907 1045 942 traduxit
1056 932 1067 948 ,
1080 907 1167 942 haud

283 962 380 996 dubie
390 973 431 995 ex
454 961 581 1005 judicio
603 959 737 993 Nicolai
763 959 858 1002 primi
884 958 1082 999 Pontificis,
1110 958 1168 1000 qui

282 1011 404 1046 Carolo
417 1011 522 1045 Calvo
545 1011 746 1047 Francorum
772 1009 881 1053 Regi,
910 1007 1063 1043 scribenti
1092 1008 1171 1051 Epi-

281 1064 397 1105 scopos
406 1063 478 1094 suos
490 1061 570 1093 stare
583 1060 616 1095 in
629 1060 699 1097 acie
722 1057 891 1100 adversum
917 1058 1148 1098 Nortmannos
1160 1081 1170 1098 ‚

280 1111 422 1156 reposuit
437 1121 549 1148 vocem
564 1110 658 1147 issam
669 1109 732 1144 esse
754 1108 944 1143 Christiano
971 1110 1063 1152 Rege
1085 1107 1171 1141 indi-

279 1172 379 1207 gnam
395 1186 405 1201 ,
431 1162 464 1195 &
479 1160 648 1204 adjunxit:
680 1161 772 1203 ,Quod
786 1159 816 1201 fi
827 1158 928 1202 saecult
948 1161 1057 1191 milites
1080 1156 1171 1200 saecu-

281 1214 467 1247 larimilitiae
482 1210 622 1251 student,
650 1214 726 1253 quid
744 1211 786 1241 ad
807 1208 968 1252 Episcopos
988 1211 1022 1242 (u
1059 1210 1170 1241 milites

281 1261 413 1302 Christi,
440 1260 652 1303 nifiutvacent
677 1260 836 1295 orationi?
865 1259 908 1293 Et
929 1259 1106 1292 confirmat
1129 1269 1169 1292 ex

282 1311 463 1355 Apostolo:
491 1315 588 1343 Nemo
598 1311 732 1343 militans
756 1313 816 1342 Deo
837 1309 972 1351 implicat
991 1306 1025 1351 sit
1048 1312 1169 1352 negotiis

277 1360 489 1405 saecularibus.
523 1361 566 1393 Et
581 1359 660 1394 hinc
672 1359 816 1403 regulam
830 1383 840 1399 ,
867 1369 936 1402 quae
945 1367 1101 1392 armatam
1113 1358 1168 1395 rni-

279 1413 388 1446 litiam
400 1411 570 1454 Episcopis
582 1410 616 1447 ὃς
628 1409 766 1443 Clericis
777 1408 944 1445 interdicit
961 1433 971 1453 ,
984 1408 1170 1453 vulgaribus

281 1461 521 1506 Apostolorum
534 1459 731 1493 Canonibus
744 1458 875 1502 antiqui
886 1459 1076 1493 Graecorum
1094 1458 1171 1502 Epi-

282 1511 373 1554 scopi
394 1521 463 1544 non
484 1508 551 1542 fine
575 1507 795 1543 fundamento
820 1509 1021 1543 inseruerunt
1036 1533 1043 1540 .
1085 1509 1170 1556 Qae

281 1561 393 1595 omnia
416 1560 435 1593 a
457 1559 617 1592 Romanae
639 1557 791 1592 Ecclefiae
815 1558 915 1592 Clero
937 1558 1070 1592 edorstus
1096 1559 1170 1595 Leo

281 1622 392 1645 nonus
405 1610 565 1644 Pontifex
576 1609 738 1645 vetustum
750 1608 951 1644 Francorum
975 1608 1009 1641 δε
1032 1607 1171 1641 aliarum

280 1661 428 1699 fidelium
440 1658 590 1705 gentium
614 1669 740 1695 morem
763 1659 930 1704 pessimum
946 1683 957 1698 ,
983 1658 1171 1700 faetumque

210 1717 219 1727 ⁴
280 1712 450 1757 proprium
479 1708 624 1752 praesenti
662 1708 801 1741 canone
835 1706 1030 1742 damnavit.
1067 1706 1170 1753 Qod

281 1761 373 1795 enim
394 1769 481 1792 arma
502 1756 665 1801 portando
691 1757 890 1801 deliquerit,
928 1757 1069 1799 ideoque
1088 1767 1171 1800 opus

280 1810 365 1846 istud
380 1808 435 1843 hic
446 1806 563 1842 merito
575 1808 753 1842 correxerit
765 1831 776 1847 ‚
801 1805 917 1841 diserte
940 1807 1113 1850 profitetur
1135 1805 1169 1839 in

279 1860 398 1895 litteris
407 1858 449 1896 ad
463 1858 657 1894 oldericum
671 1858 860 1891 Firmanum
873 1857 1073 1902 Episcopum
1093 1856 1171 1890 San-

279 1913 347 1945 &us
360 1909 477 1944 Petrus
491 1908 648 1943 Damiani
663 1933 669 1941 .
999 1902 1003 1905 ⁴

330 1959 459 1994 Verum
470 1958 633 1992 medicina
658 1959 720 1991 fuit
746 1958 916 1992 inefficax.
945 1957 1081 1990 Etenim
1103 1967 1170 1989 non

279 2011 387 2045 'solum
404 2010 438 2043 in
454 2008 563 2042 Gallia
576 2017 633 2042 aut
648 2008 828 2042 Germania
840 2032 850 2048 ,
881 2007 931 2040 sed
944 2008 1023 2041 &in
1036 2007 1101 2050 ipsa
1114 2005 1173 2039 Ita—

283 2062 325 2095 lia
338 2061 461 2094 malum
475 2058 722 2102 pertinacissime
734 2057 946 2101 perseveravit
960 2082 967 2089 .
1006 2056 1111 2090 Lucet
1131 2066 1171 2089 ex

284 2113 400 2145 Sancto
413 2110 511 2144 Petro
524 2108 682 2142 Damiani
696 2110 728 2142 in
745 2107 861 2142 litteris
881 2107 923 2141 ad
946 2105 1172 2140 Alexandrum

283 2161 462 2195 secundum
478 2159 678 2193 Pontificem
691 2182 701 2198 ,
727 2159 880 2192 sincrum
894 2156 1053 2193 Bonitum
1065 2154 1107 2190 de
1129 2167 1174 2189 re-

287 2211 442 2245 nuntiato
476 2208 687 2245 Arverneniis
712 2207 859 2241 Ecclefiae
886 2206 1087 2250 Episcopatu
1110 2205 1174 2239 lau-

287 2261 462 2296 dantibus:
491 2258 640 2302 ‚Quidiste
656 2258 797 2299 faceret,
815 2257 846 2299 fi
870 2266 1043 2296 tormenta,
1069 2255 1174 2298 quibus

289 2312 375 2351 nostri
395 2315 564 2344 cruciantur
592 2307 729 2350 Episcopi
754 2332 763 2348 ‚
800 2305 903 2350 &ipse
925 2306 1105 2348 perferret?
1143 2308 1174 2339 51

289 2365 472 2395 Scutatorum
493 2361 527 2392 (τ’
550 2362 764 2392 Lanceatorum
785 2366 892 2391 turmae
923 2356 985 2399 post
1017 2362 1175 2399 equitantis

290 2422 374 2455 terga
384 2409 585 2450 confluerent?
609 2411 641 2442 Si
653 2418 719 2443 eum
740 2418 885 2453 tanquam
909 2408 1040 2444 Gentilis
1059 2407 1176 2441 militiae

292 2466 402 2495 Ducem
423 2467 454 2494 in
461 2458 611 2502 prot-melu
628 2458 751 2501 pofitum
763 2464 873 2491 armati
883 2458 1017 2499 undique
1033 2457 1177 2498 manipuli

291 2512 480 2553 constiparent
495 2509 510 2539 ἒ
537 2513 582 2541 Et
594 2520 680 2550 quem
699 2510 836 2543 decuerat
855 2515 1026 2542 reverenter
1046 2508 1178 2540 incedere

293 2574 353 2596 cum
362 2561 446 2595 choro
472 2558 665 2601 Psallentium
679 2582 689 2599 ‚
718 2561 826 2592 audire
846 2567 993 2601 cogeretur
1021 2556 1089 2589 binc
1109 2557 1180 2591 inde

290 2612 535 2655 perstrepentium
546 2614 677 2641 tinnitus
691 2619 840 2643 armorum
855 2608 871 2639 ?
897 2607 979 2639 Unde
988 2605 1025 2647 fit
1037 2628 1047 2644 ,
1073 2615 1107 2639 ut
1122 2618 1178 2638 mo-

296 2665 333 2695 do
348 2661 516 2703 Pontificem
525 2670 583 2693 non
605 2663 801 2697 comitentur,
828 2666 862 2690 ut
889 2658 1014 2700 dignum
1035 2655 1073 2694 est
1086 2680 1096 2695 ,
1134 2657 1178 2687 di·

295 2713 373 2754 verfi
380 2713 557 2745 Clericorum
567 2708 694 2741 Ordines
706 2732 716 2747 ‚
740 2706 798 2750 sed
807 2705 914 2744 Castra
923 2711 1023 2748 potius
1034 2731 1044 2746 ,
1085 2707 1119 2739 (ν
1130 2717 1177 2740 ar-

296 2770 372 2796 mati
391 2763 458 2794 telis
470 2758 664 2793 vibrantibus
686 2758 854 2792 bellatores.
884 2757 921 2789 ln
945 2756 1016 2790 aliis
1038 2756 1078 2789 ad
1101 2766 1178 2789 eun·

232 2821 239 2828 ·
297 2813 370 2846 dem
392 2810 589 2844 Pontificem
612 2808 725 2842 litteris
757 2808 953 2843 lamentatur
978 2805 1177 2848 Episcopos,

238 2859 247 2871 ’
299 2863 462 2900 Clericos‚
495 2856 731 2894 &Monachos
742 2858 805 2892 effe
816 2856 992 2891 forensibus
1005 2855 1119 2899 litigiis
1140 2867 1176 2887 ac

299 2913 369 2945 aliis
391 2910 539 2945 sordibus
561 2909 674 2951 plenos
689 2931 700 2947 ,
722 2907 857 2950 soloque
877 2905 977 2939 ferme
998 2904 1176 2938 Barbirafio

302 2962 453 2995 discretos
473 2962 490 2992 a
504 2958 725 2998 saecularibus,
751 2958 784 2990 δε
805 2956 1030 2999 prosequitur:
1055 2958 1176 2986 Utinam

304 3012 404 3052 legalis
415 3013 576 3043 dumtaxat
588 3008 677 3042 edi&
697 3007 811 3050 essemus
836 3007 888 3039 lite
912 3010 1058 3038 contenti.
1087 3010 1176 3036 Arma

301 3065 399 3099 potius
412 3082 422 3096 ,
447 3072 531 3091 arma
548 3064 719 3100 corripimus
732 3082 743 3097 ,
771 3056 924 3090 vibrantia
936 3056 1000 3089 telis
1015 3055 1074 3088 tela
1086 3052 1178 3097 conse-

304 3113 399 3139 rimus
414 3131 422 3144 ,
448 3110 479 3140 Cn·
492 3121 547 3140 non
561 3109 648 3141 verbo
658 3134 668 3149 ‚
691 3106 747 3151 sed
749 3107 834 3149 ferro
843 3114 943 3140 contra
955 3104 1041 3144 nostri
1065 3106 1176 3137 ordinis

307 3156 448 3197 Regulam
483 3159 656 3190 dimicamus
684 3182 688 3187 .
730 3157 960 3200 Episcopatum
998 3154 1178 3190 ambientes

161 3242 187 3258 μ
247 3237 254 3247 ‚
308 3205 454 3238 Clericos
480 3206 605 3246 reperiri
633 3207 741 3247 pssffim
769 3220 805 3240 ac
833 3209 897 3239 suis
924 3206 1071 3249 impensis
1097 3203 1177 3238 mili-

140 3450 198 3481 Iil‘*v
225 3462 250 3480 ι.

139 3493 188 3528 Ep.
215 3502 238 3521 1.

310 3265 377 3288 tare
403 3255 434 3286 in
475 3254 594 3287 Castris
633 3256 747 3299 Regiis
783 3258 892 3290 scribit
932 3257 964 3288 in
994 3255 1104 3288 litteris
1128 3253 1177 3287 -ad

310 3302 499 3339 Cardinales
514 3303 710 3344 Epist-opos,
737 3306 906 3341 ostendens
924 3305 1074 3340 militiam
1087 3303 1178 3338 istam

309 3355 372 3389 efle
397 3362 515 3387 munus
541 3349 580 3382 ab
605 3352 783 3393 obsequio,
811 3356 952 3396 ideoque
976 3355 1177 3390 Sir-uoniam.

309 3402 408 3439 Adeo
438 3400 611 3445 permansit
644 3400 760 3433 abusus
793 3403 939 3443 peffimus
958 3427 968 3442 ,
1006 3415 1042 3439 ut
1075 3415 1179 3447 neque

309 3451 516 3487 verer-abilis
540 3447 734 3491 Rudolphus
749 3474 757 3488 ‚
783 3462 822 3482 cx
847 3453 1044 3487 Sanctiffimo
1065 3454 1180 3487 Mona-

307 3503 371 3538 cho
386 3503 520 3537 sanctior
534 3499 719 3543 Eugubinae
741 3499 911 3533 Cathedrae
936 3502 1136 3544 Episcopus,
1163 3505 1179 3536 ἐι

1094 224 1424 270 [εοΝιε

1488 219 1733 271 ‘Noui

1227 306 1389 351 sequendo
1400 305 1543 343 exercitu
1556 305 1653 340 fuerit
1676 307 1831 343 immunis
1846 335 1854 343 .
1882 308 1927 344 Et
1953 307 2021 344 haec
2042 308 2104 343 suit

1229 358 1394 402 praecipua.
1411 356 1495 392 ratio
1507 381 1517 398 ‚
1543 367 1583 390 ex
1596 367 1659 400 qua
1674 357 1860 395 Ostiensem
1868 357 2103 403 Episcopatum

1227 407 1376 444 laudatus
1387 407 1502 444 Petrus
1511 405 1662 450 deposuit
1677 431 1688 447 ,
1712 406 1870 452 rediitque
1879 409 1919 445 ad
1929 409 2045 444 e'ellam
2057 434 2066 442 .

1277 458 1437 501 Iniquitas
1451 456 1508 491 ista
1522 457 1605 492 olim
1626 468 1695 491 non
1716 457 1780 491 fuit
1800 457 1835 495 in
1860 459 2000 503 Anglia.
2029 459 2103 492 Ete-

1230 508 1301 541 nim
1311 508 1352 541 de
1369 508 1439 541 Ean
1453 508 1628 545 Scotorum
1640 507 1735 553 Rege
1748 508 1782 544 in
1797 507 2000 543 Edilfredum
2016 510 2102 544 Can-

1229 558 1410 595 tuariorum
1422 557 1550 603 Regem
1561 566 1731 603 pugnante
1742 581 1755 598 ,
1781 558 1973 603 penitusque
1981 557 2102 594 caeso&

1229 608 1375 646 extincto
1385 630 1396 647 ,
1434 607 1544 645 scribit
1566 607 1752 653 Sigebertus
1774 606 2011 644 Gemblacensss
2022 631 2030 640 .
2065 611 2103 641 In

1231 657 1385 695 Monacbos
1407 669 1520 701 quoque
1541 660 1687 692 scotorum
1705 664 1754 691 ira
1776 662 1832 691 Dei
1849 657 2018 703 saeviente,
2051 663 2104 705 qui

1229 720 1293 742 cum
1313 713 1393 753 Rege
1412 707 1464 751 suo
1484 710 1530 741 ad
1548 708 1656 746 bellum
1679 707 1731 743 boc
1751 720 1790 742 ex
1801 720 1878 744 more
1887 718 2046 747 exeuntes,
2070 716 2105 741 ut

1231 763 1308 803 Rege
1318 765 1412 794 armis
1420 767 1576 802 pugnante
1588 783 1599 799 ,
1626 757 1683 803 ipfi
1693 760 1805 794 orando
1811 767 1867 800 pro
1876 770 1907 795 eo
1913 767 2083 801 pugnarent
2092 783 2104 800 ‚

1229 816 1375 852 perempti
1381 807 1456 852 sunt
1467 809 1507 842 ab
1517 810 1621 852 Anglis
1630 808 1710 842 mille
1721 809 1857 849 ducenti,
1883 818 2002 849 tantum
2020 813 2104 852 quin·
2121 806 2156 838 Α·
2187 808 2253 835 60²·-

1231 866 1376 903 quaginta
1386 859 1555 903 perfugam
1565 858 1668 901 elapsis
1678 883 1685 890 .
1712 858 1843 893 Morem
1858 883 1869 900 ‚
1879 870 1945 902 quo
1959 859 2034 892 solis
2046 871 2104 902 pro
2121 849 2186 879 ⁶¹⁵·
2215 858 2218 861 ’

1231 909 1326 954 Rege
1337 911 1395 944 suo
1405 909 1611 944 orationibus
1622 910 1657 942 in
1669 921 1786 952 campo
1800 910 1963 952 praesentes
1981 920 2106 954 pugna-

1232 958 1311 994 bant
1321 961 1498 995 Scotorum
1510 958 1672 994 Monachi
1686 983 1698 1000 ‚
1723 960 1817 993 fuiffe
1828 960 1873 995 ait
1884 960 1902 994 a
1914 961 1991 994 Deo
2011 959 2110 1002 puni-⁷

1233 1020 1302 1043 tum
1326 1021 1382 1053 per
1404 1008 1537 1055 Anglos
1558 1033 1569 1052 ‚
1604 1009 1749 1054 adeoque
1775 1009 1894 1045 horum
1915 1008 2112 1047 Monachos·

1234 1060 1386 1102 supponit
1395 1060 1495 1094 etiam
1507 1058 1625 1095 abhoc
1645 1059 1686 1095 ad
1704 1059 1825 1098 bellum
1845 1060 1990 1107 processu
2012 1059 2107 1096 fuisse

1234 1107 1392 1143 mundos.
1421 1108 1464 1142 Et
1475 1109 1517 1142 de
1529 1108 1712 1142 Guilielmo
1723 1109 1854 1154 Angliae
1873 1110 2106 1153 Conquaestore

1234 1159 1343 1192 scribit
1375 1156 1551 1192 Matthaeus
1583 1157 1784 1191 Parifienfis:
1817 1162 1882 1194 Rex
1902 1159 2082 1193 Wubelmus
2095 1184 2106 1201 ,
2325 1184 2329 1188 ,

1229 1208 1360 1253 pessimo
1374 1207 1441 1252 usus
1454 1207 1579 1250 consuto,
1607 1206 1807 1250 ..Episcopatus
1833 1210 1868 1242 δ’
1887 1208 2032 1244 Abbi-tras
2051 1220 2109 1244 om-
2126 1194 2160 1224 A·
2181 1200 2265 1226 ¹⁹⁷⁰·

1233 1271 1284 1292 nes
1303 1283 1314 1299 ,
1339 1271 1406 1301 quae
1420 1261 1571 1293 Bar-onias
1583 1257 1743 1298 tenebant,
1773 1259 1808 1291 ό·
1827 1266 1950 1292 eatenus
1970 1257 2010 1291 ab
2031 1263 2111 1291 omni

1230 1309 1377 1353 servitute
1384 1307 1521 1353 saeculari
1529 1308 1699 1342 libertatem
1709 1307 1876 1350 habuerant
1888 1333 1898 1352 ,
1919 1307 1975 1352 sub
1980 1306 2111 1352 servitu-

1234 1359 1376 1398 testatuit
1389 1359 1534 1400 militari,
1561 1358 1726 1391 inrotulans
1748 1369 1847 1392 omnes
1869 1357 2110 1402 Episcopatus&

1238 1409 1380 1442 Abbatias
1388 1418 1447 1451 pro
1460 1410 1613 1447 voluntate
1621 1407 1680 1455 sua
1696 1433 1707 1449 ‚
1734 1417 1803 1450 quot
1813 1409 1920 1441 milites
1926 1407 2025 1451 fibi&
2045 1409 2111 1441 Suc-

1233 1459 1376 1502 cefforibus
1383 1457 1452 1502 sats
1462 1482 1473 1499 ,
1501 1458 1668 1499 hostilitatis
1681 1467 1812 1501 tempore
1824 1483 1835 1499 ,
1862 1459 1956 1494 voluit
1967 1457 2113 1505 &singulis

1232 1509 1365 1546 exhiberi
1390 1534 1397 1541 .
1425 1512 1471 1542 Et
1490 1510 1596 1542 rotulos
1620 1508 1711 1549 hujus
1731 1508 1935 1550 Ecclefiassicae
1952 1507 2113 1551 servitutis

1228 1567 1344 1602 ponens
1365 1566 1397 1591 in
1418 1557 1565 1603 thesauris
1585 1583 1594 1597 ‚
1630 1560 1735 1590 multos
1770 1564 1851 1592 viror
1881 1556 2086 1599 Ecclesiasticus
2100 1581 2112 1597 ,

1234 1608 1297 1642 huic
1308 1608 1501 1649 constitutioni
1510 1609 1633 1650 peffimae
1646 1609 1823 1642 reluffantes
1835 1607 2092 1652 &Regnosugavic
2103 1631 2112 1639 .

1235 1660 1344 1692 Hosce
1365 1660 1450 1693 inter
1471 1660 1603 1695 fuerunt
1637 1658 1812 1702 Stigandus
1836 1654 2114 1704 Archiepiscopue

1235 1708 1473 1743 Cantuarienlis
1486 1731 1496 1747 ,
1517 1709 1551 1741 δε
1576 1707 1762 1743 Alexander
1783 1708 1963 1751 Episcopus
1981 1707 2115 1741 Lineol·

1235 1758 1350 1791 niensis
1362 1781 1369 1788 .
1397 1757 1602 1801 Egelduinus
1622 1758 1850 1793 Dunelmenfis
1862 1758 2040 1800 Episcopus
2051 1757 2114 1790 Re-

1234 1818 1310 1851 gem
1341 1807 1642 1843 excommunicavit
1669 1831 1676 1840 .
1714 1807 1924 1844 Ecclesiarum
1956 1806 2114 1842 Bai-oniae

1236 1857 1322 1905 Regi
1346 1855 1386 1895 ad
1405 1866 1528 1893 certum
1552 1857 1678 1894 militiae
1699 1868 1870 1891 numerum
1903 1854 2116 1900 praestandum

1235 1907 1397 1951 obligari,
1424 1906 1683 1950 variaequeissius
1711 1906 1926 1950 obligationis
1945 1905 2118 1950 catalogos

1235 1958 1267 1990 in
1283 1957 1387 2001 Regia
1403 1956 1545 1990 Archiva
1558 1956 1667 1990 referri
1681 1956 1804 1990 viderat
1819 1955 2017 1989 Guilielrnus
2029 1954 2118 1998 apud

1236 2007 1371 2047 Gallos,
1399 2006 1539 2050 aliasque
1550 2005 1715 2049 natione53
1749 2007 1933 2050 praesentem
1945 2006 2024 2038 item
2037 2004 2117 2038 Leo·

1237 2056 1461 2090 nisCanonem
1475 2066 1567 2093 notat
1581 2066 1758 2100 paucorum
1774 2055 1919 2092 moribus
1933 2063 2115 2098 receptum:

2120 382 2179 414 Lib·
2202 393 2223 413 r.

2119 426 2170 464 Ep.
2196 431 2238 456 19·

1237 2107 1329 2143 Hinc
1341 2107 1488 2150 acquisiti
1513 2106 1623 2151 Regni
1647 2106 1856 2143 Ecclesiis&
1881 2105 2032 2139 Abbatiis
2059 2116 2119 2138 no-

1236 2167 1311 2190 vum
1325 2156 1410 2193 istud
1421 2167 1506 2190 onus
1520 2156 1674 2199 imposuit
1689 2180 1706 2191 ,-
1726 2155 1910 2192 Addidit&
1923 2153 2012 2189 aliud
2032 2155 2054 2189 ὲ
2070 2154 2119 2189 Si-

1236 2216 1354 2240 meone
1366 2206 1580 2242 Dunelmenfi
1595 2216 1813 2240 memoratum
1825 2219 1839 2239 .·¹
1862 2205 2037 2241 Guilielmas
2049 2207 2119 2237 Rex

1238 2257 1403 2294 niandavit
1418 2281 1428 2297 ,
1456 2265 1489 2291 ut
1518 2253 1753 2298 archiepiscopi,
1791 2254 1955 2298 Episcopi,
1986 2253 2119 2289 abbates

1237 2318 1302 2341 cum
1311 2304 1377 2351 suis
1389 2306 1533 2342 militibus
1556 2309 1605 2340 die
1629 2306 1832 2339 Calendarum
1857 2303 2049 2350 Augustarum
2062 2302 2120 2346 fibl

1238 2366 1416 2391 occurrerent
1431 2357 1614 2392 saresberiae
1630 2381 1636 2387 .
1664 2358 1803 2399 ,Quocum
1815 2358 1955 2399 venissent
1968 2379 1978 2395 ‚
2007 2356 2119 2388 munes

1239 2409 1356 2440 illorum
1361 2407 1416 2449 fibi
1421 2406 1600 2449 fidelitatem
1621 2416 1722 2440 contra
1747 2417 1845 2439 omnes
1865 2405 1995 2440 homines
2010 2407 2118 2446 jurare

1240 2463 1345 2502 coegit.
1374 2458 1590 2492 Ecclefiarum
1603 2469 1641 2490 ac
1662 2456 1940 2491 Monasteriorum
1963 2453 2119 2487 Baronias
2137 2457 2170 2488 Α.
2200 2458 2285 2487 1086.

1243 2507 1329 2542 dixit
1350 2508 1413 2542 effe
1437 2507 1531 2543 feuda
1551 2518 1589 2543 ac
1612 2505 1769 2543 beneficia
1802 2504 1908 2548 Regia
1931 2528 1941 2544 ,
1980 2504 2119 2545 ideoque

1245 2558 1384 2600 ipsorum
1408 2557 1550 2592 feudales
1569 2556 1690 2589 milites
1711 2554 1850 2598 obligari
1870 2553 1911 2586 ad
1932 2552 1988 2586 fibi
2025 2553 2120 2595 profi-

1244 2606 1395 2641 tendum.
1421 2607 1470 2642 Ita
1482 2606 1613 2652 Anglos
1629 2630 1638 2645 ,
1664 2603 1810 2645 aquibus
1823 2602 1956 2638 timebat
1970 2603 2001 2635 se
2024 2613 2120 2635 excu-

1243 2657 1413 2695 tiendum,
1442 2657 1538 2690 variis
1549 2654 1669 2689 artibus
1692 2654 1830 2689 firmavit
1858 2653 2032 2696 subjugo.
2062 2653 2120 2685 An

1245 2707 1621 2750 Abbates&Episcopos
1632 2706 1731 2738 etiam
1755 2704 1795 2736 ad
1820 2702 2026 2746 personaliter
2049 2712 2120 2744 prae-

1223 2756 1387 2794 1liandum
1408 2758 1573 2799 coegerit,
1602 2755 1706 2789 nolim
1729 2754 1905 2787 affirmare.
1946 2752 2119 2785 Affirmare

1223 2796 1226 2859 l
1243 2805 1519 2848 videturjoannes
1532 2805 1752 2847 Bromptonus
1773 2802 1885 2836 Abbas
1907 2801 2121 2848 Jornalenfis,

1223 2855 1380 2894 iscribens
1392 2856 1432 2888 de
1445 2855 1562 2889 Sancto
1583 2855 1768 2889 Wolstano
1790 2852 1964 2897 Vigorenfl
1991 2850 2121 2894 Episco-

1223 2899 1305 2948 ’μοι
1341 2909 1407 2938 Nec
1428 2911 1517 2938 etiam
1537 2905 1635 2948 posted
1661 2931 1670 2946 ‚
1706 2911 1833 2945 tempore
1857 2903 2006 2937 Guilielmi
2026 2904 2118 2943 Regis
2137 2917 2265 2953 &105⁷-

1242 2953 1474 2998 Conquaestor11‚
1495 2963 1638 2999 pompam
1671 2959 1925 2987 Nortmannorum
1943 2949 2115 2988 omittebat,

1241 3011 1314 3048 quin
1333 3005 1462 3047 stipatus
1489 3006 1633 3039 militibus
1661 3005 1808 3037 incederet
1829 3025 1840 3042 ‚
1877 3000 1990 3044 Miffam
2026 3005 2119 3042 quoti-

1222 3058 1289 3102 ³die
1314 3066 1458 3095 cantans,
1487 3055 1665 3099 Psalterium
1686 3053 1835 3087 addebat.
1863 3050 1987 3084 Verum
2013 3050 2117 3091 potest

1242 3106 1315 3148 quis
1341 3106 1495 3139 militiam
1523 3117 1620 3150 eques
1656 3106 1794 3143 ducere,
1829 3102 1865 3134 ὃς
1902 3100 2037 3144 propriis
2074 3111 2119 3132 ta-

1245 3167 1320 3190 men
1348 3155 1499 3190 manibus
1525 3167 1595 3190 non
1620 3163 1765 3199 pugnare
1783 3175 1790 3184 .
1833 3150 1889 3185 Ut
1916 3162 1952 3184 ut
1978 3151 2037 3192 fit,
2073 3161 2119 3184 ar-

1241 3217 1308 3239 tem
1330 3205 1492 3248 pessimam
1518 3203 1715 3251 Anglicani,
1750 3212 1790 3234 ex
1813 3200 2032 3234 Nortmannis
2051 3199 2119 3242 ejus

1244 3256 1353 3298 peritis
1365 3255 1476 3299 paffim
1489 3257 1523 3293 in
1534 3253 1695 3300 principio
1705 3251 1855 3293 assumpti
1868 3274 1879 3290 ,
1907 3249 2059 3295 Episcopi
2071 3249 2120 3282 in-

1242 3305 1373 3350 signiter
1394 3307 1427 3340 &
1439 3307 1525 3341 brevi
1538 3302 1777 3338 addidicerenr.
1805 3300 1951 3335 Abbates
1963 3311 2028 3335 non
2040 3299 2117 3342 lego

1244 3357 1415 3401 pugnasse.
2039 3369 2041 3371 ·

1294 3407 1441 3453 Qaestio
1457 3403 1524 3441 est,
1560 3413 1600 3435 an
1626 3402 1718 3435 nullo
1740 3401 1870 3444 penitus
1889 3400 1962 3433 casu
1984 3398 2121 3441 Episco-

1244 3456 1336 3499 pis&
1347 3453 1480 3488 Clericis
1492 3451 1587 3485 liceat
1598 3452 1724 3495 propria
1740 3461 1835 3484 manu
1850 3450 2017 3493 pugnare?
2041 3448 2119 3481 Res·

1243 3504 1406 3548 pondetin
1422 3503 1543 3536 famosa
1556 3502 1708 3537 adversus
1729 3499 1916 3536 Paschalem
1941 3498 2118 3533 secundum

1987 3549 2072 3583 Pon-
