2352 3736
66 1918 143 1956 cap,
155 1921 187 1954 62

90 3330 164 3356 Part.
176 3334 207 3366 7.

91 3377 120 3398 c·
144 3375 207 3397 ιιι.

614 176 1114 226 Βεεκεῑυινι

246 265 394 302 videntur
417 272 527 300 crucem
541 261 630 306 suam
644 260 744 305 sustuli
767 273 782 295 e
808 259 931 304 &sequi
951 258 1099 299 Christum
1110 281 1122 298 ,

241 313 384 358 perhanc
389 311 556 357 spatiosam
579 313 655 346 velle
665 313 795 354 incedere
806 335 817 352 ,
843 321 902 344 non
914 310 969 350 tibi
978 309 1123 352 prodigio-

240 363 311 409 sum
330 364 482 399 videtur?
503 365 633 406 Denique
665 362 827 407 Monacbi,
851 371 916 394 cum
936 361 973 404 de
983 357 1122 403 Monaste·

243 420 298 448 riis
315 415 348 447 dr
358 416 427 448 locis
439 413 658 453 habitationum
665 408 919 456 percunHa'ntur,
945 420 1016 444 ante
1025 415 1122 450 omnia

243 472 422 507 requirunt,
439 462 636 509 sir-equtesst‘t¹
656 469 688 496 in
698 465 754 500 loco
766 486 777 502 ,
796 459 829 502 fi
833 460 986 494 abundent
1002 464 1100 501 omnia
1111 483 1123 502 ‚

238 514 268 557 fi
272 527 417 557 aquarum
433 520 521 558 copiae
527 513 644 557 fluant
668 513 728 546 Sed
734 511 789 556 etfi
791 513 829 547 de
838 522 936 546 eremo
947 517 1124 555 requirant,

244 571 337 599 etiam
358 565 401 598 ibi
423 574 495 599 ante
504 570 602 605 pmnia
622 564 659 595 de
670 568 769 609 requie
781 561 939 603 tradant,
966 563 1001 596 (9⁹
1015 563 1054 596 de
1074 566 1124 602 op-

239 622 426 664 portunitaie
447 612 593 652 ministerii
611 612 801 653 corporalis.
821 615 907 661 Jam
937 614 1011 649 verb
1029 608 1061 652 fi
1081 609 1126 642 ad

242 666 380 709 aliquam
400 661 648 710 dispensationem
667 667 845 705 vocaveris,
870 671 923 695 aut
942 660 1061 703 aliquid
1079 660 1124 692 di-

242 721 314 751 vini
336 713 493 754 Ministerii
528 713 682 756 injungere
710 713 840 746 volueris
858 736 870 753 ,
892 717 997 754 prima
1020 708 1125 760 statim

237 765 402 815 sollicitudo
413 761 460 803 est
469 764 556 804 ejus,
584 764 618 803 (5
625 769 730 805 prima
750 762 805 803 ilia
824 762 919 795 verba
924 758 1016 803 ficnt
1043 761 1074 792 si
1085 758 1124 801 est

242 816 285 849 ibi
302 819 417 856 requies
439 823 496 854 quo
517 814 645 852 eundum
667 811 706 852 est
720 835 731 851 ‚
749 810 979 854 fiinveniantur
990 820 1060 853 quae
1074 819 1125 842 ne-

241 865 360 909 ceffariae
379 861 454 906 sunt
473 862 680 902 abundanter,
700 860 729 903 fi
748 860 826 895 nibil
845 860 917 904 defit
936 871 1035 895 eorum
1056 870 1125 902 quae

241 915 308 947 lata
328 910 500 959 &spatiosa
522 917 577 946 via
595 909 721 955 deposcit
740 913 752 945 ,²
798 911 910 958 Qam
930 910 1033 955 aliqui
1058 910 1125 949 fue-

239 964 307 998 rint
317 962 525 1006 impudenter
546 960 692 1003 sordidi,
719 960 789 995 imo*
812 963 1009 1005 &rapaces‚
1036 961 1126 995 lucet

240 1026 281 1052 ex
292 1013 400 1048 Sanffi
424 1011 602 1057 Augustini
624 1012 664 1046 ad
683 1008 836 1055 *nobilem*
858 1012 1032 1054 Ecdiciam
1044 1011 1126 1055 Epi-

240 1063 344 1110 stola,
368 1074 406 1097 ac
428 1074 469 1097 ex
480 1061 566 1106 libro
588 1062 629 1097 de
640 1073 738 1105 opere
748 1060 1018 1103 Monachotum2
1045 1060 1128 1095 Avi-

241 1123 310 1157 tam
322 1138 334 1154 ‚
358 1124 430 1157 quae
449 1113 564 1149 omnia
582 1112 710 1156 profesti
724 1111 812 1150 bona
824 1110 916 1145 fimul
932 1123 1009 1153 cum
1023 1111 1127 1154 perso-

240 1176 286 1199 na
306 1162 500 1202 devolvebat
512 1163 548 1196 in
559 1162 822 1205 Monasteriutn,
851 1160 1126 1204 consuetudinem

240 1214 306 1248 suis
331 1213 442 1257 postea
462 1212 592 1258 legibus
614 1213 779 1251 firmavit,
805 1211 974 1256 &ubique
996 1211 1127 1246 univer·v

240 1262 340 1303 fidem
360 1263 438 1297 fecit
455 1263 636 1306 Imperator
655 1261 879 1309 Justinianus‚
908 1273 1004 1307 atque
1027 1260 1072 1298 ita
1086 1273 1127 1296 ex

240 1315 334 1350 bono
363 1313 455 1346 fimte
481 1308 669 1346 fomentum
704 1313 830 1356 accepit
870 1324 986 1356 pravus
1021 1313 1126 1346 rivus.

239 1363 345 1398 Tunc
367 1363 538 1406 praesertim
571 1371 739 1405 coeperunt
765 1363 969 1398 Monasteria
995 1362 1126 1401 venari,

241 1415 275 1448 ἃ.
298 1412 339 1446 ad
361 1414 392 1446 se
416 1411 566 1456 pellicere
587 1411 764 1456 opulentos
783 1411 958 1447 homines
985 1412 1128 1447 Videtur

241 1464 305 1498 effe
328 1462 464 1503 abusus,
490 1473 533 1496 ex
556 1473 624 1505 quo
648 1462 842 1496 sanetiffima
867 1462 982 1507 magni
1004 1461 1128 1495 Pacho-

241 1515 304 1548 mii
341 1511 543 1547 Monasteria
580 1510 750 1554 evertenda
784 1511 936 1554 Angelus
964 1512 1128 1554 praedixit

241 1562 416 1609 Qidquid
438 1563 477 1596 fit
488 1586 499 1603 ,
525 1560 673 1601 adversus
686 1561 779 1593 illum
793 1560 905 1594 statuit
917 1560 998 1594 olim
1012 1560 1053 1594 ad
1067 1561 1128 1594 Ca·

239 1614 306 1647 1011
329 1611 450 1655 Magni
469 1620 578 1654 preces
601 1609 742 1643 secunda
756 1609 908 1652 Synodus
925 1610 1128 1644 Cabilonen-

240 1663 279 1696 fis
306 1675 318 1695 .·
352 1665 521 1703 Imputatur
548 1657 723 1702 quibusdam
764 1660 927 1693 Fratribus
949 1684 961 1700 ,
995 1672 1026 1693 eo
1052 1661 1132 1701 quod

241 1716 390 1747 avaritiae
412 1708 499 1753 causa
525 1708 690 1743 bominibus
714 1707 917 1752 persuadeant
936 1733 947 1750 ‚
987 1718 1022 1742 ut
1047 1708 1129 1742 abre-

241 1768 418 1796 nuntiantes
444 1760 552 1804 saeculo
592 1771 641 1793 res
663 1757 737 1802 suas
776 1758 913 1800 Ecclefiae
949 1759 1107 1800 conferant
1122 1783 1129 1790 .

243 1813 338 1855 ,Quod
359 1812 485 1853 penitus
512 1809 551 1842 ab
577 1815 709 1843 omnium
734 1809 886 1843 mentibus
911 1807 950 1849 est
974 1810 1129 1843 eradican-

241 1857 315 1895 dum
339 1886 347 1893 .
376 1864 550 1894 Animarum
575 1862 687 1904 quippe*
704 1857 834 1901 salutem
858 1863 1007 1900 inquirere
1033 1861 1128 1892 sacer-

243 1914 297 1946 dos
319 1935 330 1952 ,
356 1922 414 1944 non
438 1919 560 1944 terrena
584 1910 668 1942 lucra
695 1909 781 1942 debet
808 1922 819 1941 .-
855 1911 1008 1952 ‚Quoniam
1033 1910 1129 1942 Fide-

242 1964 284 2005 {es
310 1961 355 1994 ad
377 1970 428 1993 res
445 1958 521 2003 suas
545 1959 667 1992 dandas
692 1969 749 1991 non
770 1956 845 2001 sunt
869 1960 1007 2001 cogendi,
1035 1970 1128 2002 neque

241 2011 510 2047 circumveniendi.
539 2009 656 2043 oblatio
681 2019 810 2050 namque
827 2008 997 2051 spontanea
1019 2009 1071 2051 effe
1081 2010 1128 2042 de-

242 2062 292 2096 bet
303 2087 310 2094 .
338 2061 381 2095 Et
395 2061 429 2094 in
441 2060 590 2102 sequenti
603 2059 761 2093 Canone:
782 2057 939 2099 Constituit
953 2061 1041 2093 Sacer
1052 2063 1128 2096 Con-

244 2120 355 2146 ventus
372 2134 382 2150 ,
408 2118 441 2142 ut
453 2107 592 2152 Episcopi
606 2107 671 2150 five
682 2107 831 2149 Abbates,
857 2110 911 2152 qui
931 2119 990 2143 non
1012 2114 1046 2142 in
1059 2108 1129 2150 fru-

245 2162 326 2195 eium
349 2165 519 2196 animarum
531 2184 541 2200 ,
562 2157 622 2202 sed
632 2163 667 2191 in
677 2163 844 2193 avaritiam
867 2160 995 2201 &turpe
1013 2159 1129 2199 lucrum

244 2217 396 2245 intuentes
408 2236 418 2251 ,
444 2209 588 2252 quoslibet
611 2207 743 2248 homines
764 2208 879 2243 illeHos
899 2214 1130 2242 circumvenien-

245 2263 285 2294 do
307 2260 518 2299 totonderunt,
544 2260 578 2294 t&
600 2271 648 2293 res
673 2270 772 2293 eorum
791 2259 848 2293 tali
862 2257 1047 2302 persuasione
1072 2269 1130 2292 non

240 2310 336 2355 solum
359 2317 556 2352 acceperunt,
578 2307 636 2353 sed
652 2310 754 2351 potius
778 2307 1012 2352 subripuerunt,
1037 2314 1131 2351 poeni-

245 2367 350 2394 tentiae
381 2363 543 2394 Canonicae
566 2383 579 2399 ‚
606 2361 708 2402 utpote
735 2364 833 2401 turpis
855 2360 929 2392 lucri
945 2357 1106 2402 fidiatores
1118 2383 1129 2400 ‚

243 2410 437 2454 subjaceant.
462 2415 505 2446 Hi
525 2419 617 2451 vero,
643 2414 696 2458 qui
721 2416 816 2449 vanis
831 2409 960 2457 promtff
959 2410 1062 2444 onibus
1072 2410 1131 2443 ille

242 2458 308 2502 t‘li,
334 2462 387 2494 vel
396 2459 574 2502 quibuslibet
586 2459 855 2501 machinationibus
873 2459 1023 2503 persuasi,
1051 2471 1131 2494 men·

245 2517 286 2548 tis
296 2515 396 2553 inopes
407 2509 502 2550 effecqi
511 2533 523 2550 ,
549 2521 648 2544 rerum
660 2509 785 2554 suarum
798 2514 919 2543 Domini
941 2511 993 2553 effe
1008 2507 1131 2553 nescien—

247 2567 293 2595 tes
305 2585 317 2601 ‚
341 2572 454 2596 comam
464 2558 649 2604 deposuerint
663 2585 674 2601 ‚
697 2565 730 2598 in
740 2572 771 2595 eo
784 2561 865 2603 quod
873 2568 1022 2603 caeperunt
1027 2558 1128 2603 perse·

246 2620 354 2644 verare
372 2619 510 2655 cogantur
525 2635 532 2642 .
559 2613 620 2650 Res
636 2622 763 2653 namque
773 2622 842 2653 quae
854 2610 893 2643 ab
906 2611 1010 2645 illectis
1035 2612 1069 2645 (θ’
1079 2621 1130 2644 ne-

245 2657 434 2707 gligentibus·
446 2662 549 2701 datae,
577 2661 617 2696 ab
637 2667 745 2701 avaris
765 2662 800 2695 i&
816 2663 936 2703 cupidis
958 2672 1016 2694 non
1033 2659 1130 2704 solum

250 2716 376 2750 acceptae
388 2732 398 2747 ‚
404 2707 428 2750 s
423 2711 462 2741 ed
468 2719 565 2751 raptae
577 2709 733 2754 noscuntur
746 2734 758 2751 ,
771 2710 939 2748 baeredibus
950 2713 1129 2751 reddantur,

250 2764 303 2802 qui
314 2759 462 2797 dementia
470 2766 627 2799 parentum
643 2763 677 2802 Q·
687 2766 824 2800 avaritia
837 2766 1017 2799 incentorum
1030 2760 1131 2794 exhae-

251 2809 350 2843 fedati
370 2807 420 2851 effe
432 2806 604 2850 nofiuntur·
626 2812 657 2848 51
676 2822 748 2844 vero
765 2810 959 2854 nescientibus
974 2809 1130 2854 Episcopis

252 2865 306 2892 aut
321 2857 486 2891 abbatibus
496 2879 507 2896 ,
534 2858 765 2898 Ministrieorum
777 2884 789 2900 ,
802 2859 937 2903 'quilibet
948 2862 1085 2900 videlicet
1097 2867 1130 2894 in

253 2909 341 2942 Clero
350 2933 362 2949 ‚
380 2907 430 2946 hoc
432 2906 530 2951 fecisse
540 2912 751 2946 convincuntur
764 2933 775 2950 ,
800 2909 940 2953 Episcopi
953 2913 987 2945 (25
1000 2911 1130 2945 abbates

255 2959 293 2992 de
315 2956 425 3000 defidia
440 2982 450 2997 ,
477 2959 523 2991 illi
533 2961 605 2995 vero
626 2959 663 2991 de
672 2964 838 3000 rapacitate
857 2961 1041 2997 &avaritia
1045 2962 1132 3000 judi·

253 3017 354 3041 centur
367 3033 375 3039 .
403 3012 462 3047 Hoc
481 3011 551 3043 veri
563 3009 643 3050 quod
660 3007 779 3053 quisque
790 3011 850 3046 Deo
852 3010 933 3051 Juste
955 3012 989 3044 ό·
999 3016 1131 3044 rationa-

254 3058 352 3091 biliter
371 3059 407 3091 de
419 3058 506 3098 rebus
523 3056 588 3102 suis
607 3056 714 3099 offert‚⁷
735 3057 863 3100 firmiter
882 3059 1008 3102 Ecclesia
1033 3069 1132 3094 tenere

251 3107 344 3147 debet
356 3132 363 3139 .
376 3107 480 3148 Hunc
493 3108 666 3143 Canonem
677 3108 824 3147 adversus
833 3107 989 3144 Maurum
1003 3110 1133 3155 Episco-

254 3168 335 3201 pum
349 3156 458 3191 laudat
471 3160 571 3198 etiam
584 3159 714 3193 Sanctus
724 3158 839 3193 Petrus
849 3158 1006 3198 Damiani
1022 3184 1033 3200 ,
1052 3161 1134 3195 affin

254 3217 389 3250 fluatque
409 3208 473 3242 effe
485 3209 726 3253 Moguntinum
740 3234 751 3250 ‚
775 3209 811 3243 in
822 3209 881 3243 suo
893 3219 1003 3244 autem
1015 3211 1133 3250 Decre-

255 3265 294 3297 ,το
310 3257 445 3299 Sanetus
468 3257 528 3292 Ivo
548 3259 756 3298 Carnutenfis
778 3259 959 3303 Episcopus
980 3259 1131 3301 adscribit

258 3306 411 3342 Remenfi
423 3307 560 3350 Synodo
573 3333 580 3340 .
593 3308 640 3348 At
651 3309 779 3344 constat
788 3310 849 3350 effe
857 3308 1112 3351 Cabilonensem
1125 3336 1132 3349 ,

258 3357 323 3392 Per
335 3357 495 3397 Cas-olum
515 3358 710 3398 Mat-tellum
719 3361 819 3404 usque
837 3359 878 3393 ad
890 3359 1134 3399 mendicitatem

258 3408 438 3452 exspoliata
451 3408 624 3452 Episcopia
636 3419 673 3448 ac
683 3409 884 3448 Monasteria
895 3435 905 3451 ,
933 3409 991 3444 sub
1003 3409 1133 3455 Pippini

258 3456 610 3503 &praesertim'Caroli
630 3460 766 3500 meliore
785 3461 907 3506 Regno
933 3470 1051 3497 conata
1064 3461 1134 3497 sunt

1183 176 1686 225 se‘eunthM·
1900 187 2003 239 3279

1185 258 1215 291 se
1237 268 1381 301 reparare
1404 282 1411 289 .
1439 255 1484 290 Et
1506 255 1642 301 quidam
1663 253 1819 299 Episcopi
1836 265 1876 291 ac
1897 253 2070 301 Abbatesg

1186 317 1243 342 aut
1265 308 1352 341 certe
1372 307 1518 351 ipsorum
1535 305 1656 347 subditi
1674 305 1846 350 elegerunt
1868 305 1937 349 jam
1950 307 2068 349 diaam

1187 356 1299 398 viam,
1320 358 1465 406 quamin
1478 354 1741 401 Capitulorum,
1755 355 1878 400 quibus
1889 355 2070 405 Episcopos

1186 408 1260 449 suos
1282 418 1381 452 atque
1391 407 1535 442 Abbates
1558 407 1720 451 allocutus
1742 405 1830 446 fuit,
1857 405 1956 448 Brevi
1976 406 2073 451 latins

1186 459 1323 501 exponit
1346 457 1495 498 laudatus
1522 448 1664 492 Carolus
1687 470 1695 490 :
1721 457 1938 500 Inquirendum
1958 456 2030 497 est,
2049 457 2158 503 (Scap.
2195 478 2205 488 .

1186 508 1235 541 ille
1241 507 1382 552 saeculum
1405 508 1554 551 iiimiffum
1576 506 1705 549 habeat,
1730 512 1781 550 qui
1790 507 1924 550 quotidie
1939 507 2074 551 poffefflo-

1188 569 1225 592 ne
1231 553 1250 592 s
1255 557 1329 603 suas
1341 569 1447 602 augere
1459 556 1586 600 quolibet
1597 559 1679 591 modo
1689 582 1700 599 ‚
1723 557 1856 602 qualibet
1866 566 1932 600 arte
1949 569 2007 600 non
2018 557 2074 602 ces-

2177 465 2190 494 §a

1181 607 1254 652 sat,
1274 607 1429 652 suadendo
1449 608 1487 642 de
1509 606 1627 648 caelestis
1642 611 1737 651 Regni
1757 607 1968 650 beatitudine,
1993 619 2071 647 com-

1186 661 1330 692 minando
1353 660 1391 692 de
1403 668 1512 692 aeterno
1516 656 1662 700 supplicio
1675 657 1790 698 inferni
1808 682 1821 698 ‚
1847 657 1946 703 &sub
1955 665 2076 701 nomine

1187 710 1245 750 Dei
1265 718 1319 742 aut
1340 706 1497 749 cujuslibet
1508 706 1634 748 sanat,
1658 714 1724 747 tam
1734 709 1847 750 divites
1859 711 1954 750 quam
1963 717 2076 753 paupe·

1185 770 1255 800 ees,
1280 763 1332 801 qui
1349 757 1534 801 simplicioris
1558 764 1675 798 naturae
1692 755 1788 801 sunt,
1815 759 1849 791 Θ
1872 765 1973 792 minus
1995 761 2080 801 doc‘li

1186 819 1277 852 atque
1293 813 1374 851 cauti
1388 813 1607 848 inveniuntur,
1633 807 1723 848 rebus
1740 805 1805 850 ficis
1825 805 2016 850 exspoliant,
2041 812 2077 847 et

1184 848 1331 903 legitimos
1353 858 1488 901 haeredes
1511 869 1607 892 eorum
1639 857 1837 892 exbaeredant
1857 881 1868 898 ‚
1895 869 1929 891 ac
1948 865 2005 900 per
2026 857 2081 893 boc

1181 908 1337 961 plerosque
1357 911 1402 941 ad
1406 909 1526 953 flagitia
1548 908 1703 952 &scelera
1717 916 1844 952 propter
1855 912 2008 951 inopiam,
2034 910 2079 948 ηιξ

1187 971 1277 1004 quam
1283 968 1341 1003 per
1353 959 1403 998 boc
1411 958 1538 1000 fuerunt
1547 960 1705 1001 devoluti,
1727 959 1935 1002 perpetranda
1956 960 2076 1001 compel-

1188 1011 1279 1054 lunt,
1305 1018 1337 1044 ut
1347 1008 1433 1053 quasi
1439 1009 1689 1056 neceffariofurta
1704 1011 1738 1053 (ρ’
1750 1011 1908 1044 latrocinia
1915 1018 2053 1044 exerceat
2065 1032 2077 1056 ³

1189 1067 1234 1095 cui
1240 1069 1443 1103 paternarum
1451 1071 1551 1094 rerum
1569 1050 1736 1094 baereditas
1751 1084 1762 1101 ‚
1788 1072 1825 1094 ne
1836 1061 1880 1094 ad
1887 1072 1954 1094 eum
1970 1068 2081 1102 perve-

1190 1118 1289 1153 niret,
1316 1111 1356 1149 ab
1376 1111 1436 1147 alio
1453 1109 1674 1153 praereptagli.
1705 1110 1846 1154 Lapsam
1868 1110 2082 1154 disciplinam

1190 1173 1341 1206 reparans
1362 1162 1500 1203 Carolus
1522 1160 1608 1196 hanc
1632 1160 1826 1205 pravitatem
1848 1159 1956 1194 voluit
1980 1171 2085 1201 corre-

1190 1214 1273 1246 stam
1285 1236 1296 1252 ,
1323 1213 1357 1251 &
1370 1211 1498 1246 laudata
1513 1211 1742 1251 Cabilonenfis
1752 1209 1906 1256 Synodus
1918 1209 2063 1245 correxit
2075 1234 2087 1247 ,.

1192 1263 1236 1304 Et
1248 1260 1328 1296 hinc
1350 1262 1440 1297 lucet
1461 1263 1620 1304 Maurum
1645 1262 1870 1307 Episcopum,
1897 1259 2086 1305 quifimiles

1193 1313 1403 1355 profeffiones
1424 1311 1529 1346 voluit
1547 1312 1669 1354 cassans,
1696 1323 1764 1347 non
1776 1311 1869 1346 fuisse
1879 1311 2079 1346 fundatum.

1192 1362 1266 1396 Nec
1282 1363 1337 1406 ipsi
1351 1362 1696 1406 favet-„Tertullianus
1720 1362 1814 1404 Absit
1825 1372 1862 1396 ut
1875 1361 1931 1396 hic
1944 1361 1985 1396 de
1997 1360 2084 1395 firni-

1194 1412 1275 1446 lium
1289 1413 1524 1455 profeffionum
1546 1414 1657 1447 valore
1669 1412 1887 1447 dubitaverit.
1911 1410 2086 1446 Veiiffima

1192 1472 1301 1495 tamen
1313 1462 1386 1494 sunt
1401 1460 1468 1495 haec
1481 1461 1550 1503 ejus
1564 1460 1658 1503 verba
1672 1474 1679 1493 :
1707 1463 1764 1495 Ubi
1775 1463 1920 1501 neceffitas
1932 1485 1942 1500 ,
1968 1462 2030 1493 illic
2042 1466 2089 1492 in-

1187 1511 1322 1553 firmitas
1334 1535 1341 1542 .
1369 1510 1412 1543 Et
1426 1511 1480 1544 dat
1494 1511 1640 1553 ipsorum
1653 1511 1781 1545 causam
1792 1523 1803 1543 :
1830 1512 1937 1543 Merit&
1949 1510 2021 1543 dum
2040 1521 2092 1543 ca·

1186 1568 1246 1602 put
1257 1570 1313 1592 non
1349 1568 1449 1602 tegunt
1461 1568 1493 1592 ut
1501 1559 1696 1602 fhllicitentur
1714 1561 1819 1604 gloriae
1827 1558 1936 1603 causa,
1963 1569 2089 1597 ventres

1190 1619 1287 1653 tegere
1306 1618 1445 1652 ,coguntur
1478 1608 1663 1650 infirmitatis
1674 1617 1781 1643 ruina.
1810 1611 1982 1651 AEmulatio
2004 1614 2088 1651 enim

1191 1661 1282 1698 illas,
1309 1670 1368 1691 non
1390 1661 1490 1702 religio
1515 1661 1651 1699 producit
1667 1684 1674 1691 .
1703 1662 1870 1701 Aliquando
1891 1657 1998 1703 &ipse
2012 1670 2087 1693 ven-

1192 1718 1236 1741 ter
1246 1712 1327 1741 Deus
1350 1719 1470 1741 earum.
1499 1711 1585 1755 gula
1603 1708 1698 1750 facile
1711 1714 1852 1753 Virgines
1868 1709 1996 1753 ficscipit
2011 1709 2086 1753 fra-

1191 1764 1341 1797 ternitas.
1368 1761 1436 1791 Nec
1461 1766 1582 1791 tantum
1606 1770 1704 1792 autem
1717 1770 1809 1793 ruunt
1824 1785 1835 1800 ,
1855 1759 1917 1804 sed
1935 1759 2088 1801 &funem

1192 1809 1308 1853 longum
1331 1808 1500 1848 deliciorum
1513 1808 1571 1849 fibi
1593 1808 1755 1842 attrabunt
1778 1834 1784 1841 .
1814 1810 1983 1844 Sacrarum
2007 1809 2096 1844 Vir«

1193 1859 1311 1904 ginum
1334 1870 1376 1892 ex
1397 1858 1482 1893 casta
1497 1858 1562 1893 Dei
1583 1858 1759 1894 dilectione
1771 1870 1839 1894 non
1852 1859 1951 1894 saetas
1962 1860 2083 1903 profes-

1193 1910 1297 1951 fiones
1308 1909 1475 1955 insigniter
1485 1908 1687 1944 demonstrat
1700 1910 1814 1953 paffim
1836 1910 1898 1943 effe
1911 1909 2057 1945 infelices
2065 1933 2081 1951 ‚

1192 1970 1231 1994 ac
1254 1959 1324 1993 fieri
1354 1959 1491 2011 turpiter
1512 1959 1722 1994 criminosas.
1753 1958 1916 2005 Qlotidie
1935 1958 2003 1995 haec
2030 1972 2092 2002 exa

1192 2010 1354 2054 petimur.

1243 2060 1375 2101 Harum
1385 2059 1605 2104 quaestionum
1625 2062 1796 2096 occasione
1806 2061 1906 2096 etlam
1918 2060 1961 2096 de
1975 2059 2081 2105 pueris

1192 2109 1400 2144 Monasterio
1423 2121 1479 2154 per
1496 2120 1645 2154 parentes
1664 2111 1803 2153 oblatis,
1829 2124 1868 2146 ac
1881 2112 1923 2146 de
1951 2111 2086 2145 intrusis

1193 2170 1249 2202 per
1270 2160 1400 2204 Regem
1423 2170 1479 2199 aut
1506 2160 1680 2203 Synodum
1693 2161 1886 2196 Procetibus
1904 2187 1916 2204 ,
1943 2162 2087 2206 ipfisque

1192 2211 1292 2247 etiam
1304 2208 1451 2253 Regibus
1465 2233 1476 2250 ‚
1504 2221 1633 2244 necnon
1656 2211 1696 2253 de
1709 2212 1879 2256 Episcopis
1900 2221 1955 2246 aut
1979 2211 2091 2246 Cleri-¹

1192 2258 1239 2293 cis
1267 2258 1394 2294 videtur
1417 2259 1512 2294 fuisse
1536 2260 1753 2304 disputatum.
1781 2261 1884 2311 Qod
1897 2262 1985 2304 enim
1997 2262 2083 2305 deje-

1192 2310 1261 2350 stos
1291 2309 1447 2355 &Reges
1464 2310 1499 2348 &
1523 2310 1677 2346 Proceres
1698 2313 1896 2357 quandoque
1917 2323 1970 2356 per
1995 2311 2088 2356 justi·

1192 2360 1272 2394 tiam
1295 2384 1307 2401 ‚
1332 2360 1535 2404 quandoque
1563 2372 1618 2404 per
1639 2363 1833 2398 violentiam
1859 2364 1892 2398 δ(
1917 2364 2026 2407 Reges
2049 2363 2084 2396 δι

1191 2410 1350 2453 Tyranni
1381 2411 1612 2451 consueverint
1633 2437 1643 2453 ,
1671 2413 1761 2457 quod
1784 2413 1864 2447 item
1887 2413 2084 2458 degradatos

1193 2458 1372 2504 Episcopos
1394 2460 1429 2501 ὃς
1443 2460 1589 2503 Clericos
1600 2462 1635 2496 in
1648 2463 1854 2498 Monasterio
1867 2463 2019 2498 claudere
2037 2463 2085 2497 ad

1192 2521 1380 2553 perpetuam
1393 2511 1624 2554 poenitentiatn
1635 2514 1841 2548 consueverit
1865 2513 1947 2547 olim
1962 2513 2085 2547 Latina

1191 2561 1365 2608 praesertim
1381 2560 1522 2595 Ecclesia
1537 2586 1548 2602 ‚
1562 2561 1609 2601 est
1619 2564 1776 2598 omnibus
1787 2564 2009 2608 exploratum.
2032 2563 2083 2596 Hi

1190 2621 1307 2645 omnes
1330 2611 1536 2655 cogebantur
1556 2612 1599 2653 ad
1626 2613 1807 2648 solemnem
1829 2614 2080 2657 profeffionem.

1192 2661 1237 2702 Et
1261 2658 1302 2694 de
1317 2661 1428 2695 Basilii
1448 2662 1615 2697 Camateri
1638 2663 1833 2699 Patriarchae
1847 2664 2086 2698 Constantino-

1192 2710 1331 2754 politani
1357 2712 1439 2744 fasta
1454 2712 1495 2745 ad
1507 2711 1619 2747 Isaacii
1644 2713 1769 2757 Angeli
1795 2712 2083 2757 Imperatorisjus·

1194 2762 1264 2795 sum
1290 2761 1525 2805 degradatione
1560 2763 1670 2798 scribit
1700 2763 1736 2797 N
1741 2765 1837 2797 icetas
1875 2762 2079 2801 Choniates:

1194 2808 1294 2854 Causa
1313 2811 1562 2853 praetexebatur,
1586 2813 1665 2855 quod
1684 2825 1760 2856 quas
1790 2813 1900 2847 nobiles
1923 2817 2080 2846 Matronas
2105 2825 2198 2857 [1122.

1195 2861 1408 2902 Andronicus
1435 2861 1627 2896 Cornnenus
1648 2888 1658 2904 ‚
1684 2863 1921 2906 crudelissimus
1952 2863 2163 2906 Tyra-cap.
2184 2880 2213 2911 a.

1195 2923 1256 2945 nus
1267 2936 1277 2952 ,
1303 2917 1336 2945 in
1347 2911 1525 2952 Monasteria
1537 2918 1654 2947 invitas
1665 2912 1834 2958 abstrusiffit
1845 2939 1856 2954 ‚
1882 2919 1921 2946 iis
1932 2910 1992 2955 ipse
2001 2918 2082 2956 nigro¹

1193 2961 1299 3000 habitu
1312 2962 1433 3005 deposito
1450 2964 1580 2996 reditum
1598 2965 1642 3003 ad
1653 2963 1815 3006 pristinum
1825 2963 1960 3004 habitum
1987 2964 2021 3003 (9⁹
2032 2962 2081 2997 'vi-

1194 3022 1235 3045 tae
1246 3017 1390 3052 rationem
1412 3014 1592 3056 concefflffit.
1622 3014 1666 3048 Et
1676 3015 1716 3048 de
1727 3014 1851 3048 Caesare
1875 3013 1998 3055 Alexio
2010 3013 2082 3048 Co-

1195 3073 1319 3096 mneno
1338 3087 1350 3102 ,
1389 3072 1443 3104 per
1463 3073 1682 3097 memoratum
1715 3063 1872 3105 Isaacium
1906 3063 2077 3108 Angelum

1195 3110 1306 3155 inique
1337 3111 1495 3151 damnato
1526 3112 1568 3146 ad
1593 3113 1732 3156 Papycii
1767 3113 1891 3148 montis
1910 3113 2078 3148 Monaste·

1196 3164 1277 3196 rium
1309 3161 1413 3205 pergit
1432 3161 1521 3200 idem
1547 3163 1703 3197 Nicetas:
1728 3168 1808 3203 Cum
1832 3166 1989 3207 Papycium
1999 3175 2082 3197 mon-

1196 3222 1254 3246 tem
1262 3210 1408 3255 ascensuri
1418 3211 1534 3254 essemus
1548 3238 1559 3253 ,
1585 3223 1620 3252 ut
1634 3213 1802 3255 Monasticis
1813 3219 1995 3248 caeremoniis
2009 3226 2077 3249 eum

1195 3268 1403 3303 inhiaremus,
1428 3261 1604 3306 tuncsubit6
1628 3263 1734 3305 tristior
1744 3270 1905 3306 apparuit.
1934 3268 1982 3298 Me
2004 3267 2074 3298 vero

1194 3321 1313 3357 urgente
1336 3336 1348 3352 ,
1380 3313 1418 3351 6·
1434 3310 1547 3354 subitae
1564 3319 1738 3354 mutationis
1761 3313 1881 3358 causam
1907 3321 2053 3358 rogitante
2065 3335 2077 3351 ,

1196 3369 1294 3405 inquit
1306 3375 1317 3395 .·
1344 3365 1416 3395 Non
1426 3362 1562 3398 habitum
1571 3363 1671 3398 horreo
1689 3390 1696 3397 .
1722 3367 1813 3409 ,Quid
1824 3371 1903 3399 enim
1915 3364 2003 3407 vestis
2015 3370 2077 3394 mu-

1196 3417 1269 3446 tatio
1280 3412 1543 3454 periculihabeat?
1568 3416 1628 3448 Sed
1632 3417 1827 3457 promifflones
1841 3439 1852 3455 ,
1878 3425 1955 3456 quas
1975 3410 2074 3454 secum

1192 3463 1258 3506 fert
1269 3461 1391 3499 habitus
1403 3487 1415 3506 ‚
1440 3463 1618 3507 rfirmidm
1646 3468 1692 3500 Et
1699 3466 1798 3509 illud,
1823 3465 1903 3507 quod
1917 3461 1962 3492 ad
1971 3460 2075 3504 coelest?

1895 3514 2028 3554 Regnum
