<?xml version="1.0" encoding="UTF-8"?>
<!DOCTYPE html PUBLIC "-//W3C//DTD XHTML 1.0 Transitional//EN"
    "http://www.w3.org/TR/xhtml1/DTD/xhtml1-transitional.dtd">
<html xmlns="http://www.w3.org/1999/xhtml" xml:lang="en" lang="en">
 <head>
  <title>
</title>
<meta http-equiv="Content-Type" content="text/html;charset=utf-8" />
  <meta name='ocr-system' content='tesseract 3.04.00' />
  <meta name='ocr-capabilities' content='ocr_page ocr_carea ocr_par ocr_line ocrx_word'/>
</head>
<body>
  <div class='ocr_page' id='page_1' title='image "./operaomniastudio04lupuuoft/operaomniastudio04lupuuoft_0435.png"; bbox 0 0 2352 3736; ppageno 0'>
   <div class='ocr_carea' id='block_1_1' title="bbox 74 596 210 675">
    <p class='ocr_par' dir='ltr' id='par_1_1' title="bbox 74 596 210 675">
     <span class='ocr_line' id='line_1_1' title="bbox 76 596 191 632; baseline -0.017 -4"><span class='ocrx_word' id='word_1_1' title='bbox 76 596 136 628; x_wconf 86' lang='lat' dir='ltr'><em>Tit.</em></span> <span class='ocrx_word' id='word_1_2' title='bbox 165 606 191 632; x_wconf 84' lang='grc'><em>9-</em></span> 
     </span>
     <span class='ocr_line' id='line_1_2' title="bbox 74 638 210 675; baseline -0.015 -7"><span class='ocrx_word' id='word_1_3' title='bbox 74 638 147 675; x_wconf 84' lang='lat' dir='ltr'><em>Cap.</em></span> <span class='ocrx_word' id='word_1_4' title='bbox 169 646 210 672; x_wconf 83' lang='lat'><em>50.</em></span> 
     </span>
    </p>
   </div>
   <div class='ocr_carea' id='block_1_2' title="bbox 502 130 1121 176">
    <p class='ocr_par' dir='ltr' id='par_1_2' title="bbox 502 130 1121 176">
     <span class='ocr_line' id='line_1_3' title="bbox 502 130 1121 176; baseline 0 -2"><span class='ocrx_word' id='word_1_5' title='bbox 502 130 608 174; x_wconf 75' lang='lat' dir='ltr'><em>De</em></span> <span class='ocrx_word' id='word_1_6' title='bbox 679 131 719 175; x_wconf 81' lang='lat' dir='ltr'><em>S.</em></span> <span class='ocrx_word' id='word_1_7' title='bbox 793 130 1121 176; x_wconf 70' lang='lat' dir='ltr'><strong>LEONIS</strong></span> 
     </span>
    </p>
   </div>
   <div class='ocr_carea' id='block_1_3' title="bbox 244 208 1130 3487">
    <p class='ocr_par' dir='ltr' id='par_1_3' title="bbox 244 208 1130 1303">
     <span class='ocr_line' id='line_1_4' title="bbox 246 208 1130 258; baseline -0.003 -10"><span class='ocrx_word' id='word_1_8' title='bbox 246 208 420 249; x_wconf 77' lang='lat' dir='ltr'><em>Concubinae</em></span> <span class='ocrx_word' id='word_1_9' title='bbox 438 213 622 258; x_wconf 80' lang='lat' dir='ltr'><em>sacerdotum</em></span> <span class='ocrx_word' id='word_1_10' title='bbox 646 216 680 247; x_wconf 70' lang='grc' dir='ltr'><em>ὀ·</em></span> <span class='ocrx_word' id='word_1_11' title='bbox 704 212 852 257; x_wconf 81' lang='lat' dir='ltr'><em>sacrorum</em></span> <span class='ocrx_word' id='word_1_12' title='bbox 879 216 1057 247; x_wconf 82' lang='lat' dir='ltr'><em>Clericorum</em></span> <span class='ocrx_word' id='word_1_13' title='bbox 1071 237 1080 253; x_wconf 88' lang='lat'>‚</span> <span class='ocrx_word' id='word_1_14' title='bbox 1099 211 1130 254; x_wconf 85' lang='lat' dir='ltr'><em>fi</em></span> 
     </span>
     <span class='ocr_line' id='line_1_5' title="bbox 245 263 1125 307; baseline -0.003 -10"><span class='ocrx_word' id='word_1_15' title='bbox 245 271 411 307; x_wconf 80' lang='lat' dir='ltr'><em>pepererint</em></span> <span class='ocrx_word' id='word_1_16' title='bbox 422 289 432 305; x_wconf 89' lang='lat'><em>,</em></span> <span class='ocrx_word' id='word_1_17' title='bbox 461 277 518 297; x_wconf 85' lang='lat' dir='ltr'><em>non</em></span> <span class='ocrx_word' id='word_1_18' title='bbox 525 263 717 306; x_wconf 83' lang='lat' dir='ltr'><em>purificentur</em></span> <span class='ocrx_word' id='word_1_19' title='bbox 732 289 742 304; x_wconf 91' lang='lat'><em>,</em></span> <span class='ocrx_word' id='word_1_20' title='bbox 770 263 919 307; x_wconf 74' lang='lat' dir='ltr'><em>nifiprius</em></span> <span class='ocrx_word' id='word_1_21' title='bbox 939 263 1125 306; x_wconf 75' lang='lat' dir='ltr'><em>sufficientem</em></span> 
     </span>
     <span class='ocr_line' id='line_1_6' title="bbox 247 312 1125 356; baseline 0 -10"><span class='ocrx_word' id='word_1_22' title='bbox 247 321 407 348; x_wconf 77' lang='lat' dir='ltr'><em>cautionem</em></span> <span class='ocrx_word' id='word_1_23' title='bbox 413 315 607 356; x_wconf 81' lang='lat' dir='ltr'><em>praestiterint</em></span> <span class='ocrx_word' id='word_1_24' title='bbox 620 313 841 348; x_wconf 61' lang='lat' dir='ltr'><em>archidiacono.</em></span> <span class='ocrx_word' id='word_1_25' title='bbox 871 314 1052 356; x_wconf 85' lang='lat' dir='ltr'>Stephanus</span> <span class='ocrx_word' id='word_1_26' title='bbox 1073 312 1125 346; x_wconf 91' lang='lat' dir='ltr'><em>de·</em></span> 
     </span>
     <span class='ocr_line' id='line_1_7' title="bbox 248 363 1126 406; baseline -0.003 -9"><span class='ocrx_word' id='word_1_27' title='bbox 248 365 347 397; x_wconf 86' lang='lat' dir='ltr'><em>crevit</em></span> <span class='ocrx_word' id='word_1_28' title='bbox 360 365 525 398; x_wconf 80' lang='lat' dir='ltr'><em>adversum</em></span> <span class='ocrx_word' id='word_1_29' title='bbox 537 376 615 399; x_wconf 87' lang='lat' dir='ltr'><em>tunc</em></span> <span class='ocrx_word' id='word_1_30' title='bbox 630 363 738 398; x_wconf 78' lang='lat' dir='ltr'><em>adhuc</em></span> <span class='ocrx_word' id='word_1_31' title='bbox 747 365 911 406; x_wconf 79' lang='lat' dir='ltr'><em>praetensas</em></span> <span class='ocrx_word' id='word_1_32' title='bbox 923 364 1126 397; x_wconf 88' lang='lat' dir='ltr'><em>Clericorum</em></span> 
     </span>
     <span class='ocr_line' id='line_1_8' title="bbox 249 413 1125 458; baseline -0.005 -11"><span class='ocrx_word' id='word_1_33' title='bbox 249 425 387 455; x_wconf 85' lang='lat' dir='ltr'><em>uxores,</em></span> <span class='ocrx_word' id='word_1_34' title='bbox 414 415 557 458; x_wconf 80' lang='lat' dir='ltr'><em>ipsasque</em></span> <span class='ocrx_word' id='word_1_35' title='bbox 575 415 698 448; x_wconf 64' lang='lat' dir='ltr'><em>tradiari</em></span> <span class='ocrx_word' id='word_1_36' title='bbox 724 414 828 448; x_wconf 90' lang='lat' dir='ltr'><em>voluit</em></span> <span class='ocrx_word' id='word_1_37' title='bbox 850 414 896 446; x_wconf 89' lang='lat' dir='ltr'><em>uti</em></span> <span class='ocrx_word' id='word_1_38' title='bbox 919 413 1125 447; x_wconf 85' lang='lat' dir='ltr'><em>fornicarias.</em></span> 
     </span>
     <span class='ocr_line' id='line_1_9' title="bbox 248 461 1126 510; baseline -0.002 -15"><span class='ocrx_word' id='word_1_39' title='bbox 248 464 332 510; x_wconf 81' lang='lat' dir='ltr'><em>Qae</em></span> <span class='ocrx_word' id='word_1_40' title='bbox 354 464 441 497; x_wconf 86' lang='lat' dir='ltr'><em>enim</em></span> <span class='ocrx_word' id='word_1_41' title='bbox 453 476 493 497; x_wconf 85' lang='lat' dir='ltr'><em>ex</em></span> <span class='ocrx_word' id='word_1_42' title='bbox 517 465 735 498; x_wconf 83' lang='lat' dir='ltr'>fornicatione</span> <span class='ocrx_word' id='word_1_43' title='bbox 746 464 940 506; x_wconf 85' lang='lat' dir='ltr'><em>concipiunt</em></span> <span class='ocrx_word' id='word_1_44' title='bbox 954 487 964 502; x_wconf 89' lang='lat'>‚</span> <span class='ocrx_word' id='word_1_45' title='bbox 990 461 1126 496; x_wconf 86' lang='lat' dir='ltr'>solemni</span> 
     </span>
     <span class='ocr_line' id='line_1_10' title="bbox 249 513 1127 558; baseline -0.003 -12"><span class='ocrx_word' id='word_1_46' title='bbox 249 513 478 547; x_wconf 77' lang='lat' dir='ltr'><em>Ecclefiasticae</em></span> <span class='ocrx_word' id='word_1_47' title='bbox 489 513 723 558; x_wconf 85' lang='lat' dir='ltr'><em>purificationis</em></span> <span class='ocrx_word' id='word_1_48' title='bbox 744 513 932 547; x_wconf 85' lang='lat' dir='ltr'><em>caerernonia</em></span> <span class='ocrx_word' id='word_1_49' title='bbox 957 513 1127 546; x_wconf 83' lang='lat' dir='ltr'><em>censentur</em></span> 
     </span>
     <span class='ocr_line' id='line_1_11' title="bbox 249 561 1126 607; baseline -0.005 -11"><span class='ocrx_word' id='word_1_50' title='bbox 249 563 413 607; x_wconf 85' lang='lat' dir='ltr'><em>indignae.</em></span> <span class='ocrx_word' id='word_1_51' title='bbox 444 564 483 596; x_wconf 84' lang='lat' dir='ltr'><em>Et</em></span> <span class='ocrx_word' id='word_1_52' title='bbox 503 563 581 598; x_wconf 92' lang='lat' dir='ltr'><em>Odo</em></span> <span class='ocrx_word' id='word_1_53' title='bbox 603 563 783 597; x_wconf 78' lang='lat' dir='ltr'><em>Parisienfis</em></span> <span class='ocrx_word' id='word_1_54' title='bbox 806 564 987 605; x_wconf 85' lang='lat' dir='ltr'><strong>Episcopus</strong></span> <span class='ocrx_word' id='word_1_55' title='bbox 1010 563 1045 594; x_wconf 88' lang='lat' dir='ltr'><em>in</em></span> <span class='ocrx_word' id='word_1_56' title='bbox 1067 561 1126 593; x_wconf 88' lang='lat' dir='ltr'><em>suo</em></span> 
     </span>
     <span class='ocr_line' id='line_1_12' title="bbox 249 612 1128 656; baseline -0.007 -9"><span class='ocrx_word' id='word_1_57' title='bbox 249 613 430 656; x_wconf 85' lang='lat' dir='ltr'><em>Capitulari</em></span> <span class='ocrx_word' id='word_1_58' title='bbox 458 613 556 647; x_wconf 86' lang='lat' dir='ltr'><em>habet</em></span> <span class='ocrx_word' id='word_1_59' title='bbox 584 612 673 646; x_wconf 88' lang='lat' dir='ltr'><em>hunc</em></span> <span class='ocrx_word' id='word_1_60' title='bbox 709 613 882 646; x_wconf 82' lang='lat' dir='ltr'><em>articulum</em></span> <span class='ocrx_word' id='word_1_61' title='bbox 909 625 917 644; x_wconf 70' lang='grc' dir='ltr'><strong><em>ε</em></strong></span> <span class='ocrx_word' id='word_1_62' title='bbox 951 615 1128 651; x_wconf 83' lang='lat' dir='ltr'><em>Praecipitur</em></span> 
     </span>
     <span class='ocr_line' id='line_1_13' title="bbox 249 662 1123 704; baseline -0.003 -9"><span class='ocrx_word' id='word_1_63' title='bbox 249 664 432 701; x_wconf 59' lang='lat' dir='ltr'><em>Presbytero</em></span> <span class='ocrx_word' id='word_1_64' title='bbox 446 688 456 702; x_wconf 96' lang='lat'>‚</span> <span class='ocrx_word' id='word_1_65' title='bbox 481 673 514 695; x_wconf 85' lang='lat' dir='ltr'><em>ut</em></span> <span class='ocrx_word' id='word_1_66' title='bbox 525 665 642 704; x_wconf 86' lang='lat' dir='ltr'><em>quando</em></span> <span class='ocrx_word' id='word_1_67' title='bbox 651 664 786 696; x_wconf 83' lang='lat' dir='ltr'><em>mulieres</em></span> <span class='ocrx_word' id='word_1_68' title='bbox 794 662 855 704; x_wconf 84' lang='lat' dir='ltr'><em>post</em></span> <span class='ocrx_word' id='word_1_69' title='bbox 863 665 1051 704; x_wconf 84' lang='lat' dir='ltr'><em>puerperium</em></span> <span class='ocrx_word' id='word_1_70' title='bbox 1075 670 1123 692; x_wconf 88' lang='lat' dir='ltr'><em>ve-</em></span> 
     </span>
     <span class='ocr_line' id='line_1_14' title="bbox 250 709 1125 753; baseline -0.007 -7"><span class='ocrx_word' id='word_1_71' title='bbox 250 719 338 746; x_wconf 85' lang='lat' dir='ltr'><em>niunt</em></span> <span class='ocrx_word' id='word_1_72' title='bbox 358 715 404 745; x_wconf 87' lang='lat' dir='ltr'><em>ad</em></span> <span class='ocrx_word' id='word_1_73' title='bbox 418 712 651 753; x_wconf 78' lang='lat' dir='ltr'><em>purificationem</em></span> <span class='ocrx_word' id='word_1_74' title='bbox 663 736 674 752; x_wconf 89' lang='lat'><em>,</em></span> <span class='ocrx_word' id='word_1_75' title='bbox 700 714 770 745; x_wconf 84' lang='lat' dir='ltr'><em>dent</em></span> <span class='ocrx_word' id='word_1_76' title='bbox 788 721 832 744; x_wconf 83' lang='lat' dir='ltr'><em>eis</em></span> <span class='ocrx_word' id='word_1_77' title='bbox 851 709 1048 744; x_wconf 84' lang='lat' dir='ltr'><em>tantummodo</em></span> <span class='ocrx_word' id='word_1_78' title='bbox 1068 718 1125 751; x_wconf 88' lang='lat' dir='ltr'><em>pa-</em></span> 
     </span>
     <span class='ocr_line' id='line_1_15' title="bbox 250 759 1125 804; baseline -0.008 -7"><span class='ocrx_word' id='word_1_79' title='bbox 250 773 319 797; x_wconf 81' lang='lat' dir='ltr'><em>nem</em></span> <span class='ocrx_word' id='word_1_80' title='bbox 339 761 521 795; x_wconf 67' lang='lat' dir='ltr'><em>benediHum</em></span> <span class='ocrx_word' id='word_1_81' title='bbox 532 788 544 804; x_wconf 84' lang='lat'>‚</span> <span class='ocrx_word' id='word_1_82' title='bbox 570 764 603 796; x_wconf 63' lang='lat' dir='ltr'><em>Co·</em></span> <span class='ocrx_word' id='word_1_83' title='bbox 627 766 748 795; x_wconf 84' lang='lat' dir='ltr'><em>Domini</em></span> <span class='ocrx_word' id='word_1_84' title='bbox 768 768 879 803; x_wconf 83' lang='lat' dir='ltr'><em>corpus</em></span> <span class='ocrx_word' id='word_1_85' title='bbox 890 766 932 793; x_wconf 76' lang='lat' dir='ltr'><em>eis</em></span> <span class='ocrx_word' id='word_1_86' title='bbox 944 760 1021 792; x_wconf 89' lang='lat' dir='ltr'><em>nullo</em></span> <span class='ocrx_word' id='word_1_87' title='bbox 1044 759 1125 791; x_wconf 89' lang='lat' dir='ltr'><em>modo</em></span> 
     </span>
     <span class='ocr_line' id='line_1_16' title="bbox 246 808 1125 855; baseline -0.003 -11"><span class='ocrx_word' id='word_1_88' title='bbox 246 817 425 855; x_wconf 82' lang='lat' dir='ltr'><em>propinent,</em></span> <span class='ocrx_word' id='word_1_89' title='bbox 453 812 508 853; x_wconf 78' lang='lat' dir='ltr'><em>m&#39;fi</em></span> <span class='ocrx_word' id='word_1_90' title='bbox 526 811 662 854; x_wconf 70' lang='lat' dir='ltr'><em>expresse</em></span> <span class='ocrx_word' id='word_1_91' title='bbox 682 818 810 853; x_wconf 84' lang='lat' dir='ltr'><em>petant,</em></span> <span class='ocrx_word' id='word_1_92' title='bbox 836 812 870 843; x_wconf 62' lang='grc' dir='ltr'><strong>Θ</strong></span> <span class='ocrx_word' id='word_1_93' title='bbox 888 811 974 850; x_wconf 80' lang='lat' dir='ltr'><em>prius</em></span> <span class='ocrx_word' id='word_1_94' title='bbox 1000 808 1125 850; x_wconf 78' lang='lat' dir='ltr'><em>confessae</em></span> 
     </span>
     <span class='ocr_line' id='line_1_17' title="bbox 244 858 1125 903; baseline -0.005 -8"><span class='ocrx_word' id='word_1_95' title='bbox 244 861 381 903; x_wconf 82' lang='lat' dir='ltr'><em>fuerint.</em></span> <span class='ocrx_word' id='word_1_96' title='bbox 412 862 453 893; x_wconf 86' lang='lat' dir='ltr'><em>Et</em></span> <span class='ocrx_word' id='word_1_97' title='bbox 467 863 642 899; x_wconf 83' lang='lat' dir='ltr'><em>inlitteris,</em></span> <span class='ocrx_word' id='word_1_98' title='bbox 670 871 741 901; x_wconf 88' lang='lat' dir='ltr'><em>quae</em></span> <span class='ocrx_word' id='word_1_99' title='bbox 758 860 843 892; x_wconf 86' lang='lat' dir='ltr'><em>inter</em></span> <span class='ocrx_word' id='word_1_100' title='bbox 857 858 1125 902; x_wconf 78' lang='lat' dir='ltr'><em>Antipolitanum</em></span> 
     </span>
     <span class='ocr_line' id='line_1_18' title="bbox 252 908 1127 954; baseline -0.005 -10"><span class='ocrx_word' id='word_1_101' title='bbox 252 911 448 954; x_wconf 77' lang='lat' dir='ltr'>Episcopum</span> <span class='ocrx_word' id='word_1_102' title='bbox 477 912 510 943; x_wconf 86' lang='lat'>&amp;</span> <span class='ocrx_word' id='word_1_103' title='bbox 524 910 733 942; x_wconf 86' lang='lat' dir='ltr'><em>Lerinensem</em></span> <span class='ocrx_word' id='word_1_104' title='bbox 748 908 914 942; x_wconf 87' lang='lat' dir='ltr'><em>Abbatem</em></span> <span class='ocrx_word' id='word_1_105' title='bbox 936 909 1019 941; x_wconf 66' lang='lat' dir='ltr'><em>circ-&#39;2</em></span> <span class='ocrx_word' id='word_1_106' title='bbox 1036 908 1127 942; x_wconf 89' lang='lat' dir='ltr'><em>Gras-</em></span> 
     </span>
     <span class='ocr_line' id='line_1_19' title="bbox 250 957 1127 997; baseline -0.005 -2"><span class='ocrx_word' id='word_1_107' title='bbox 250 962 371 995; x_wconf 84' lang='lat' dir='ltr'><em>sensem</em></span> <span class='ocrx_word' id='word_1_108' title='bbox 383 960 488 992; x_wconf 73' lang='lat' dir='ltr'><em>Sanffi</em></span> <span class='ocrx_word' id='word_1_109' title='bbox 503 958 669 992; x_wconf 82' lang='lat' dir='ltr'><em>Honorati</em></span> <span class='ocrx_word' id='word_1_110' title='bbox 682 958 860 991; x_wconf 78' lang='lat' dir='ltr'><em>Ecclesiam</em></span> <span class='ocrx_word' id='word_1_111' title='bbox 874 957 968 991; x_wconf 64' lang='lat' dir='ltr'><em>pasta</em></span> <span class='ocrx_word' id='word_1_112' title='bbox 986 958 1127 997; x_wconf 86' lang='lat' dir='ltr'><em>firmant,</em></span> 
     </span>
     <span class='ocr_line' id='line_1_20' title="bbox 250 1007 1129 1052; baseline -0.003 -8"><span class='ocrx_word' id='word_1_113' title='bbox 250 1008 359 1044; x_wconf 83' lang='lat' dir='ltr'>scribit</span> <span class='ocrx_word' id='word_1_114' title='bbox 370 1008 581 1042; x_wconf 84' lang='lat' dir='ltr'>Innocentius</span> <span class='ocrx_word' id='word_1_115' title='bbox 592 1008 724 1042; x_wconf 86' lang='lat' dir='ltr'><em>tertius:</em></span> <span class='ocrx_word' id='word_1_116' title='bbox 752 1007 888 1041; x_wconf 84' lang='lat' dir='ltr'><em>Monacbi</em></span> <span class='ocrx_word' id='word_1_117' title='bbox 899 1013 931 1039; x_wconf 87' lang='lat' dir='ltr'><em>in</em></span> <span class='ocrx_word' id='word_1_118' title='bbox 952 1007 1129 1052; x_wconf 76' lang='lat' dir='ltr'><em>purificatio-</em></span> 
     </span>
     <span class='ocr_line' id='line_1_21' title="bbox 249 1058 1127 1102; baseline -0.005 -9"><span class='ocrx_word' id='word_1_119' title='bbox 249 1069 287 1093; x_wconf 78' lang='lat' dir='ltr'><em>ne</em></span> <span class='ocrx_word' id='word_1_120' title='bbox 296 1063 476 1101; x_wconf 84' lang='lat' dir='ltr'><em>parientium</em></span> <span class='ocrx_word' id='word_1_121' title='bbox 488 1058 587 1102; x_wconf 83' lang='lat' dir='ltr'><em>Missas</em></span> <span class='ocrx_word' id='word_1_122' title='bbox 600 1070 656 1091; x_wconf 83' lang='lat' dir='ltr'><em>non</em></span> <span class='ocrx_word' id='word_1_123' title='bbox 668 1067 786 1091; x_wconf 86' lang='lat' dir='ltr'><em>cantent</em></span> <span class='ocrx_word' id='word_1_124' title='bbox 798 1081 808 1096; x_wconf 94' lang='lat'><em>,</em></span> <span class='ocrx_word' id='word_1_125' title='bbox 832 1069 884 1092; x_wconf 89' lang='lat' dir='ltr'><em>nec</em></span> <span class='ocrx_word' id='word_1_126' title='bbox 904 1062 1059 1091; x_wconf 82' lang='lat' dir='ltr'><em>Orationes</em></span> <span class='ocrx_word' id='word_1_127' title='bbox 1081 1069 1127 1091; x_wconf 83' lang='lat' dir='ltr'><em>ex-</em></span> 
     </span>
     <span class='ocr_line' id='line_1_22' title="bbox 245 1106 1127 1154; baseline -0.001 -12"><span class='ocrx_word' id='word_1_128' title='bbox 245 1108 367 1153; x_wconf 83' lang='lat' dir='ltr'><em>solvant</em></span> <span class='ocrx_word' id='word_1_129' title='bbox 383 1134 397 1147; x_wconf 20' lang='grc' dir='ltr'><em>λ.</em></span> <span class='ocrx_word' id='word_1_130' title='bbox 424 1108 504 1154; x_wconf 74' lang='lat' dir='ltr'><em>Qae</em></span> <span class='ocrx_word' id='word_1_131' title='bbox 530 1109 641 1142; x_wconf 86' lang='lat' dir='ltr'><em>omnia</em></span> <span class='ocrx_word' id='word_1_132' title='bbox 668 1107 843 1142; x_wconf 87' lang='lat' dir='ltr'><em>ostendunt</em></span> <span class='ocrx_word' id='word_1_133' title='bbox 871 1106 954 1142; x_wconf 85' lang='lat' dir='ltr'><em>hanc</em></span> <span class='ocrx_word' id='word_1_134' title='bbox 980 1118 1127 1141; x_wconf 80' lang='lat' dir='ltr'><em>caeremo-</em></span> 
     </span>
     <span class='ocr_line' id='line_1_23' title="bbox 249 1157 1128 1202; baseline -0.005 -8"><span class='ocrx_word' id='word_1_135' title='bbox 249 1161 340 1194; x_wconf 71' lang='lat' dir='ltr'><em>niam</em></span> <span class='ocrx_word' id='word_1_136' title='bbox 362 1161 422 1193; x_wconf 79' lang='lat' dir='ltr'><em>effe</em></span> <span class='ocrx_word' id='word_1_137' title='bbox 449 1159 534 1202; x_wconf 82' lang='lat' dir='ltr'><em>apud</em></span> <span class='ocrx_word' id='word_1_138' title='bbox 546 1159 683 1193; x_wconf 87' lang='lat' dir='ltr'><em>Latinos</em></span> <span class='ocrx_word' id='word_1_139' title='bbox 701 1159 889 1202; x_wconf 80' lang='lat' dir='ltr'><em>antiquam.</em></span> <span class='ocrx_word' id='word_1_140' title='bbox 918 1157 1066 1192; x_wconf 86' lang='lat' dir='ltr'>Eandem</span> <span class='ocrx_word' id='word_1_141' title='bbox 1079 1157 1128 1191; x_wconf 87' lang='lat' dir='ltr'><em>uti</em></span> 
     </span>
     <span class='ocr_line' id='line_1_24' title="bbox 251 1205 1129 1253; baseline -0.001 -11"><span class='ocrx_word' id='word_1_142' title='bbox 251 1209 346 1242; x_wconf 81' lang='lat' dir='ltr'><em>talem</em></span> <span class='ocrx_word' id='word_1_143' title='bbox 363 1209 471 1242; x_wconf 75' lang='lat' dir='ltr'><em>laudat</em></span> <span class='ocrx_word' id='word_1_144' title='bbox 483 1207 625 1243; x_wconf 71' lang='lat' dir='ltr'><em>adductis</em></span> <span class='ocrx_word' id='word_1_145' title='bbox 635 1208 700 1251; x_wconf 78' lang='lat' dir='ltr'><em>jam</em></span> <span class='ocrx_word' id='word_1_146' title='bbox 712 1205 927 1253; x_wconf 87' lang='lat' dir='ltr'><em>Scriptoribus</em></span> <span class='ocrx_word' id='word_1_147' title='bbox 942 1207 1046 1243; x_wconf 73' lang='lat' dir='ltr'><em>fimior</em></span> <span class='ocrx_word' id='word_1_148' title='bbox 1057 1207 1129 1241; x_wconf 82' lang='lat' dir='ltr'><em>Ho·</em></span> 
     </span>
     <span class='ocr_line' id='line_1_25' title="bbox 251 1259 704 1303; baseline -0.007 -10"><span class='ocrx_word' id='word_1_149' title='bbox 251 1260 364 1293; x_wconf 88' lang='lat' dir='ltr'><em>norius</em></span> <span class='ocrx_word' id='word_1_150' title='bbox 387 1259 704 1303; x_wconf 83' lang='lat' dir='ltr'><em>Augustodunenfis.</em></span> 
     </span>
    </p>

    <p class='ocr_par' dir='ltr' id='par_1_4' title="bbox 244 1308 1130 3037">
     <span class='ocr_line' id='line_1_26' title="bbox 302 1308 1127 1352; baseline 0 -11"><span class='ocrx_word' id='word_1_151' title='bbox 302 1309 406 1342; x_wconf 82' lang='lat' dir='ltr'><em>Graeci</em></span> <span class='ocrx_word' id='word_1_152' title='bbox 429 1309 589 1352; x_wconf 84' lang='lat' dir='ltr'><em>puerperis</em></span> <span class='ocrx_word' id='word_1_153' title='bbox 614 1321 652 1345; x_wconf 80' lang='lat' dir='ltr'><em>ac</em></span> <span class='ocrx_word' id='word_1_154' title='bbox 678 1320 790 1344; x_wconf 82' lang='lat' dir='ltr'><em>earum</em></span> <span class='ocrx_word' id='word_1_155' title='bbox 811 1309 943 1344; x_wconf 87' lang='lat' dir='ltr'><em>foetibus</em></span> <span class='ocrx_word' id='word_1_156' title='bbox 970 1308 1127 1344; x_wconf 82' lang='lat' dir='ltr'><em>adhibent</em></span> 
     </span>
     <span class='ocr_line' id='line_1_27' title="bbox 250 1357 1129 1404; baseline 0 -12"><span class='ocrx_word' id='word_1_157' title='bbox 250 1359 353 1392; x_wconf 81' lang='lat' dir='ltr'><em>varias</em></span> <span class='ocrx_word' id='word_1_158' title='bbox 376 1360 617 1402; x_wconf 87' lang='lat' dir='ltr'><em>purificationes</em></span> <span class='ocrx_word' id='word_1_159' title='bbox 637 1385 644 1392; x_wconf 91' lang='lat'><em>.</em></span> <span class='ocrx_word' id='word_1_160' title='bbox 680 1359 917 1404; x_wconf 89' lang='lat' dir='ltr'><em>Euchologion</em></span> <span class='ocrx_word' id='word_1_161' title='bbox 945 1357 1042 1393; x_wconf 88' lang='lat' dir='ltr'><em>habet</em></span> <span class='ocrx_word' id='word_1_162' title='bbox 1069 1357 1129 1392; x_wconf 88' lang='lat' dir='ltr'><em>hos</em></span> 
     </span>
     <span class='ocr_line' id='line_1_28' title="bbox 250 1409 1130 1452; baseline -0.005 -9"><span class='ocrx_word' id='word_1_163' title='bbox 250 1409 382 1443; x_wconf 84' lang='lat' dir='ltr'><em>titulos:</em></span> <span class='ocrx_word' id='word_1_164' title='bbox 409 1413 564 1442; x_wconf 85' lang='lat' dir='ltr'><em>Orationes</em></span> <span class='ocrx_word' id='word_1_165' title='bbox 576 1417 610 1442; x_wconf 86' lang='lat' dir='ltr'><em>in</em></span> <span class='ocrx_word' id='word_1_166' title='bbox 619 1410 766 1443; x_wconf 85' lang='lat' dir='ltr'><em>mulierem</em></span> <span class='ocrx_word' id='word_1_167' title='bbox 774 1418 953 1452; x_wconf 83' lang='lat' dir='ltr'><em>puerperam</em></span> <span class='ocrx_word' id='word_1_168' title='bbox 977 1410 1024 1442; x_wconf 84' lang='lat' dir='ltr'><em>die</em></span> <span class='ocrx_word' id='word_1_169' title='bbox 1030 1415 1130 1450; x_wconf 89' lang='lat' dir='ltr'><em>primo</em></span> 
     </span>
     <span class='ocr_line' id='line_1_29' title="bbox 249 1457 1124 1503; baseline -0.002 -11"><span class='ocrx_word' id='word_1_170' title='bbox 249 1464 317 1492; x_wconf 79' lang='lat' dir='ltr'><em>nati</em></span> <span class='ocrx_word' id='word_1_171' title='bbox 322 1465 409 1501; x_wconf 90' lang='lat' dir='ltr'><em>pueri</em></span> <span class='ocrx_word' id='word_1_172' title='bbox 421 1482 429 1491; x_wconf 91' lang='lat'><strong>.</strong></span> <span class='ocrx_word' id='word_1_173' title='bbox 457 1464 559 1492; x_wconf 82' lang='lat' dir='ltr'><em>Oratio</em></span> <span class='ocrx_word' id='word_1_174' title='bbox 567 1462 611 1493; x_wconf 86' lang='lat' dir='ltr'><em>ad</em></span> <span class='ocrx_word' id='word_1_175' title='bbox 629 1470 710 1493; x_wconf 83' lang='lat' dir='ltr'><em>cruce</em></span> <span class='ocrx_word' id='word_1_176' title='bbox 714 1459 892 1503; x_wconf 78' lang='lat' dir='ltr'><em>signandum</em></span> <span class='ocrx_word' id='word_1_177' title='bbox 909 1469 1055 1501; x_wconf 85' lang='lat' dir='ltr'><em>puerum,</em></span> <span class='ocrx_word' id='word_1_178' title='bbox 1078 1457 1124 1501; x_wconf 90' lang='lat' dir='ltr'><em>su·</em></span> 
     </span>
     <span class='ocr_line' id='line_1_30' title="bbox 244 1508 1128 1553; baseline -0.002 -12"><span class='ocrx_word' id='word_1_179' title='bbox 244 1508 418 1553; x_wconf 69' lang='lat' dir='ltr'><em>ftipiemem</em></span> <span class='ocrx_word' id='word_1_180' title='bbox 429 1521 533 1543; x_wconf 84' lang='lat' dir='ltr'><em>nomen</em></span> <span class='ocrx_word' id='word_1_181' title='bbox 544 1510 649 1543; x_wconf 61' lang='lat' dir='ltr'><em>ocft&#39;ava</em></span> <span class='ocrx_word' id='word_1_182' title='bbox 670 1511 718 1544; x_wconf 87' lang='lat' dir='ltr'><em>die</em></span> <span class='ocrx_word' id='word_1_183' title='bbox 741 1515 914 1543; x_wconf 86' lang='lat' dir='ltr'><em>nativitatis</em></span> <span class='ocrx_word' id='word_1_184' title='bbox 933 1534 940 1541; x_wconf 89' lang='lat'><strong>.</strong></span> <span class='ocrx_word' id='word_1_185' title='bbox 970 1514 1072 1542; x_wconf 85' lang='lat' dir='ltr'><em>Oratio</em></span> <span class='ocrx_word' id='word_1_186' title='bbox 1097 1513 1128 1539; x_wconf 86' lang='lat' dir='ltr'><em>in</em></span> 
     </span>
     <span class='ocr_line' id='line_1_31' title="bbox 248 1558 1126 1602; baseline -0.006 -10"><span class='ocrx_word' id='word_1_187' title='bbox 248 1561 399 1593; x_wconf 85' lang='lat' dir='ltr'><em>mulierem</em></span> <span class='ocrx_word' id='word_1_188' title='bbox 407 1569 586 1602; x_wconf 83' lang='lat' dir='ltr'><em>puerperam</em></span> <span class='ocrx_word' id='word_1_189' title='bbox 592 1559 654 1601; x_wconf 86' lang='lat' dir='ltr'><em>post</em></span> <span class='ocrx_word' id='word_1_190' title='bbox 665 1564 772 1601; x_wconf 75' lang='lat' dir='ltr'><em>viginti</em></span> <span class='ocrx_word' id='word_1_191' title='bbox 796 1559 848 1591; x_wconf 83' lang='lat' dir='ltr'><em>vel</em></span> <span class='ocrx_word' id='word_1_192' title='bbox 858 1559 1023 1598; x_wconf 80' lang='lat' dir='ltr'><em>quindecim</em></span> <span class='ocrx_word' id='word_1_193' title='bbox 1044 1558 1109 1589; x_wconf 84' lang='lat' dir='ltr'><em>dies</em></span> <span class='ocrx_word' id='word_1_194' title='bbox 1118 1579 1126 1587; x_wconf 86' lang='lat'><strong>.</strong></span> 
     </span>
     <span class='ocr_line' id='line_1_32' title="bbox 249 1604 1125 1649; baseline -0.006 -7"><span class='ocrx_word' id='word_1_195' title='bbox 249 1614 355 1642; x_wconf 81' lang='lat' dir='ltr'><em>Oratio</em></span> <span class='ocrx_word' id='word_1_196' title='bbox 365 1617 397 1641; x_wconf 86' lang='lat' dir='ltr'><em>in</em></span> <span class='ocrx_word' id='word_1_197' title='bbox 407 1611 551 1641; x_wconf 82' lang='lat' dir='ltr'><em>mulierem</em></span> <span class='ocrx_word' id='word_1_198' title='bbox 557 1614 735 1648; x_wconf 80' lang='lat' dir='ltr'><em>puerperam</em></span> <span class='ocrx_word' id='word_1_199' title='bbox 741 1604 803 1647; x_wconf 81' lang='lat' dir='ltr'><em>post</em></span> <span class='ocrx_word' id='word_1_200' title='bbox 814 1606 1015 1649; x_wconf 83' lang='lat' dir='ltr'><em>quadraginta</em></span> <span class='ocrx_word' id='word_1_201' title='bbox 1038 1607 1101 1638; x_wconf 81' lang='lat' dir='ltr'><em>dies</em></span> <span class='ocrx_word' id='word_1_202' title='bbox 1118 1630 1125 1637; x_wconf 93' lang='lat'><strong><em>.</em></strong></span> 
     </span>
     <span class='ocr_line' id='line_1_33' title="bbox 249 1654 1129 1697; baseline -0.008 -6"><span class='ocrx_word' id='word_1_203' title='bbox 249 1657 295 1691; x_wconf 86' lang='lat' dir='ltr'><em>Et</em></span> <span class='ocrx_word' id='word_1_204' title='bbox 306 1657 347 1691; x_wconf 81' lang='lat' dir='ltr'><em>ad</em></span> <span class='ocrx_word' id='word_1_205' title='bbox 361 1657 447 1690; x_wconf 89' lang='lat' dir='ltr'><em>hunc</em></span> <span class='ocrx_word' id='word_1_206' title='bbox 460 1656 593 1690; x_wconf 79' lang='lat' dir='ltr'><em>titulum</em></span> <span class='ocrx_word' id='word_1_207' title='bbox 607 1655 773 1697; x_wconf 85' lang='lat' dir='ltr'><em>subjicitur</em></span> <span class='ocrx_word' id='word_1_208' title='bbox 788 1668 795 1686; x_wconf 92' lang='lat'>:</span> <span class='ocrx_word' id='word_1_209' title='bbox 822 1654 1056 1696; x_wconf 73' lang='lat' dir='ltr'><em>‚Quadragesimo</em></span> <span class='ocrx_word' id='word_1_210' title='bbox 1078 1655 1129 1685; x_wconf 75' lang='lat' dir='ltr'><em>dte</em></span> 
     </span>
     <span class='ocr_line' id='line_1_34' title="bbox 247 1700 1128 1749; baseline -0.006 -10"><span class='ocrx_word' id='word_1_211' title='bbox 247 1706 363 1749; x_wconf 71' lang='lat' dir='ltr'><em>rursum</em></span> <span class='ocrx_word' id='word_1_212' title='bbox 375 1708 479 1747; x_wconf 88' lang='lat' dir='ltr'><em>templo</em></span> <span class='ocrx_word' id='word_1_213' title='bbox 487 1704 686 1747; x_wconf 81' lang='lat' dir='ltr'><em>praesentatur</em></span> <span class='ocrx_word' id='word_1_214' title='bbox 697 1712 774 1745; x_wconf 85' lang='lat' dir='ltr'><em>puer</em></span> <span class='ocrx_word' id='word_1_215' title='bbox 787 1727 797 1743; x_wconf 92' lang='lat'>‚</span> <span class='ocrx_word' id='word_1_216' title='bbox 823 1712 855 1735; x_wconf 87' lang='lat' dir='ltr'><em>ut</em></span> <span class='ocrx_word' id='word_1_217' title='bbox 877 1700 1009 1743; x_wconf 79' lang='lat' dir='ltr'><em>Ecclefiae</em></span> <span class='ocrx_word' id='word_1_218' title='bbox 1028 1713 1128 1746; x_wconf 86' lang='lat' dir='ltr'><em>aggre-</em></span> 
     </span>
     <span class='ocr_line' id='line_1_35' title="bbox 245 1751 1128 1800; baseline -0.005 -12"><span class='ocrx_word' id='word_1_219' title='bbox 245 1766 353 1800; x_wconf 78' lang='lat' dir='ltr'><em>getur,</em></span> <span class='ocrx_word' id='word_1_220' title='bbox 381 1754 462 1794; x_wconf 84' lang='lat' dir='ltr'><em>idest</em></span> <span class='ocrx_word' id='word_1_221' title='bbox 481 1780 492 1796; x_wconf 91' lang='lat'>‚</span> <span class='ocrx_word' id='word_1_222' title='bbox 520 1764 553 1787; x_wconf 92' lang='lat' dir='ltr'><em>ut</em></span> <span class='ocrx_word' id='word_1_223' title='bbox 566 1760 598 1787; x_wconf 89' lang='lat' dir='ltr'><em>in</em></span> <span class='ocrx_word' id='word_1_224' title='bbox 610 1753 763 1796; x_wconf 85' lang='lat' dir='ltr'><em>Ecclefiam</em></span> <span class='ocrx_word' id='word_1_225' title='bbox 774 1754 874 1787; x_wconf 85' lang='lat' dir='ltr'><em>induci</em></span> <span class='ocrx_word' id='word_1_226' title='bbox 894 1751 995 1795; x_wconf 85' lang='lat' dir='ltr'><em>sumat</em></span> <span class='ocrx_word' id='word_1_227' title='bbox 1018 1757 1128 1795; x_wconf 86' lang='lat' dir='ltr'><em>princi-</em></span> 
     </span>
     <span class='ocr_line' id='line_1_36' title="bbox 244 1805 1124 1848; baseline -0.003 -9"><span class='ocrx_word' id='word_1_228' title='bbox 244 1811 332 1848; x_wconf 81' lang='lat' dir='ltr'><em>pium</em></span> <span class='ocrx_word' id='word_1_229' title='bbox 342 1829 349 1836; x_wconf 87' lang='lat'><strong>.</strong></span> <span class='ocrx_word' id='word_1_230' title='bbox 377 1808 401 1835; x_wconf 84' lang='lat' dir='ltr'><em>A</em></span> <span class='ocrx_word' id='word_1_231' title='bbox 414 1814 507 1838; x_wconf 88' lang='lat' dir='ltr'><em>matre</em></span> <span class='ocrx_word' id='word_1_232' title='bbox 517 1807 588 1839; x_wconf 73' lang='lat' dir='ltr'><em>vero</em></span> <span class='ocrx_word' id='word_1_233' title='bbox 604 1828 614 1843; x_wconf 95' lang='lat'><em>,</em></span> <span class='ocrx_word' id='word_1_234' title='bbox 633 1806 704 1844; x_wconf 86' lang='lat' dir='ltr'><em>jam</em></span> <span class='ocrx_word' id='word_1_235' title='bbox 710 1805 801 1846; x_wconf 69' lang='lat' dir='ltr'><em>plene</em></span> <span class='ocrx_word' id='word_1_236' title='bbox 824 1805 973 1837; x_wconf 85' lang='lat' dir='ltr'><em>mundata</em></span> <span class='ocrx_word' id='word_1_237' title='bbox 999 1805 1033 1837; x_wconf 65' lang='grc' dir='ltr'>Θ</span> <span class='ocrx_word' id='word_1_238' title='bbox 1043 1805 1103 1837; x_wconf 86' lang='lat' dir='ltr'><em>lota</em></span> <span class='ocrx_word' id='word_1_239' title='bbox 1114 1827 1124 1843; x_wconf 95' lang='lat'><em>‚</em></span> 
     </span>
     <span class='ocr_line' id='line_1_37' title="bbox 249 1853 1123 1897; baseline -0.001 -9"><span class='ocrx_word' id='word_1_240' title='bbox 249 1854 385 1894; x_wconf 79' lang='lat' dir='ltr'><em>adstante</em></span> <span class='ocrx_word' id='word_1_241' title='bbox 396 1860 485 1888; x_wconf 86' lang='lat' dir='ltr'><em>etiam</em></span> <span class='ocrx_word' id='word_1_242' title='bbox 497 1859 547 1896; x_wconf 87' lang='lat' dir='ltr'><em>qui</em></span> <span class='ocrx_word' id='word_1_243' title='bbox 557 1853 731 1897; x_wconf 76' lang='lat' dir='ltr'><em>Susceptoris</em></span> <span class='ocrx_word' id='word_1_244' title='bbox 751 1864 856 1887; x_wconf 88' lang='lat' dir='ltr'><em>munus</em></span> <span class='ocrx_word' id='word_1_245' title='bbox 878 1861 910 1886; x_wconf 85' lang='lat' dir='ltr'><em>in</em></span> <span class='ocrx_word' id='word_1_246' title='bbox 933 1853 1123 1897; x_wconf 85' lang='lat' dir='ltr'><em>Baptismate</em></span> 
     </span>
     <span class='ocr_line' id='line_1_38' title="bbox 248 1903 1126 1947; baseline 0 -10"><span class='ocrx_word' id='word_1_247' title='bbox 248 1905 380 1940; x_wconf 69' lang='lat' dir='ltr'><em>obiturus</em></span> <span class='ocrx_word' id='word_1_248' title='bbox 390 1905 426 1944; x_wconf 84' lang='lat' dir='ltr'><em>est</em></span> <span class='ocrx_word' id='word_1_249' title='bbox 442 1930 452 1945; x_wconf 94' lang='lat'><em>‚</em></span> <span class='ocrx_word' id='word_1_250' title='bbox 479 1903 597 1944; x_wconf 84' lang='lat' dir='ltr'><em>offertur</em></span> <span class='ocrx_word' id='word_1_251' title='bbox 610 1929 617 1936; x_wconf 87' lang='lat'><strong>.</strong></span> <span class='ocrx_word' id='word_1_252' title='bbox 645 1905 687 1937; x_wconf 89' lang='lat' dir='ltr'><em>Et</em></span> <span class='ocrx_word' id='word_1_253' title='bbox 701 1904 742 1938; x_wconf 89' lang='lat' dir='ltr'><em>de</em></span> <span class='ocrx_word' id='word_1_254' title='bbox 753 1905 852 1947; x_wconf 84' lang='lat' dir='ltr'><em>prima</em></span> <span class='ocrx_word' id='word_1_255' title='bbox 874 1904 1025 1937; x_wconf 80' lang='lat' dir='ltr'><em>oratione</em></span> <span class='ocrx_word' id='word_1_256' title='bbox 1046 1915 1126 1947; x_wconf 83' lang='lat' dir='ltr'><em>quae·</em></span> 
     </span>
     <span class='ocr_line' id='line_1_39' title="bbox 249 1952 1126 1996; baseline -0.002 -7"><span class='ocrx_word' id='word_1_257' title='bbox 249 1956 334 1989; x_wconf 79' lang='lat' dir='ltr'><em>ritin</em></span> <span class='ocrx_word' id='word_1_258' title='bbox 359 1954 442 1988; x_wconf 86' lang='lat' dir='ltr'><em>libro</em></span> <span class='ocrx_word' id='word_1_259' title='bbox 466 1954 505 1987; x_wconf 82' lang='lat' dir='ltr'><em>de</em></span> <span class='ocrx_word' id='word_1_260' title='bbox 516 1955 730 1988; x_wconf 82' lang='lat' dir='ltr'><em>Sacramentis</em></span> <span class='ocrx_word' id='word_1_261' title='bbox 753 1954 885 1988; x_wconf 80' lang='lat' dir='ltr'><em>Simeon</em></span> <span class='ocrx_word' id='word_1_262' title='bbox 900 1952 1126 1996; x_wconf 83' lang='lat' dir='ltr'><em>Archiepisco-</em></span> 
     </span>
     <span class='ocr_line' id='line_1_40' title="bbox 250 2003 1125 2048; baseline -0.001 -11"><span class='ocrx_word' id='word_1_263' title='bbox 250 2016 309 2048; x_wconf 79' lang='lat' dir='ltr'><em>pus</em></span> <span class='ocrx_word' id='word_1_264' title='bbox 322 2003 621 2037; x_wconf 71' lang='lat' dir='ltr'><em>Thessalonicensis</em></span> <span class='ocrx_word' id='word_1_265' title='bbox 631 2017 642 2036; x_wconf 89' lang='grc'><em>.·</em></span> <span class='ocrx_word' id='word_1_266' title='bbox 675 2006 782 2046; x_wconf 74' lang='lat' dir='ltr'><em>‚Quare</em></span> <span class='ocrx_word' id='word_1_267' title='bbox 796 2008 828 2035; x_wconf 84' lang='lat' dir='ltr'><em>in</em></span> <span class='ocrx_word' id='word_1_268' title='bbox 833 2008 921 2045; x_wconf 84' lang='lat' dir='ltr'><em>pueri</em></span> <span class='ocrx_word' id='word_1_269' title='bbox 932 2009 1094 2036; x_wconf 81' lang='lat' dir='ltr'><em>nativitate</em></span> <span class='ocrx_word' id='word_1_270' title='bbox 1105 2006 1125 2036; x_wconf 80' lang='grc' dir='ltr'><em>ἃ</em></span> 
     </span>
     <span class='ocr_line' id='line_1_41' title="bbox 247 2052 1125 2097; baseline 0 -11"><span class='ocrx_word' id='word_1_271' title='bbox 247 2054 400 2086; x_wconf 78' lang='lat' dir='ltr'><em>sacerdote</em></span> <span class='ocrx_word' id='word_1_272' title='bbox 406 2053 444 2094; x_wconf 83' lang='lat' dir='ltr'><em>fit</em></span> <span class='ocrx_word' id='word_1_273' title='bbox 455 2054 570 2086; x_wconf 85' lang='lat' dir='ltr'><em>oratio?</em></span> <span class='ocrx_word' id='word_1_274' title='bbox 597 2054 640 2086; x_wconf 90' lang='lat' dir='ltr'><em>Et</em></span> <span class='ocrx_word' id='word_1_275' title='bbox 659 2052 850 2096; x_wconf 87' lang='lat' dir='ltr'><em>respondet:</em></span> <span class='ocrx_word' id='word_1_276' title='bbox 877 2055 1125 2097; x_wconf 74' lang='lat' dir='ltr'><em>‚Quandoquidem</em></span> 
     </span>
     <span class='ocr_line' id='line_1_42' title="bbox 249 2103 1125 2146; baseline 0 -10"><span class='ocrx_word' id='word_1_277' title='bbox 249 2114 338 2137; x_wconf 86' lang='lat' dir='ltr'><em>carne</em></span> <span class='ocrx_word' id='word_1_278' title='bbox 349 2112 432 2135; x_wconf 87' lang='lat' dir='ltr'><em>natos</em></span> <span class='ocrx_word' id='word_1_279' title='bbox 444 2125 453 2141; x_wconf 88' lang='lat'>‚</span> <span class='ocrx_word' id='word_1_280' title='bbox 480 2105 522 2135; x_wconf 85' lang='lat' dir='ltr'><em>ad</em></span> <span class='ocrx_word' id='word_1_281' title='bbox 531 2105 549 2135; x_wconf 86' lang='lat'>5</span> <span class='ocrx_word' id='word_1_282' title='bbox 546 2107 660 2145; x_wconf 81' lang='lat' dir='ltr'><em>piritus</em></span> <span class='ocrx_word' id='word_1_283' title='bbox 673 2108 917 2146; x_wconf 80' lang='lat' dir='ltr'><em>regenerationem</em></span> <span class='ocrx_word' id='word_1_284' title='bbox 937 2103 992 2137; x_wconf 85' lang='lat' dir='ltr'><em>hac</em></span> <span class='ocrx_word' id='word_1_285' title='bbox 1012 2110 1065 2137; x_wconf 83' lang='lat' dir='ltr'><em>vla</em></span> <span class='ocrx_word' id='word_1_286' title='bbox 1077 2105 1125 2136; x_wconf 87' lang='lat' dir='ltr'><em>de-</em></span> 
     </span>
     <span class='ocr_line' id='line_1_43' title="bbox 249 2152 1125 2194; baseline 0 -8"><span class='ocrx_word' id='word_1_287' title='bbox 249 2154 318 2186; x_wconf 85' lang='lat' dir='ltr'><em>duci</em></span> <span class='ocrx_word' id='word_1_288' title='bbox 329 2164 379 2185; x_wconf 82' lang='lat' dir='ltr'><em>nos</em></span> <span class='ocrx_word' id='word_1_289' title='bbox 392 2159 528 2186; x_wconf 86' lang='lat' dir='ltr'><em>convenit</em></span> <span class='ocrx_word' id='word_1_290' title='bbox 540 2177 550 2192; x_wconf 88' lang='lat'><em>,</em></span> <span class='ocrx_word' id='word_1_291' title='bbox 577 2152 699 2193; x_wconf 76' lang='lat' dir='ltr'><em>Ecclesia</em></span> <span class='ocrx_word' id='word_1_292' title='bbox 713 2152 822 2194; x_wconf 74' lang='lat' dir='ltr'><em>Christi</em></span> <span class='ocrx_word' id='word_1_293' title='bbox 835 2178 845 2194; x_wconf 93' lang='lat'><em>,</em></span> <span class='ocrx_word' id='word_1_294' title='bbox 872 2163 905 2186; x_wconf 91' lang='lat' dir='ltr'><em>ut</em></span> <span class='ocrx_word' id='word_1_295' title='bbox 935 2154 1125 2186; x_wconf 82' lang='lat' dir='ltr'><em>immaculata</em></span> 
     </span>
     <span class='ocr_line' id='line_1_44' title="bbox 251 2201 1125 2246; baseline 0 -9"><span class='ocrx_word' id='word_1_296' title='bbox 251 2206 285 2237; x_wconf 71' lang='lat' dir='ltr'><em>o·</em></span> <span class='ocrx_word' id='word_1_297' title='bbox 295 2208 326 2235; x_wconf 84' lang='lat' dir='ltr'><em>in</em></span> <span class='ocrx_word' id='word_1_298' title='bbox 339 2201 450 2243; x_wconf 74' lang='lat' dir='ltr'><em>christo</em></span> <span class='ocrx_word' id='word_1_299' title='bbox 456 2201 640 2246; x_wconf 62' lang='lat' dir='ltr'><em>sachificata</em></span> <span class='ocrx_word' id='word_1_300' title='bbox 653 2227 663 2243; x_wconf 91' lang='lat'><em>,</em></span> <span class='ocrx_word' id='word_1_301' title='bbox 690 2209 766 2237; x_wconf 84' lang='lat' dir='ltr'><em>inter</em></span> <span class='ocrx_word' id='word_1_302' title='bbox 779 2207 838 2236; x_wconf 89' lang='lat' dir='ltr'><em>Deo</em></span> <span class='ocrx_word' id='word_1_303' title='bbox 848 2205 966 2237; x_wconf 87' lang='lat' dir='ltr'><em>devotos</em></span> <span class='ocrx_word' id='word_1_304' title='bbox 984 2210 1125 2245; x_wconf 84' lang='lat' dir='ltr'><em>peccatri-</em></span> 
     </span>
     <span class='ocr_line' id='line_1_45' title="bbox 248 2253 1125 2297; baseline 0.001 -11"><span class='ocrx_word' id='word_1_305' title='bbox 248 2265 309 2286; x_wconf 85' lang='lat' dir='ltr'><em>eem</em></span> <span class='ocrx_word' id='word_1_306' title='bbox 321 2253 446 2293; x_wconf 87' lang='lat' dir='ltr'><em>nostram</em></span> <span class='ocrx_word' id='word_1_307' title='bbox 472 2255 553 2287; x_wconf 74' lang='lat' dir='ltr'><em>&amp;ex</em></span> <span class='ocrx_word' id='word_1_308' title='bbox 581 2264 669 2287; x_wconf 88' lang='lat' dir='ltr'><em>carne</em></span> <span class='ocrx_word' id='word_1_309' title='bbox 675 2259 889 2297; x_wconf 86' lang='lat' dir='ltr'><em>generationem</em></span> <span class='ocrx_word' id='word_1_310' title='bbox 904 2253 1005 2294; x_wconf 81' lang='lat' dir='ltr'><em>statim</em></span> <span class='ocrx_word' id='word_1_311' title='bbox 1028 2265 1125 2287; x_wconf 88' lang='lat' dir='ltr'><em>emun-</em></span> 
     </span>
     <span class='ocr_line' id='line_1_46' title="bbox 247 2304 1125 2346; baseline 0 -10"><span class='ocrx_word' id='word_1_312' title='bbox 247 2305 323 2336; x_wconf 84' lang='lat' dir='ltr'><em>dare</em></span> <span class='ocrx_word' id='word_1_313' title='bbox 331 2304 503 2346; x_wconf 84' lang='lat' dir='ltr'><em>aggreditur</em></span> <span class='ocrx_word' id='word_1_314' title='bbox 516 2329 522 2335; x_wconf 89' lang='lat'>.</span> <span class='ocrx_word' id='word_1_315' title='bbox 552 2307 596 2336; x_wconf 87' lang='lat' dir='ltr'><em>Et</em></span> <span class='ocrx_word' id='word_1_316' title='bbox 606 2304 626 2335; x_wconf 73' lang='grc' dir='ltr'><em>ἃ</em></span> <span class='ocrx_word' id='word_1_317' title='bbox 637 2313 733 2338; x_wconf 89' lang='lat' dir='ltr'><em>matre</em></span> <span class='ocrx_word' id='word_1_318' title='bbox 743 2305 852 2338; x_wconf 84' lang='lat' dir='ltr'><em>devota</em></span> <span class='ocrx_word' id='word_1_319' title='bbox 855 2304 937 2345; x_wconf 80' lang='lat' dir='ltr'><em>foetu</em></span> <span class='ocrx_word' id='word_1_320' title='bbox 949 2304 1026 2337; x_wconf 84' lang='lat' dir='ltr'><em>edito</em></span> <span class='ocrx_word' id='word_1_321' title='bbox 1036 2329 1046 2345; x_wconf 91' lang='lat'><em>,</em></span> <span class='ocrx_word' id='word_1_322' title='bbox 1070 2305 1125 2336; x_wconf 86' lang='lat' dir='ltr'><em>ad-</em></span> 
     </span>
     <span class='ocr_line' id='line_1_47' title="bbox 249 2353 1123 2398; baseline 0.001 -12"><span class='ocrx_word' id='word_1_323' title='bbox 249 2358 336 2386; x_wconf 81' lang='lat' dir='ltr'><em>venit</em></span> <span class='ocrx_word' id='word_1_324' title='bbox 348 2355 367 2385; x_wconf 86' lang='lat'>5</span> <span class='ocrx_word' id='word_1_325' title='bbox 368 2355 485 2386; x_wconf 78' lang='lat' dir='ltr'><em>acerdos</em></span> <span class='ocrx_word' id='word_1_326' title='bbox 498 2378 507 2392; x_wconf 94' lang='lat'><em>,</em></span> <span class='ocrx_word' id='word_1_327' title='bbox 533 2355 649 2395; x_wconf 89' lang='lat' dir='ltr'><em>Deoque</em></span> <span class='ocrx_word' id='word_1_328' title='bbox 660 2355 778 2387; x_wconf 86' lang='lat' dir='ltr'><em>laudem</em></span> <span class='ocrx_word' id='word_1_329' title='bbox 790 2360 852 2398; x_wconf 85' lang='lat' dir='ltr'><em>agit</em></span> <span class='ocrx_word' id='word_1_330' title='bbox 868 2378 878 2394; x_wconf 94' lang='lat'><em>,</em></span> <span class='ocrx_word' id='word_1_331' title='bbox 903 2360 973 2396; x_wconf 84' lang='lat' dir='ltr'><em>quia</em></span> <span class='ocrx_word' id='word_1_332' title='bbox 984 2364 1072 2387; x_wconf 85' lang='lat' dir='ltr'><em>natus</em></span> <span class='ocrx_word' id='word_1_333' title='bbox 1084 2353 1123 2395; x_wconf 82' lang='lat' dir='ltr'><em>est</em></span> 
     </span>
     <span class='ocr_line' id='line_1_48' title="bbox 247 2402 1125 2448; baseline 0.002 -13"><span class='ocrx_word' id='word_1_334' title='bbox 247 2402 331 2436; x_wconf 85' lang='lat' dir='ltr'><em>bomo</em></span> <span class='ocrx_word' id='word_1_335' title='bbox 343 2409 374 2435; x_wconf 84' lang='lat' dir='ltr'><em>tn</em></span> <span class='ocrx_word' id='word_1_336' title='bbox 397 2404 539 2436; x_wconf 89' lang='lat' dir='ltr'><em>mundum</em></span> <span class='ocrx_word' id='word_1_337' title='bbox 558 2427 568 2443; x_wconf 91' lang='lat'><em>,</em></span> <span class='ocrx_word' id='word_1_338' title='bbox 587 2403 723 2448; x_wconf 84' lang='lat' dir='ltr'><em>fignoque</em></span> <span class='ocrx_word' id='word_1_339' title='bbox 738 2407 840 2437; x_wconf 84' lang='lat' dir='ltr'><em>Crucis</em></span> <span class='ocrx_word' id='word_1_340' title='bbox 861 2413 987 2446; x_wconf 87' lang='lat' dir='ltr'><em>puerum</em></span> <span class='ocrx_word' id='word_1_341' title='bbox 1008 2404 1125 2438; x_wconf 81' lang='lat' dir='ltr'><em>benedi-</em></span> 
     </span>
     <span class='ocr_line' id='line_1_49' title="bbox 249 2453 1125 2497; baseline 0 -11"><span class='ocrx_word' id='word_1_342' title='bbox 249 2458 290 2486; x_wconf 79' lang='lat' dir='ltr'><em>cit</em></span> <span class='ocrx_word' id='word_1_343' title='bbox 304 2477 314 2492; x_wconf 91' lang='lat'><em>,</em></span> <span class='ocrx_word' id='word_1_344' title='bbox 340 2455 373 2486; x_wconf 71' lang='lat'><em>(9⁸</em></span> <span class='ocrx_word' id='word_1_345' title='bbox 385 2459 491 2486; x_wconf 80' lang='lat' dir='ltr'><em>vivum</em></span> <span class='ocrx_word' id='word_1_346' title='bbox 499 2462 675 2495; x_wconf 84' lang='lat' dir='ltr'><em>permanere</em></span> <span class='ocrx_word' id='word_1_347' title='bbox 685 2479 696 2495; x_wconf 91' lang='lat'><em>,</em></span> <span class='ocrx_word' id='word_1_348' title='bbox 723 2466 757 2487; x_wconf 92' lang='lat' dir='ltr'><em>ac</em></span> <span class='ocrx_word' id='word_1_349' title='bbox 767 2453 955 2497; x_wconf 87' lang='lat' dir='ltr'><em>Baptismum</em></span> <span class='ocrx_word' id='word_1_350' title='bbox 981 2457 1014 2488; x_wconf 68' lang='lat'><em>&amp;⁶</em></span> <span class='ocrx_word' id='word_1_351' title='bbox 1026 2453 1125 2496; x_wconf 87' lang='lat' dir='ltr'><em>Chris-</em></span> 
     </span>
     <span class='ocr_line' id='line_1_50' title="bbox 248 2501 1124 2546; baseline 0.001 -11"><span class='ocrx_word' id='word_1_352' title='bbox 248 2514 300 2535; x_wconf 82' lang='lat' dir='ltr'><em>ma</em></span> <span class='ocrx_word' id='word_1_353' title='bbox 308 2501 453 2544; x_wconf 81' lang='lat' dir='ltr'><em>suscipere</em></span> <span class='ocrx_word' id='word_1_354' title='bbox 461 2502 586 2544; x_wconf 73' lang='lat' dir='ltr'><em>postulat</em></span> <span class='ocrx_word' id='word_1_355' title='bbox 596 2529 605 2542; x_wconf 90' lang='lat'><em>,</em></span> <span class='ocrx_word' id='word_1_356' title='bbox 636 2506 669 2538; x_wconf 59' lang='lat' dir='ltr'><em>l&amp;</em></span> <span class='ocrx_word' id='word_1_357' title='bbox 682 2510 772 2537; x_wconf 84' lang='lat' dir='ltr'><em>matri</em></span> <span class='ocrx_word' id='word_1_358' title='bbox 780 2513 920 2546; x_wconf 86' lang='lat' dir='ltr'><em>precatur</em></span> <span class='ocrx_word' id='word_1_359' title='bbox 931 2515 996 2546; x_wconf 83' lang='lat' dir='ltr'><em>quae</em></span> <span class='ocrx_word' id='word_1_360' title='bbox 1016 2506 1062 2537; x_wconf 87' lang='lat' dir='ltr'><em>ad</em></span> <span class='ocrx_word' id='word_1_361' title='bbox 1076 2502 1124 2546; x_wconf 87' lang='lat' dir='ltr'><em>sa-</em></span> 
     </span>
     <span class='ocr_line' id='line_1_51' title="bbox 248 2552 1124 2597; baseline 0.001 -11"><span class='ocrx_word' id='word_1_362' title='bbox 248 2553 336 2587; x_wconf 74' lang='lat' dir='ltr'><em>tutem</em></span> <span class='ocrx_word' id='word_1_363' title='bbox 347 2554 526 2586; x_wconf 84' lang='lat' dir='ltr'><em>conducunt.</em></span> <span class='ocrx_word' id='word_1_364' title='bbox 554 2557 628 2586; x_wconf 90' lang='lat' dir='ltr'><em>Tum</em></span> <span class='ocrx_word' id='word_1_365' title='bbox 639 2556 684 2587; x_wconf 84' lang='lat' dir='ltr'><em>illi</em></span> <span class='ocrx_word' id='word_1_366' title='bbox 697 2579 707 2594; x_wconf 94' lang='lat'><em>,</em></span> <span class='ocrx_word' id='word_1_367' title='bbox 732 2555 844 2587; x_wconf 78' lang='lat' dir='ltr'><em>&amp;aliis</em></span> <span class='ocrx_word' id='word_1_368' title='bbox 856 2565 918 2587; x_wconf 92' lang='lat' dir='ltr'><em>cum</em></span> <span class='ocrx_word' id='word_1_369' title='bbox 938 2552 1003 2597; x_wconf 83' lang='lat' dir='ltr'><em>ipsa</em></span> <span class='ocrx_word' id='word_1_370' title='bbox 1024 2555 1124 2587; x_wconf 81' lang='lat' dir='ltr'><em>mulie-</em></span> 
     </span>
     <span class='ocr_line' id='line_1_52' title="bbox 249 2601 1125 2646; baseline 0.006 -13"><span class='ocrx_word' id='word_1_371' title='bbox 249 2601 333 2634; x_wconf 78' lang='lat' dir='ltr'><em>ribus</em></span> <span class='ocrx_word' id='word_1_372' title='bbox 351 2607 462 2644; x_wconf 82' lang='lat' dir='ltr'><em>gratiae</em></span> <span class='ocrx_word' id='word_1_373' title='bbox 487 2605 521 2635; x_wconf 63' lang='lat'><em>(5</em></span> <span class='ocrx_word' id='word_1_374' title='bbox 539 2602 780 2645; x_wconf 73' lang='lat' dir='ltr'><em>sam‘lificationis</em></span> <span class='ocrx_word' id='word_1_375' title='bbox 804 2606 911 2637; x_wconf 88' lang='lat' dir='ltr'><em>donum</em></span> <span class='ocrx_word' id='word_1_376' title='bbox 933 2609 1065 2646; x_wconf 86' lang='lat' dir='ltr'><em>impertit</em></span> <span class='ocrx_word' id='word_1_377' title='bbox 1091 2606 1125 2638; x_wconf 71' lang='lat'><em>&lt;9⁹</em></span> 
     </span>
     <span class='ocr_line' id='line_1_53' title="bbox 246 2650 1124 2695; baseline 0.007 -14"><span class='ocrx_word' id='word_1_378' title='bbox 246 2656 370 2692; x_wconf 81' lang='lat' dir='ltr'><em>propria</em></span> <span class='ocrx_word' id='word_1_379' title='bbox 373 2650 428 2690; x_wconf 81' lang='lat' dir='ltr'><em>fibi</em></span> <span class='ocrx_word' id='word_1_380' title='bbox 440 2660 528 2692; x_wconf 88' lang='lat' dir='ltr'><em>opera</em></span> <span class='ocrx_word' id='word_1_381' title='bbox 536 2650 650 2694; x_wconf 83' lang='lat' dir='ltr'><em>semper</em></span> <span class='ocrx_word' id='word_1_382' title='bbox 661 2656 824 2695; x_wconf 77' lang='lat' dir='ltr'><em>exequendi</em></span> <span class='ocrx_word' id='word_1_383' title='bbox 832 2655 983 2688; x_wconf 84' lang='lat' dir='ltr'><em>licentiam</em></span> <span class='ocrx_word' id='word_1_384' title='bbox 994 2655 1124 2687; x_wconf 86' lang='lat' dir='ltr'><em>concedit</em></span> 
     </span>
     <span class='ocr_line' id='line_1_54' title="bbox 251 2696 1123 2748; baseline 0.007 -18"><span class='ocrx_word' id='word_1_385' title='bbox 251 2701 287 2733; x_wconf 64' lang='grc' dir='ltr'><em>(τ</em></span> <span class='ocrx_word' id='word_1_386' title='bbox 299 2696 442 2741; x_wconf 85' lang='lat' dir='ltr'><em>nusquam</em></span> <span class='ocrx_word' id='word_1_387' title='bbox 453 2703 589 2739; x_wconf 83' lang='lat' dir='ltr'><em>impediri</em></span> <span class='ocrx_word' id='word_1_388' title='bbox 598 2702 637 2735; x_wconf 86' lang='lat' dir='ltr'><em>ab</em></span> <span class='ocrx_word' id='word_1_389' title='bbox 657 2703 716 2735; x_wconf 86' lang='lat' dir='ltr'><em>illis</em></span> <span class='ocrx_word' id='word_1_390' title='bbox 735 2706 944 2748; x_wconf 84' lang='lat' dir='ltr'><em>aggrediendis</em></span> <span class='ocrx_word' id='word_1_391' title='bbox 956 2729 966 2744; x_wconf 92' lang='lat'>‚</span> <span class='ocrx_word' id='word_1_392' title='bbox 994 2713 1047 2737; x_wconf 80' lang='lat' dir='ltr'><em>aut</em></span> <span class='ocrx_word' id='word_1_393' title='bbox 1070 2709 1123 2736; x_wconf 87' lang='lat' dir='ltr'><em>im-</em></span> 
     </span>
     <span class='ocr_line' id='line_1_55' title="bbox 253 2745 1125 2798; baseline 0.006 -16"><span class='ocrx_word' id='word_1_394' title='bbox 253 2745 424 2790; x_wconf 85' lang='lat' dir='ltr'><em>mundasse</em></span> <span class='ocrx_word' id='word_1_395' title='bbox 432 2756 541 2789; x_wconf 82' lang='lat' dir='ltr'><em>putare</em></span> <span class='ocrx_word' id='word_1_396' title='bbox 549 2773 560 2789; x_wconf 93' lang='lat'><em>,</em></span> <span class='ocrx_word' id='word_1_397' title='bbox 587 2761 638 2783; x_wconf 89' lang='lat' dir='ltr'><em>aut</em></span> <span class='ocrx_word' id='word_1_398' title='bbox 649 2758 760 2785; x_wconf 84' lang='lat' dir='ltr'><em>anxias</em></span> <span class='ocrx_word' id='word_1_399' title='bbox 772 2754 822 2798; x_wconf 61' lang='lat' dir='ltr'><em>effic</em></span> <span class='ocrx_word' id='word_1_400' title='bbox 829 2762 949 2795; x_wconf 86' lang='lat' dir='ltr'><em>propter</em></span> <span class='ocrx_word' id='word_1_401' title='bbox 958 2755 1058 2787; x_wconf 84' lang='lat' dir='ltr'><em>invidi</em></span> <span class='ocrx_word' id='word_1_402' title='bbox 1069 2759 1125 2787; x_wconf 85' lang='lat' dir='ltr'><em>ini·</em></span> 
     </span>
     <span class='ocr_line' id='line_1_56' title="bbox 252 2796 1125 2846; baseline 0.007 -15"><span class='ocrx_word' id='word_1_403' title='bbox 252 2804 322 2834; x_wconf 85' lang='lat' dir='ltr'><em>mici</em></span> <span class='ocrx_word' id='word_1_404' title='bbox 331 2796 421 2830; x_wconf 88' lang='lat' dir='ltr'><em>dubia</em></span> <span class='ocrx_word' id='word_1_405' title='bbox 424 2796 480 2839; x_wconf 84' lang='lat' dir='ltr'><em>fibi</em></span> <span class='ocrx_word' id='word_1_406' title='bbox 492 2803 524 2830; x_wconf 87' lang='lat' dir='ltr'><em>in</em></span> <span class='ocrx_word' id='word_1_407' title='bbox 535 2806 632 2832; x_wconf 88' lang='lat' dir='ltr'><em>mente</em></span> <span class='ocrx_word' id='word_1_408' title='bbox 638 2800 824 2842; x_wconf 78' lang='lat' dir='ltr'><em>praesentata</em></span> <span class='ocrx_word' id='word_1_409' title='bbox 837 2827 848 2843; x_wconf 90' lang='lat'><em>,</em></span> <span class='ocrx_word' id='word_1_410' title='bbox 872 2806 904 2837; x_wconf 72' lang='lat' dir='ltr'><em>eo</em></span> <span class='ocrx_word' id='word_1_411' title='bbox 915 2804 991 2846; x_wconf 83' lang='lat' dir='ltr'><em>quod</em></span> <span class='ocrx_word' id='word_1_412' title='bbox 1013 2809 1125 2845; x_wconf 81' lang='lat' dir='ltr'><em>peceati</em></span> 
     </span>
     <span class='ocr_line' id='line_1_57' title="bbox 250 2848 1124 2889; baseline 0.007 -7"><span class='ocrx_word' id='word_1_413' title='bbox 250 2848 457 2889; x_wconf 69' lang='lat' dir='ltr'><em>&amp;voluptatis</em></span> <span class='ocrx_word' id='word_1_414' title='bbox 480 2853 585 2889; x_wconf 89' lang='lat' dir='ltr'><em>partui</em></span> <span class='ocrx_word' id='word_1_415' title='bbox 609 2849 822 2888; x_wconf 80' lang='lat' dir='ltr'><em>ministrarint.</em></span> <span class='ocrx_word' id='word_1_416' title='bbox 849 2853 942 2886; x_wconf 53' lang='lat' dir='ltr'><em>Eas&amp;</em></span> <span class='ocrx_word' id='word_1_417' title='bbox 960 2856 1124 2887; x_wconf 67' lang='lat' dir='ltr'><em>contracta</em></span> 
     </span>
     <span class='ocr_line' id='line_1_58' title="bbox 251 2897 1126 2944; baseline 0.006 -12"><span class='ocrx_word' id='word_1_418' title='bbox 251 2897 461 2932; x_wconf 78' lang='lat' dir='ltr'><em>immunditia</em></span> <span class='ocrx_word' id='word_1_419' title='bbox 473 2906 646 2944; x_wconf 80' lang='lat' dir='ltr'><em>expurgat.</em></span> <span class='ocrx_word' id='word_1_420' title='bbox 673 2898 762 2932; x_wconf 87' lang='lat' dir='ltr'><em>Nam</em></span> <span class='ocrx_word' id='word_1_421' title='bbox 773 2910 832 2942; x_wconf 88' lang='lat' dir='ltr'><em>pro</em></span> <span class='ocrx_word' id='word_1_422' title='bbox 841 2901 946 2942; x_wconf 85' lang='lat' dir='ltr'><em>primo</em></span> <span class='ocrx_word' id='word_1_423' title='bbox 957 2912 1064 2944; x_wconf 85' lang='lat' dir='ltr'><em>partus</em></span> <span class='ocrx_word' id='word_1_424' title='bbox 1074 2904 1126 2937; x_wconf 88' lang='lat' dir='ltr'><em>die</em></span> 
     </span>
     <span class='ocr_line' id='line_1_59' title="bbox 248 2945 1125 2995; baseline 0.007 -14"><span class='ocrx_word' id='word_1_425' title='bbox 248 2945 595 2991; x_wconf 68' lang='lat' dir='ltr'><em>Euchologionlnbet</em></span> <span class='ocrx_word' id='word_1_426' title='bbox 620 2946 753 2982; x_wconf 87' lang='lat' dir='ltr'><em>&amp;hunc</em></span> <span class='ocrx_word' id='word_1_427' title='bbox 777 2948 927 2983; x_wconf 86' lang='lat' dir='ltr'><em>titulum.</em></span> <span class='ocrx_word' id='word_1_428' title='bbox 954 2952 1056 2985; x_wconf 80' lang='lat' dir='ltr'><em>Altera</em></span> <span class='ocrx_word' id='word_1_429' title='bbox 1070 2961 1125 2995; x_wconf 85' lang='lat' dir='ltr'><em>pro</em></span> 
     </span>
     <span class='ocr_line' id='line_1_60' title="bbox 250 2996 742 3037; baseline -0.002 -6"><span class='ocrx_word' id='word_1_430' title='bbox 250 2996 434 3037; x_wconf 75' lang='lat' dir='ltr'><em>adstantibus</em></span> <span class='ocrx_word' id='word_1_431' title='bbox 447 2997 617 3030; x_wconf 84' lang='lat' dir='ltr'><em>mulieribus</em></span> <span class='ocrx_word' id='word_1_432' title='bbox 629 3003 724 3030; x_wconf 84' lang='lat' dir='ltr'><em>oratio</em></span> <span class='ocrx_word' id='word_1_433' title='bbox 735 3023 742 3030; x_wconf 90' lang='lat'><strong><em>.</em></strong></span> 
     </span>
    </p>

    <p class='ocr_par' dir='ltr' id='par_1_5' title="bbox 247 3045 1125 3442">
     <span class='ocr_line' id='line_1_61' title="bbox 299 3045 1123 3094; baseline 0.008 -14"><span class='ocrx_word' id='word_1_434' title='bbox 299 3047 409 3081; x_wconf 84' lang='lat' dir='ltr'><em>Etiam</em></span> <span class='ocrx_word' id='word_1_435' title='bbox 434 3045 577 3080; x_wconf 75' lang='lat' dir='ltr'><em>secundae</em></span> <span class='ocrx_word' id='word_1_436' title='bbox 598 3047 756 3082; x_wconf 83' lang='lat' dir='ltr'><em>orationis</em></span> <span class='ocrx_word' id='word_1_437' title='bbox 772 3048 871 3083; x_wconf 86' lang='lat' dir='ltr'><em>ritum</em></span> <span class='ocrx_word' id='word_1_438' title='bbox 893 3051 1028 3094; x_wconf 85' lang='lat' dir='ltr'><em>exponit</em></span> <span class='ocrx_word' id='word_1_439' title='bbox 1040 3050 1123 3088; x_wconf 86' lang='lat' dir='ltr'><em>idem</em></span> 
     </span>
     <span class='ocr_line' id='line_1_62' title="bbox 250 3095 1123 3142; baseline 0.007 -13"><span class='ocrx_word' id='word_1_440' title='bbox 250 3095 404 3130; x_wconf 83' lang='lat' dir='ltr'><em>Simeon:</em></span> <span class='ocrx_word' id='word_1_441' title='bbox 436 3097 549 3129; x_wconf 73' lang='lat' dir='ltr'><em>Oc‘Javo</em></span> <span class='ocrx_word' id='word_1_442' title='bbox 560 3098 607 3130; x_wconf 83' lang='lat' dir='ltr'><em>die</em></span> <span class='ocrx_word' id='word_1_443' title='bbox 617 3099 637 3128; x_wconf 80' lang='grc' dir='ltr'><em>ὰ</em></span> <span class='ocrx_word' id='word_1_444' title='bbox 649 3097 826 3140; x_wconf 81' lang='lat' dir='ltr'><em>quibusdam</em></span> <span class='ocrx_word' id='word_1_445' title='bbox 832 3108 906 3142; x_wconf 85' lang='lat' dir='ltr'><em>puer</em></span> <span class='ocrx_word' id='word_1_446' title='bbox 926 3102 1083 3134; x_wconf 87' lang='lat' dir='ltr'><em>adducitur</em></span> <span class='ocrx_word' id='word_1_447' title='bbox 1092 3109 1123 3135; x_wconf 86' lang='lat' dir='ltr'><em>in</em></span> 
     </span>
     <span class='ocr_line' id='line_1_63' title="bbox 252 3147 1124 3190; baseline 0.008 -12"><span class='ocrx_word' id='word_1_448' title='bbox 252 3148 395 3187; x_wconf 75' lang='lat' dir='ltr'><em>templum</em></span> <span class='ocrx_word' id='word_1_449' title='bbox 418 3169 429 3184; x_wconf 93' lang='lat'>‚</span> <span class='ocrx_word' id='word_1_450' title='bbox 454 3147 487 3179; x_wconf 66' lang='grc' dir='ltr'><em>ὠ·</em></span> <span class='ocrx_word' id='word_1_451' title='bbox 503 3155 570 3188; x_wconf 84' lang='lat' dir='ltr'><em>prae</em></span> <span class='ocrx_word' id='word_1_452' title='bbox 583 3147 703 3188; x_wconf 84' lang='lat' dir='ltr'><em>foribus</em></span> <span class='ocrx_word' id='word_1_453' title='bbox 717 3147 846 3188; x_wconf 81' lang='lat' dir='ltr'><em>stantem</em></span> <span class='ocrx_word' id='word_1_454' title='bbox 867 3174 877 3190; x_wconf 91' lang='lat'><em>,</em></span> <span class='ocrx_word' id='word_1_455' title='bbox 904 3151 1026 3183; x_wconf 85' lang='lat' dir='ltr'><em>necdum</em></span> <span class='ocrx_word' id='word_1_456' title='bbox 1047 3157 1124 3186; x_wconf 84' lang='lat' dir='ltr'><em>enlm</em></span> 
     </span>
     <span class='ocr_line' id='line_1_64' title="bbox 252 3193 1122 3244; baseline 0.01 -18"><span class='ocrx_word' id='word_1_457' title='bbox 252 3193 373 3237; x_wconf 83' lang='lat' dir='ltr'><em>Raptis</em></span> <span class='ocrx_word' id='word_1_458' title='bbox 368 3203 446 3227; x_wconf 85' lang='lat' dir='ltr'><em>mate</em></span> <span class='ocrx_word' id='word_1_459' title='bbox 469 3195 506 3235; x_wconf 89' lang='lat' dir='ltr'><em>est</em></span> <span class='ocrx_word' id='word_1_460' title='bbox 519 3203 657 3237; x_wconf 79' lang='lat' dir='ltr'><em>expiatus</em></span> <span class='ocrx_word' id='word_1_461' title='bbox 670 3221 681 3237; x_wconf 91' lang='lat'><em>,</em></span> <span class='ocrx_word' id='word_1_462' title='bbox 706 3200 844 3231; x_wconf 80' lang='lat' dir='ltr'><em>sacerdos</em></span> <span class='ocrx_word' id='word_1_463' title='bbox 849 3198 949 3242; x_wconf 87' lang='lat' dir='ltr'><em>fignat</em></span> <span class='ocrx_word' id='word_1_464' title='bbox 960 3205 992 3232; x_wconf 86' lang='lat' dir='ltr'><em>in</em></span> <span class='ocrx_word' id='word_1_465' title='bbox 995 3200 1102 3242; x_wconf 85' lang='lat' dir='ltr'><em>fronte</em></span> <span class='ocrx_word' id='word_1_466' title='bbox 1112 3227 1122 3244; x_wconf 94' lang='lat'><em>,</em></span> 
     </span>
     <span class='ocr_line' id='line_1_65' title="bbox 252 3243 1123 3292; baseline 0.009 -16"><span class='ocrx_word' id='word_1_467' title='bbox 252 3255 299 3278; x_wconf 79' lang='lat' dir='ltr'><em>ore</em></span> <span class='ocrx_word' id='word_1_468' title='bbox 309 3268 321 3284; x_wconf 86' lang='lat'><em>,</em></span> <span class='ocrx_word' id='word_1_469' title='bbox 347 3245 381 3277; x_wconf 64' lang='grc'><em>(9·</em></span> <span class='ocrx_word' id='word_1_470' title='bbox 388 3243 521 3285; x_wconf 70' lang='grc' dir='ltr'><em>ρεέῖονε,</em></span> <span class='ocrx_word' id='word_1_471' title='bbox 551 3247 586 3279; x_wconf 70' lang='lat' dir='ltr'><em>o·</em></span> <span class='ocrx_word' id='word_1_472' title='bbox 591 3255 648 3288; x_wconf 86' lang='lat' dir='ltr'><em>per</em></span> <span class='ocrx_word' id='word_1_473' title='bbox 661 3253 820 3282; x_wconf 85' lang='lat' dir='ltr'><em>orationem</em></span> <span class='ocrx_word' id='word_1_474' title='bbox 829 3253 952 3290; x_wconf 81' lang='lat' dir='ltr'><em>imponit</em></span> <span class='ocrx_word' id='word_1_475' title='bbox 960 3256 987 3282; x_wconf 88' lang='lat' dir='ltr'><em>ei</em></span> <span class='ocrx_word' id='word_1_476' title='bbox 998 3262 1099 3284; x_wconf 88' lang='lat' dir='ltr'><em>nomen</em></span> <span class='ocrx_word' id='word_1_477' title='bbox 1112 3276 1123 3292; x_wconf 92' lang='lat'><em>,</em></span> 
     </span>
     <span class='ocr_line' id='line_1_66' title="bbox 251 3295 1124 3341; baseline 0.01 -15"><span class='ocrx_word' id='word_1_478' title='bbox 251 3295 449 3336; x_wconf 81' lang='lat' dir='ltr'><em>quodcumque</em></span> <span class='ocrx_word' id='word_1_479' title='bbox 463 3301 606 3335; x_wconf 86' lang='lat' dir='ltr'><em>parentes</em></span> <span class='ocrx_word' id='word_1_480' title='bbox 627 3299 772 3332; x_wconf 85' lang='lat' dir='ltr'><em>voluerint</em></span> <span class='ocrx_word' id='word_1_481' title='bbox 782 3324 792 3340; x_wconf 91' lang='lat'><em>,</em></span> <span class='ocrx_word' id='word_1_482' title='bbox 818 3310 883 3332; x_wconf 91' lang='lat' dir='ltr'><em>cum</em></span> <span class='ocrx_word' id='word_1_483' title='bbox 894 3311 948 3341; x_wconf 89' lang='lat' dir='ltr'><em>quo</em></span> <span class='ocrx_word' id='word_1_484' title='bbox 958 3301 1065 3335; x_wconf 77' lang='lat' dir='ltr'><em>deinde</em></span> <span class='ocrx_word' id='word_1_485' title='bbox 1077 3301 1124 3334; x_wconf 87' lang='lat' dir='ltr'><em>ba-</em></span> 
     </span>
     <span class='ocr_line' id='line_1_67' title="bbox 247 3343 1125 3392; baseline 0.013 -18"><span class='ocrx_word' id='word_1_486' title='bbox 247 3348 404 3385; x_wconf 80' lang='lat' dir='ltr'><em>ptizatur,</em></span> <span class='ocrx_word' id='word_1_487' title='bbox 429 3350 517 3383; x_wconf 87' lang='lat' dir='ltr'><em>prout</em></span> <span class='ocrx_word' id='word_1_488' title='bbox 542 3343 654 3387; x_wconf 81' lang='lat' dir='ltr'><em>Christo</em></span> <span class='ocrx_word' id='word_1_489' title='bbox 665 3350 787 3381; x_wconf 85' lang='lat' dir='ltr'><em>Domino</em></span> <span class='ocrx_word' id='word_1_490' title='bbox 809 3350 856 3383; x_wconf 87' lang='lat' dir='ltr'><em>die</em></span> <span class='ocrx_word' id='word_1_491' title='bbox 867 3354 1043 3383; x_wconf 86' lang='lat' dir='ltr'><em>nativitatis</em></span> <span class='ocrx_word' id='word_1_492' title='bbox 1059 3349 1125 3392; x_wconf 87' lang='lat' dir='ltr'><em>suae</em></span> 
     </span>
     <span class='ocr_line' id='line_1_68' title="bbox 250 3392 1124 3442; baseline 0.003 -9"><span class='ocrx_word' id='word_1_493' title='bbox 250 3392 353 3426; x_wconf 72' lang='lat' dir='ltr'><em>ottavo</em></span> <span class='ocrx_word' id='word_1_494' title='bbox 375 3398 516 3435; x_wconf 58' lang='lat' dir='ltr'><em>contigit,</em></span> <span class='ocrx_word' id='word_1_495' title='bbox 542 3404 606 3426; x_wconf 84' lang='lat' dir='ltr'><em>cum</em></span> <span class='ocrx_word' id='word_1_496' title='bbox 633 3396 766 3437; x_wconf 86' lang='lat' dir='ltr'><strong>JESUS</strong></span> <span class='ocrx_word' id='word_1_497' title='bbox 788 3399 827 3440; x_wconf 75' lang='lat' dir='ltr'><em>est</em></span> <span class='ocrx_word' id='word_1_498' title='bbox 846 3400 1030 3442; x_wconf 79' lang='lat' dir='ltr'><em>appellatus.</em></span> <span class='ocrx_word' id='word_1_499' title='bbox 1056 3400 1124 3436; x_wconf 85' lang='lat' dir='ltr'><em>Hic</em></span> 
     </span>
    </p>

    <p class='ocr_par' dir='ltr' id='par_1_6' title="bbox 348 3441 770 3487">
     <span class='ocr_line' id='line_1_69' title="bbox 348 3441 770 3487; baseline 0.014 -13"><span class='ocrx_word' id='word_1_500' title='bbox 348 3441 537 3485; x_wconf 59' lang='lat' dir='ltr'><em>CbrzstAErspi</em></span> <span class='ocrx_word' id='word_1_501' title='bbox 549 3448 770 3487; x_wconf 82' lang='lat' dir='ltr'><em>Oper.Tom.1V.</em></span> 
     </span>
    </p>
   </div>
   <div class='ocr_carea' id='block_1_4' title="bbox 1197 130 1993 192">
    <p class='ocr_par' dir='ltr' id='par_1_7' title="bbox 1197 130 1993 192">
     <span class='ocr_line' id='line_1_70' title="bbox 1197 130 1993 192; baseline 0.005 -17"><span class='ocrx_word' id='word_1_502' title='bbox 1197 130 1430 175; x_wconf 76' lang='lat' dir='ltr'>N0N1</span> <span class='ocrx_word' id='word_1_503' title='bbox 1501 133 1801 176; x_wconf 73' lang='lat' dir='ltr'><em>Acrrs.</em></span> <span class='ocrx_word' id='word_1_504' title='bbox 1900 147 1993 192; x_wconf 81' lang='lat'><em>425</em></span> 
     </span>
    </p>
   </div>
   <div class='ocr_carea' id='block_1_5' title="bbox 1186 212 2068 606">
    <p class='ocr_par' dir='ltr' id='par_1_8' title="bbox 1186 212 2068 606">
     <span class='ocr_line' id='line_1_71' title="bbox 1186 212 2063 258; baseline 0.007 -13"><span class='ocrx_word' id='word_1_505' title='bbox 1186 223 1264 256; x_wconf 86' lang='lat' dir='ltr'><em>ergo</em></span> <span class='ocrx_word' id='word_1_506' title='bbox 1278 213 1355 245; x_wconf 86' lang='lat' dir='ltr'><em>ritus</em></span> <span class='ocrx_word' id='word_1_507' title='bbox 1371 223 1436 245; x_wconf 86' lang='lat' dir='ltr'><em>non</em></span> <span class='ocrx_word' id='word_1_508' title='bbox 1451 212 1486 246; x_wconf 85' lang='lat' dir='ltr'><em>fit</em></span> <span class='ocrx_word' id='word_1_509' title='bbox 1499 213 1533 246; x_wconf 90' lang='lat' dir='ltr'><em>in</em></span> <span class='ocrx_word' id='word_1_510' title='bbox 1548 213 1649 247; x_wconf 85' lang='lat' dir='ltr'><em>domo</em></span> <span class='ocrx_word' id='word_1_511' title='bbox 1663 237 1673 252; x_wconf 89' lang='lat'><em>,</em></span> <span class='ocrx_word' id='word_1_512' title='bbox 1701 213 1754 248; x_wconf 83' lang='lat' dir='ltr'><em>sed</em></span> <span class='ocrx_word' id='word_1_513' title='bbox 1776 223 1852 248; x_wconf 84' lang='lat' dir='ltr'><em>ante</em></span> <span class='ocrx_word' id='word_1_514' title='bbox 1865 214 2039 251; x_wconf 79' lang='lat' dir='ltr'><em>Ecclesiam</em></span> <span class='ocrx_word' id='word_1_515' title='bbox 2053 243 2063 258; x_wconf 86' lang='lat'><em>,</em></span> 
     </span>
     <span class='ocr_line' id='line_1_72' title="bbox 1187 261 2066 305; baseline 0.006 -10"><span class='ocrx_word' id='word_1_516' title='bbox 1187 262 1324 305; x_wconf 85' lang='lat' dir='ltr'><em>ideoque</em></span> <span class='ocrx_word' id='word_1_517' title='bbox 1348 261 1388 295; x_wconf 91' lang='lat' dir='ltr'><em>de</em></span> <span class='ocrx_word' id='word_1_518' title='bbox 1400 263 1562 304; x_wconf 76' lang='lat' dir='ltr'><em>postrema:</em></span> <span class='ocrx_word' id='word_1_519' title='bbox 1583 263 1744 297; x_wconf 87' lang='lat' dir='ltr'><em>orationis</em></span> <span class='ocrx_word' id='word_1_520' title='bbox 1758 264 1822 298; x_wconf 83' lang='lat' dir='ltr'><em>ritu</em></span> <span class='ocrx_word' id='word_1_521' title='bbox 1841 265 1922 298; x_wconf 89' lang='lat' dir='ltr'><em>dicit</em></span> <span class='ocrx_word' id='word_1_522' title='bbox 1937 265 2066 300; x_wconf 89' lang='lat' dir='ltr'><em>Eucho·</em></span> 
     </span>
     <span class='ocr_line' id='line_1_73' title="bbox 1189 311 2068 356; baseline 0.007 -12"><span class='ocrx_word' id='word_1_523' title='bbox 1189 312 1322 355; x_wconf 87' lang='lat' dir='ltr'><em>logion:</em></span> <span class='ocrx_word' id='word_1_524' title='bbox 1352 314 1428 344; x_wconf 88' lang='lat' dir='ltr'><em>Puer</em></span> <span class='ocrx_word' id='word_1_525' title='bbox 1448 315 1555 354; x_wconf 84' lang='lat' dir='ltr'><em>templo</em></span> <span class='ocrx_word' id='word_1_526' title='bbox 1577 311 1691 355; x_wconf 88' lang='lat' dir='ltr'><em>rursum</em></span> <span class='ocrx_word' id='word_1_527' title='bbox 1710 313 1932 356; x_wconf 66' lang='lat' dir='ltr'><em>praesentatur.</em></span> <span class='ocrx_word' id='word_1_528' title='bbox 1961 317 2068 350; x_wconf 84' lang='lat' dir='ltr'><em>Sacer-</em></span> 
     </span>
     <span class='ocr_line' id='line_1_74' title="bbox 1187 359 2064 404; baseline 0.006 -10"><span class='ocrx_word' id='word_1_529' title='bbox 1187 359 1245 394; x_wconf 85' lang='lat' dir='ltr'><em>dos</em></span> <span class='ocrx_word' id='word_1_530' title='bbox 1267 373 1398 404; x_wconf 91' lang='lat' dir='ltr'><em>puerum</em></span> <span class='ocrx_word' id='word_1_531' title='bbox 1427 371 1504 396; x_wconf 91' lang='lat' dir='ltr'><em>tunc</em></span> <span class='ocrx_word' id='word_1_532' title='bbox 1531 363 1608 396; x_wconf 77' lang='lat' dir='ltr'><em>facit</em></span> <span class='ocrx_word' id='word_1_533' title='bbox 1633 362 1916 397; x_wconf 85' lang='lat' dir='ltr'><em>Catechumenum</em></span> <span class='ocrx_word' id='word_1_534' title='bbox 1941 390 1947 396; x_wconf 88' lang='lat'>.</span> <span class='ocrx_word' id='word_1_535' title='bbox 1976 365 2064 399; x_wconf 87' lang='lat' dir='ltr'><em>Nam</em></span> 
     </span>
     <span class='ocr_line' id='line_1_75' title="bbox 1188 410 2064 457; baseline 0.006 -13"><span class='ocrx_word' id='word_1_536' title='bbox 1188 410 1276 454; x_wconf 72' lang='lat' dir='ltr'><em>quod</em></span> <span class='ocrx_word' id='word_1_537' title='bbox 1289 412 1388 445; x_wconf 83' lang='lat' dir='ltr'><em>etiam</em></span> <span class='ocrx_word' id='word_1_538' title='bbox 1401 412 1520 446; x_wconf 80' lang='lat' dir='ltr'><em>Latina</em></span> <span class='ocrx_word' id='word_1_539' title='bbox 1532 413 1674 446; x_wconf 82' lang='lat' dir='ltr'><em>Ecclefia</em></span> <span class='ocrx_word' id='word_1_540' title='bbox 1696 425 1751 455; x_wconf 88' lang='lat' dir='ltr'><em>per</em></span> <span class='ocrx_word' id='word_1_541' title='bbox 1764 414 1866 447; x_wconf 90' lang='lat' dir='ltr'><em>fronti</em></span> <span class='ocrx_word' id='word_1_542' title='bbox 1880 414 2064 457; x_wconf 82' lang='lat' dir='ltr'><em>impressum</em></span> 
     </span>
     <span class='ocr_line' id='line_1_76' title="bbox 1188 460 2063 504; baseline 0.005 -11"><span class='ocrx_word' id='word_1_543' title='bbox 1188 461 1289 495; x_wconf 87' lang='lat' dir='ltr'><em>crucis</em></span> <span class='ocrx_word' id='word_1_544' title='bbox 1315 462 1441 504; x_wconf 75' lang='lat' dir='ltr'><em>iignum</em></span> <span class='ocrx_word' id='word_1_545' title='bbox 1469 462 1565 496; x_wconf 80' lang='lat' dir='ltr'><em>faciat</em></span> <span class='ocrx_word' id='word_1_546' title='bbox 1579 460 1883 502; x_wconf 90' lang='lat' dir='ltr'><em>Catechumenum‚</em></span> <span class='ocrx_word' id='word_1_547' title='bbox 1909 465 2005 498; x_wconf 83' lang='lat' dir='ltr'><em>tradit</em></span> <span class='ocrx_word' id='word_1_548' title='bbox 2030 465 2063 497; x_wconf 91' lang='lat' dir='ltr'><em>in</em></span> 
     </span>
     <span class='ocr_line' id='line_1_77' title="bbox 1189 510 2064 556; baseline 0.006 -13"><span class='ocrx_word' id='word_1_549' title='bbox 1189 511 1330 544; x_wconf 84' lang='lat' dir='ltr'><em>secundo</em></span> <span class='ocrx_word' id='word_1_550' title='bbox 1355 510 1438 544; x_wconf 85' lang='lat' dir='ltr'><em>libro</em></span> <span class='ocrx_word' id='word_1_551' title='bbox 1460 511 1500 546; x_wconf 89' lang='lat' dir='ltr'><em>de</em></span> <span class='ocrx_word' id='word_1_552' title='bbox 1513 510 1671 554; x_wconf 83' lang='lat' dir='ltr'><em>symbolo</em></span> <span class='ocrx_word' id='word_1_553' title='bbox 1695 512 1736 546; x_wconf 86' lang='lat' dir='ltr'><em>ad</em></span> <span class='ocrx_word' id='word_1_554' title='bbox 1751 513 1837 556; x_wconf 89' lang='lat' dir='ltr'><em>ipsos</em></span> <span class='ocrx_word' id='word_1_555' title='bbox 1848 514 2064 548; x_wconf 65' lang='lat' dir='ltr'><em>SanetusAu-</em></span> 
     </span>
     <span class='ocr_line' id='line_1_78' title="bbox 1187 560 2063 606; baseline 0.006 -15"><span class='ocrx_word' id='word_1_556' title='bbox 1187 560 1350 603; x_wconf 81' lang='lat' dir='ltr'><em>gustinus:</em></span> <span class='ocrx_word' id='word_1_557' title='bbox 1378 563 1521 594; x_wconf 86' lang='lat' dir='ltr'><em>Nondum</em></span> <span class='ocrx_word' id='word_1_558' title='bbox 1539 570 1596 602; x_wconf 85' lang='lat' dir='ltr'><em>per</em></span> <span class='ocrx_word' id='word_1_559' title='bbox 1612 560 1731 603; x_wconf 88' lang='lat' dir='ltr'><em>sacrum</em></span> <span class='ocrx_word' id='word_1_560' title='bbox 1746 562 1939 606; x_wconf 86' lang='lat' dir='ltr'><em>Baptismum</em></span> <span class='ocrx_word' id='word_1_561' title='bbox 1963 570 2063 597; x_wconf 79' lang='lat' dir='ltr'><em>renati</em></span> 
     </span>
    </p>
   </div>
   <div class='ocr_carea' id='block_1_6' title="bbox 1187 605 2105 655">
    <p class='ocr_par' dir='ltr' id='par_1_9' title="bbox 1187 605 2105 655">
     <span class='ocr_line' id='line_1_79' title="bbox 1187 605 2105 655; baseline 0.005 -14"><span class='ocrx_word' id='word_1_562' title='bbox 1187 609 1251 649; x_wconf 84' lang='lat' dir='ltr'><em>estis</em></span> <span class='ocrx_word' id='word_1_563' title='bbox 1263 634 1273 649; x_wconf 88' lang='lat'>‚</span> <span class='ocrx_word' id='word_1_564' title='bbox 1294 608 1351 652; x_wconf 83' lang='lat' dir='ltr'><em>sed</em></span> <span class='ocrx_word' id='word_1_565' title='bbox 1355 619 1410 651; x_wconf 83' lang='lat' dir='ltr'><em>per</em></span> <span class='ocrx_word' id='word_1_566' title='bbox 1424 615 1524 643; x_wconf 85' lang='lat' dir='ltr'><em>Crucis</em></span> <span class='ocrx_word' id='word_1_567' title='bbox 1531 611 1644 653; x_wconf 81' lang='lat' dir='ltr'><em>fignum</em></span> <span class='ocrx_word' id='word_1_568' title='bbox 1669 618 1701 644; x_wconf 85' lang='lat' dir='ltr'><em>in</em></span> <span class='ocrx_word' id='word_1_569' title='bbox 1715 622 1796 646; x_wconf 84' lang='lat' dir='ltr'><em>utero</em></span> <span class='ocrx_word' id='word_1_570' title='bbox 1813 612 1927 655; x_wconf 60' lang='lat' dir='ltr'><em>sanblae</em></span> <span class='ocrx_word' id='word_1_571' title='bbox 1953 618 2062 646; x_wconf 84' lang='lat' dir='ltr'><em>Matris</em></span> <span class='ocrx_word' id='word_1_572' title='bbox 2102 605 2105 608; x_wconf 86' lang='lat'>.</span> 
     </span>
    </p>
   </div>
   <div class='ocr_carea' id='block_1_7' title="bbox 1181 659 2072 2945">
    <p class='ocr_par' dir='ltr' id='par_1_10' title="bbox 1187 659 2070 1494">
     <span class='ocr_line' id='line_1_80' title="bbox 1187 659 2064 709; baseline 0.007 -18"><span class='ocrx_word' id='word_1_573' title='bbox 1187 659 1319 700; x_wconf 82' lang='lat' dir='ltr'><em>Ecclefiae</em></span> <span class='ocrx_word' id='word_1_574' title='bbox 1332 661 1402 699; x_wconf 85' lang='lat' dir='ltr'><em>jam</em></span> <span class='ocrx_word' id='word_1_575' title='bbox 1427 660 1492 699; x_wconf 82' lang='lat' dir='ltr'><em>estis</em></span> <span class='ocrx_word' id='word_1_576' title='bbox 1514 666 1655 702; x_wconf 81' lang='lat' dir='ltr'><em>concepti.</em></span> <span class='ocrx_word' id='word_1_577' title='bbox 1684 662 1785 709; x_wconf 84' lang='lat' dir='ltr'><em>Qod</em></span> <span class='ocrx_word' id='word_1_578' title='bbox 1799 662 1904 706; x_wconf 88' lang='lat' dir='ltr'><em>ipsum</em></span> <span class='ocrx_word' id='word_1_579' title='bbox 1932 665 2064 697; x_wconf 84' lang='lat' dir='ltr'><em>testatur</em></span> 
     </span>
     <span class='ocr_line' id='line_1_81' title="bbox 1189 708 2063 756; baseline 0.007 -15"><span class='ocrx_word' id='word_1_580' title='bbox 1189 710 1222 741; x_wconf 94' lang='lat' dir='ltr'><em>in</em></span> <span class='ocrx_word' id='word_1_581' title='bbox 1247 709 1317 742; x_wconf 84' lang='lat' dir='ltr'><em>aliis</em></span> <span class='ocrx_word' id='word_1_582' title='bbox 1341 708 1439 742; x_wconf 86' lang='lat' dir='ltr'><em>locis.</em></span> <span class='ocrx_word' id='word_1_583' title='bbox 1467 709 1509 742; x_wconf 88' lang='lat' dir='ltr'><em>Et</em></span> <span class='ocrx_word' id='word_1_584' title='bbox 1524 709 1661 752; x_wconf 70' lang='lat' dir='ltr'><em>quodin</em></span> <span class='ocrx_word' id='word_1_585' title='bbox 1674 710 1821 756; x_wconf 87' lang='lat' dir='ltr'><em>Phrygia</em></span> <span class='ocrx_word' id='word_1_586' title='bbox 1834 714 1967 747; x_wconf 87' lang='lat' dir='ltr'><em>exulans</em></span> <span class='ocrx_word' id='word_1_587' title='bbox 1989 714 2063 747; x_wconf 86' lang='lat' dir='ltr'><em>San-</em></span> 
     </span>
     <span class='ocr_line' id='line_1_82' title="bbox 1188 757 2063 806; baseline 0.008 -15"><span class='ocrx_word' id='word_1_588' title='bbox 1188 760 1255 791; x_wconf 68' lang='lat' dir='ltr'><em>c&#39;tus</em></span> <span class='ocrx_word' id='word_1_589' title='bbox 1269 757 1415 790; x_wconf 76' lang='lat' dir='ltr'><em>Hilarius</em></span> <span class='ocrx_word' id='word_1_590' title='bbox 1430 757 1628 792; x_wconf 62' lang='lat' dir='ltr'><em>Pictavienfis</em></span> <span class='ocrx_word' id='word_1_591' title='bbox 1638 758 1816 802; x_wconf 86' lang='lat' dir='ltr'><em>Episcopus</em></span> <span class='ocrx_word' id='word_1_592' title='bbox 1833 763 1941 795; x_wconf 88' lang='lat' dir='ltr'><em>nescio</em></span> <span class='ocrx_word' id='word_1_593' title='bbox 1965 774 2063 806; x_wconf 89' lang='lat' dir='ltr'><em>quam</em></span> 
     </span>
     <span class='ocr_line' id='line_1_83' title="bbox 1188 807 2066 852; baseline 0.006 -11"><span class='ocrx_word' id='word_1_594' title='bbox 1188 807 1386 841; x_wconf 82' lang='lat' dir='ltr'><em>Florentiam</em></span> <span class='ocrx_word' id='word_1_595' title='bbox 1398 819 1452 851; x_wconf 89' lang='lat' dir='ltr'><em>per</em></span> <span class='ocrx_word' id='word_1_596' title='bbox 1464 808 1579 842; x_wconf 80' lang='lat' dir='ltr'><em>Crucis</em></span> <span class='ocrx_word' id='word_1_597' title='bbox 1588 808 1716 852; x_wconf 87' lang='lat' dir='ltr'><em>fignum</em></span> <span class='ocrx_word' id='word_1_598' title='bbox 1728 809 1840 843; x_wconf 83' lang='lat' dir='ltr'><em>fecerit</em></span> <span class='ocrx_word' id='word_1_599' title='bbox 1852 810 2066 847; x_wconf 84' lang='lat' dir='ltr'><em>Catechume-</em></span> 
     </span>
     <span class='ocr_line' id='line_1_84' title="bbox 1190 857 2064 902; baseline 0.006 -12"><span class='ocrx_word' id='word_1_600' title='bbox 1190 868 1264 891; x_wconf 89' lang='lat' dir='ltr'><em>nam</em></span> <span class='ocrx_word' id='word_1_601' title='bbox 1278 881 1288 896; x_wconf 90' lang='lat'><em>,</em></span> <span class='ocrx_word' id='word_1_602' title='bbox 1317 857 1424 891; x_wconf 83' lang='lat' dir='ltr'><em>scribit</em></span> <span class='ocrx_word' id='word_1_603' title='bbox 1451 858 1485 891; x_wconf 88' lang='lat' dir='ltr'><em>in</em></span> <span class='ocrx_word' id='word_1_604' title='bbox 1497 859 1564 901; x_wconf 88' lang='lat' dir='ltr'><em>ejus</em></span> <span class='ocrx_word' id='word_1_605' title='bbox 1577 859 1642 891; x_wconf 85' lang='lat' dir='ltr'><em>vita</em></span> <span class='ocrx_word' id='word_1_606' title='bbox 1656 857 1831 902; x_wconf 87' lang='lat' dir='ltr'><em>Presbyter</em></span> <span class='ocrx_word' id='word_1_607' title='bbox 1846 860 2043 895; x_wconf 85' lang='lat' dir='ltr'><em>Fortunatus</em></span> <span class='ocrx_word' id='word_1_608' title='bbox 2058 886 2064 894; x_wconf 92' lang='lat'><strong>.</strong></span> 
     </span>
     <span class='ocr_line' id='line_1_85' title="bbox 1192 906 2067 956; baseline 0.008 -17"><span class='ocrx_word' id='word_1_609' title='bbox 1192 908 1231 940; x_wconf 87' lang='lat' dir='ltr'><em>Et</em></span> <span class='ocrx_word' id='word_1_610' title='bbox 1244 907 1283 941; x_wconf 90' lang='lat' dir='ltr'><em>de</em></span> <span class='ocrx_word' id='word_1_611' title='bbox 1294 908 1453 942; x_wconf 82' lang='lat' dir='ltr'><em>converfis</em></span> <span class='ocrx_word' id='word_1_612' title='bbox 1466 919 1520 951; x_wconf 89' lang='lat' dir='ltr'><em>per</em></span> <span class='ocrx_word' id='word_1_613' title='bbox 1530 909 1636 942; x_wconf 71' lang='lat' dir='ltr'><em>Sansti</em></span> <span class='ocrx_word' id='word_1_614' title='bbox 1651 906 1825 943; x_wconf 87' lang='lat' dir='ltr'><em>Anscharii</em></span> <span class='ocrx_word' id='word_1_615' title='bbox 1839 910 2067 956; x_wconf 89' lang='lat' dir='ltr'><em>Hamburgen·</em></span> 
     </span>
     <span class='ocr_line' id='line_1_86' title="bbox 1189 955 2064 1001; baseline 0.007 -12"><span class='ocrx_word' id='word_1_616' title='bbox 1189 958 1224 990; x_wconf 84' lang='lat' dir='ltr'><em>fis</em></span> <span class='ocrx_word' id='word_1_617' title='bbox 1238 955 1480 1000; x_wconf 84' lang='lat' dir='ltr'><em>Archiepiscopi</em></span> <span class='ocrx_word' id='word_1_618' title='bbox 1496 958 1755 1001; x_wconf 60' lang='lat' dir='ltr'><em>praedicationem</em></span> <span class='ocrx_word' id='word_1_619' title='bbox 1769 959 1876 993; x_wconf 84' lang='lat' dir='ltr'><em>Danis</em></span> <span class='ocrx_word' id='word_1_620' title='bbox 1894 961 2004 995; x_wconf 86' lang='lat' dir='ltr'><em>scribit</em></span> <span class='ocrx_word' id='word_1_621' title='bbox 2029 962 2064 996; x_wconf 92' lang='lat' dir='ltr'><em>in</em></span> 
     </span>
     <span class='ocr_line' id='line_1_87' title="bbox 1189 1007 2064 1053; baseline 0.005 -14"><span class='ocrx_word' id='word_1_622' title='bbox 1189 1007 1255 1049; x_wconf 88' lang='lat' dir='ltr'><em>ejus</em></span> <span class='ocrx_word' id='word_1_623' title='bbox 1268 1008 1333 1040; x_wconf 83' lang='lat' dir='ltr'><em>vita</em></span> <span class='ocrx_word' id='word_1_624' title='bbox 1344 1009 1497 1041; x_wconf 79' lang='lat' dir='ltr'><em>successor</em></span> <span class='ocrx_word' id='word_1_625' title='bbox 1510 1007 1706 1043; x_wconf 89' lang='lat' dir='ltr'><em>Rombertus</em></span> <span class='ocrx_word' id='word_1_626' title='bbox 1720 1020 1727 1040; x_wconf 91' lang='lat'>:</span> <span class='ocrx_word' id='word_1_627' title='bbox 1762 1011 1948 1053; x_wconf 81' lang='lat' dir='ltr'><em>signaculum</em></span> <span class='ocrx_word' id='word_1_628' title='bbox 1961 1015 2064 1044; x_wconf 82' lang='lat' dir='ltr'><em>Crucis</em></span> 
     </span>
     <span class='ocr_line' id='line_1_88' title="bbox 1189 1055 2066 1100; baseline 0.007 -11"><span class='ocrx_word' id='word_1_629' title='bbox 1189 1055 1366 1098; x_wconf 78' lang='lat' dir='ltr'><em>recipiebant</em></span> <span class='ocrx_word' id='word_1_630' title='bbox 1394 1080 1405 1095; x_wconf 95' lang='lat'><em>,</em></span> <span class='ocrx_word' id='word_1_631' title='bbox 1428 1066 1461 1090; x_wconf 88' lang='lat' dir='ltr'><em>ut</em></span> <span class='ocrx_word' id='word_1_632' title='bbox 1487 1058 1697 1093; x_wconf 84' lang='lat' dir='ltr'><em>Catecbumeni</em></span> <span class='ocrx_word' id='word_1_633' title='bbox 1725 1058 1832 1100; x_wconf 82' lang='lat' dir='ltr'><em>fierent</em></span> <span class='ocrx_word' id='word_1_634' title='bbox 1853 1085 1860 1093; x_wconf 91' lang='lat'><strong>.</strong></span> <span class='ocrx_word' id='word_1_635' title='bbox 1887 1061 1931 1094; x_wconf 87' lang='lat' dir='ltr'><em>Et</em></span> <span class='ocrx_word' id='word_1_636' title='bbox 1968 1061 2066 1095; x_wconf 84' lang='lat' dir='ltr'><em>istum</em></span> 
     </span>
     <span class='ocr_line' id='line_1_89' title="bbox 1191 1107 2066 1151; baseline 0.008 -12"><span class='ocrx_word' id='word_1_637' title='bbox 1191 1107 1376 1140; x_wconf 84' lang='lat' dir='ltr'><em>Graecorum</em></span> <span class='ocrx_word' id='word_1_638' title='bbox 1403 1107 1501 1141; x_wconf 88' lang='lat' dir='ltr'><em>ritum</em></span> <span class='ocrx_word' id='word_1_639' title='bbox 1516 1108 1642 1151; x_wconf 86' lang='lat' dir='ltr'><em>respicit</em></span> <span class='ocrx_word' id='word_1_640' title='bbox 1668 1109 1702 1141; x_wconf 85' lang='lat' dir='ltr'><em>in</em></span> <span class='ocrx_word' id='word_1_641' title='bbox 1716 1108 1873 1144; x_wconf 86' lang='lat' dir='ltr'><em>Manuele</em></span> <span class='ocrx_word' id='word_1_642' title='bbox 1887 1111 2066 1146; x_wconf 88' lang='lat' dir='ltr'><em>Cornneno</em></span> 
     </span>
     <span class='ocr_line' id='line_1_90' title="bbox 1191 1155 2069 1204; baseline 0.006 -15"><span class='ocrx_word' id='word_1_643' title='bbox 1191 1157 1328 1190; x_wconf 87' lang='lat' dir='ltr'><em>Nicetas</em></span> <span class='ocrx_word' id='word_1_644' title='bbox 1349 1155 1551 1191; x_wconf 84' lang='lat' dir='ltr'><em>Choniates:</em></span> <span class='ocrx_word' id='word_1_645' title='bbox 1579 1163 1665 1191; x_wconf 86' lang='lat' dir='ltr'><em>Nato</em></span> <span class='ocrx_word' id='word_1_646' title='bbox 1687 1158 1772 1200; x_wconf 83' lang='lat' dir='ltr'><em>filio,</em></span> <span class='ocrx_word' id='word_1_647' title='bbox 1800 1163 1860 1193; x_wconf 84' lang='lat' dir='ltr'><em>Deo</em></span> <span class='ocrx_word' id='word_1_648' title='bbox 1866 1166 1977 1203; x_wconf 69' lang='lat' dir='ltr'><em>gratia</em></span> <span class='ocrx_word' id='word_1_649' title='bbox 2002 1172 2069 1204; x_wconf 86' lang='lat' dir='ltr'><em>age-</em></span> 
     </span>
     <span class='ocr_line' id='line_1_91' title="bbox 1192 1205 2069 1250; baseline 0.005 -11"><span class='ocrx_word' id='word_1_650' title='bbox 1192 1206 1324 1246; x_wconf 85' lang='lat' dir='ltr'><em>bantur,</em></span> <span class='ocrx_word' id='word_1_651' title='bbox 1350 1205 1501 1250; x_wconf 87' lang='lat' dir='ltr'><em>omnesque</em></span> <span class='ocrx_word' id='word_1_652' title='bbox 1517 1206 1630 1250; x_wconf 80' lang='lat' dir='ltr'><em>subditi</em></span> <span class='ocrx_word' id='word_1_653' title='bbox 1656 1208 1841 1249; x_wconf 85' lang='lat' dir='ltr'><em>plaudebant</em></span> <span class='ocrx_word' id='word_1_654' title='bbox 1868 1211 1901 1243; x_wconf 68' lang='lat'><em>(9⁶</em></span> <span class='ocrx_word' id='word_1_655' title='bbox 1922 1211 2069 1243; x_wconf 81' lang='lat' dir='ltr'><em>laetaban-</em></span> 
     </span>
     <span class='ocr_line' id='line_1_92' title="bbox 1191 1255 2067 1299; baseline 0.003 -10"><span class='ocrx_word' id='word_1_656' title='bbox 1191 1266 1240 1290; x_wconf 89' lang='lat' dir='ltr'><em>tur</em></span> <span class='ocrx_word' id='word_1_657' title='bbox 1252 1281 1258 1288; x_wconf 93' lang='lat'><strong>.</strong></span> <span class='ocrx_word' id='word_1_658' title='bbox 1285 1255 1351 1299; x_wconf 83' lang='lat' dir='ltr'><em>Ipse</em></span> <span class='ocrx_word' id='word_1_659' title='bbox 1361 1260 1430 1290; x_wconf 75' lang='lat' dir='ltr'><em>vero</em></span> <span class='ocrx_word' id='word_1_660' title='bbox 1441 1262 1603 1299; x_wconf 85' lang='lat' dir='ltr'><em>Imperator</em></span> <span class='ocrx_word' id='word_1_661' title='bbox 1615 1283 1626 1299; x_wconf 96' lang='lat'><em>,</em></span> <span class='ocrx_word' id='word_1_662' title='bbox 1652 1267 1684 1291; x_wconf 86' lang='lat' dir='ltr'><em>ut</em></span> <span class='ocrx_word' id='word_1_663' title='bbox 1696 1259 1774 1292; x_wconf 87' lang='lat' dir='ltr'><em>diem</em></span> <span class='ocrx_word' id='word_1_664' title='bbox 1786 1260 1917 1292; x_wconf 83' lang='lat' dir='ltr'><em>natalem</em></span> <span class='ocrx_word' id='word_1_665' title='bbox 1927 1261 2067 1294; x_wconf 79' lang='lat' dir='ltr'><em>redderet</em></span> 
     </span>
     <span class='ocr_line' id='line_1_93' title="bbox 1192 1306 2068 1351; baseline 0.003 -11"><span class='ocrx_word' id='word_1_666' title='bbox 1192 1306 1375 1341; x_wconf 76' lang='lat' dir='ltr'><em>celebriorem</em></span> <span class='ocrx_word' id='word_1_667' title='bbox 1396 1330 1406 1346; x_wconf 90' lang='lat'>‚</span> <span class='ocrx_word' id='word_1_668' title='bbox 1433 1314 1511 1342; x_wconf 85' lang='lat' dir='ltr'><em>cives</em></span> <span class='ocrx_word' id='word_1_669' title='bbox 1537 1307 1732 1351; x_wconf 66' lang='lat' dir='ltr'><em>honoratiores</em></span> <span class='ocrx_word' id='word_1_670' title='bbox 1754 1334 1765 1350; x_wconf 90' lang='lat'><em>,</em></span> <span class='ocrx_word' id='word_1_671' title='bbox 1802 1319 1835 1342; x_wconf 90' lang='lat' dir='ltr'><em>ut</em></span> <span class='ocrx_word' id='word_1_672' title='bbox 1861 1315 1950 1343; x_wconf 82' lang='lat' dir='ltr'><em>moris</em></span> <span class='ocrx_word' id='word_1_673' title='bbox 1976 1319 2041 1343; x_wconf 87' lang='lat' dir='ltr'><em>erat</em></span> <span class='ocrx_word' id='word_1_674' title='bbox 2056 1333 2068 1349; x_wconf 91' lang='lat'><em>,</em></span> 
     </span>
     <span class='ocr_line' id='line_1_94' title="bbox 1191 1356 2070 1401; baseline 0.005 -12"><span class='ocrx_word' id='word_1_675' title='bbox 1191 1368 1289 1391; x_wconf 88' lang='lat' dir='ltr'><em>ramos</em></span> <span class='ocrx_word' id='word_1_676' title='bbox 1311 1356 1459 1400; x_wconf 84' lang='lat' dir='ltr'><em>gestantes</em></span> <span class='ocrx_word' id='word_1_677' title='bbox 1485 1364 1632 1392; x_wconf 82' lang='lat' dir='ltr'><em>conviviis</em></span> <span class='ocrx_word' id='word_1_678' title='bbox 1654 1365 1792 1401; x_wconf 80' lang='lat' dir='ltr'><em>excepit,</em></span> <span class='ocrx_word' id='word_1_679' title='bbox 1818 1361 1852 1393; x_wconf 61' lang='grc' dir='ltr'><em>ὁ·</em></span> <span class='ocrx_word' id='word_1_680' title='bbox 1869 1367 1994 1401; x_wconf 90' lang='lat' dir='ltr'><em>puerum</em></span> <span class='ocrx_word' id='word_1_681' title='bbox 2006 1361 2070 1393; x_wconf 83' lang='lat' dir='ltr'><em>Ale-</em></span> 
     </span>
     <span class='ocr_line' id='line_1_95' title="bbox 1192 1409 2069 1444; baseline 0.007 -6"><span class='ocrx_word' id='word_1_682' title='bbox 1192 1412 1276 1440; x_wconf 77' lang='lat' dir='ltr'><em>xium</em></span> <span class='ocrx_word' id='word_1_683' title='bbox 1301 1413 1483 1442; x_wconf 79' lang='lat' dir='ltr'><em>nominavit.</em></span> <span class='ocrx_word' id='word_1_684' title='bbox 1516 1409 1604 1443; x_wconf 87' lang='lat' dir='ltr'><em>Cum</em></span> <span class='ocrx_word' id='word_1_685' title='bbox 1625 1418 1714 1444; x_wconf 84' lang='lat' dir='ltr'><em>tanta</em></span> <span class='ocrx_word' id='word_1_686' title='bbox 1742 1410 1948 1444; x_wconf 85' lang='lat' dir='ltr'><em>solemnitate</em></span> <span class='ocrx_word' id='word_1_687' title='bbox 1964 1409 2069 1444; x_wconf 83' lang='lat' dir='ltr'><em>Graeci</em></span> 
     </span>
     <span class='ocr_line' id='line_1_96' title="bbox 1194 1457 1818 1494; baseline 0.005 -5"><span class='ocrx_word' id='word_1_688' title='bbox 1194 1457 1265 1490; x_wconf 88' lang='lat' dir='ltr'><em>suos</em></span> <span class='ocrx_word' id='word_1_689' title='bbox 1278 1457 1363 1491; x_wconf 87' lang='lat' dir='ltr'><em>filios</em></span> <span class='ocrx_word' id='word_1_690' title='bbox 1373 1458 1524 1492; x_wconf 86' lang='lat' dir='ltr'><em>creabant</em></span> <span class='ocrx_word' id='word_1_691' title='bbox 1538 1458 1818 1494; x_wconf 83' lang='lat' dir='ltr'><em>Catechumenos.</em></span> 
     </span>
    </p>

    <p class='ocr_par' dir='ltr' id='par_1_11' title="bbox 1181 1505 2072 2945">
     <span class='ocr_line' id='line_1_97' title="bbox 1242 1505 2070 1554; baseline 0.006 -16"><span class='ocrx_word' id='word_1_692' title='bbox 1242 1505 1413 1540; x_wconf 67' lang='lat' dir='ltr'><em>Postremae</em></span> <span class='ocrx_word' id='word_1_693' title='bbox 1433 1508 1530 1541; x_wconf 88' lang='lat' dir='ltr'><em>etiam</em></span> <span class='ocrx_word' id='word_1_694' title='bbox 1550 1510 1785 1551; x_wconf 86' lang='lat' dir='ltr'><em>purificationis</em></span> <span class='ocrx_word' id='word_1_695' title='bbox 1812 1510 1911 1545; x_wconf 89' lang='lat' dir='ltr'><em>ritum</em></span> <span class='ocrx_word' id='word_1_696' title='bbox 1932 1510 2070 1554; x_wconf 81' lang='lat' dir='ltr'><em>exponit</em></span> 
     </span>
     <span class='ocr_line' id='line_1_98' title="bbox 1194 1553 2070 1601; baseline 0.007 -15"><span class='ocrx_word' id='word_1_697' title='bbox 1194 1553 1279 1587; x_wconf 90' lang='lat' dir='ltr'><em>idem</em></span> <span class='ocrx_word' id='word_1_698' title='bbox 1296 1554 1583 1598; x_wconf 79' lang='lat' dir='ltr'><em>Archiepiscopus:</em></span> <span class='ocrx_word' id='word_1_699' title='bbox 1610 1558 1840 1601; x_wconf 73' lang='lat' dir='ltr'><em>,Quadragefimo</em></span> <span class='ocrx_word' id='word_1_700' title='bbox 1863 1562 1911 1592; x_wconf 81' lang='lat' dir='ltr'><em>die</em></span> <span class='ocrx_word' id='word_1_701' title='bbox 1923 1559 2023 1601; x_wconf 88' lang='lat' dir='ltr'><em>rursus</em></span> <span class='ocrx_word' id='word_1_702' title='bbox 2036 1565 2070 1592; x_wconf 79' lang='lat' dir='ltr'><em>m</em></span> 
     </span>
     <span class='ocr_line' id='line_1_99' title="bbox 1193 1605 2070 1650; baseline 0.005 -15"><span class='ocrx_word' id='word_1_703' title='bbox 1193 1605 1331 1643; x_wconf 85' lang='lat' dir='ltr'><em>templum</em></span> <span class='ocrx_word' id='word_1_704' title='bbox 1339 1612 1414 1644; x_wconf 85' lang='lat' dir='ltr'><em>puer</em></span> <span class='ocrx_word' id='word_1_705' title='bbox 1435 1606 1455 1635; x_wconf 77' lang='grc' dir='ltr'><em>ιὶ</em></span> <span class='ocrx_word' id='word_1_706' title='bbox 1469 1614 1565 1637; x_wconf 88' lang='lat' dir='ltr'><em>matre</em></span> <span class='ocrx_word' id='word_1_707' title='bbox 1576 1607 1733 1639; x_wconf 86' lang='lat' dir='ltr'><em>adducitur</em></span> <span class='ocrx_word' id='word_1_708' title='bbox 1746 1631 1756 1647; x_wconf 91' lang='lat'><em>,</em></span> <span class='ocrx_word' id='word_1_709' title='bbox 1783 1609 1919 1650; x_wconf 88' lang='lat' dir='ltr'><em>illumque</em></span> <span class='ocrx_word' id='word_1_710' title='bbox 1931 1610 2010 1641; x_wconf 83' lang='lat' dir='ltr'><em>velut</em></span> <span class='ocrx_word' id='word_1_711' title='bbox 2020 1609 2070 1640; x_wconf 85' lang='lat' dir='ltr'><em>do-</em></span> 
     </span>
     <span class='ocr_line' id='line_1_100' title="bbox 1194 1650 2070 1700; baseline 0.01 -18"><span class='ocrx_word' id='word_1_712' title='bbox 1194 1662 1263 1683; x_wconf 91' lang='lat' dir='ltr'><em>num</em></span> <span class='ocrx_word' id='word_1_713' title='bbox 1279 1650 1363 1690; x_wconf 83' lang='lat' dir='ltr'><em>offert</em></span> <span class='ocrx_word' id='word_1_714' title='bbox 1375 1655 1436 1684; x_wconf 80' lang='lat' dir='ltr'><em>Deo</em></span> <span class='ocrx_word' id='word_1_715' title='bbox 1451 1676 1457 1682; x_wconf 93' lang='lat'>.</span> <span class='ocrx_word' id='word_1_716' title='bbox 1488 1655 1579 1685; x_wconf 80' lang='lat' dir='ltr'><em>Stans</em></span> <span class='ocrx_word' id='word_1_717' title='bbox 1601 1666 1728 1696; x_wconf 81' lang='lat' dir='ltr'><em>namque</em></span> <span class='ocrx_word' id='word_1_718' title='bbox 1741 1659 1880 1689; x_wconf 78' lang='lat' dir='ltr'><em>sacerdos</em></span> <span class='ocrx_word' id='word_1_719' title='bbox 1885 1667 1953 1698; x_wconf 86' lang='lat' dir='ltr'><em>prae</em></span> <span class='ocrx_word' id='word_1_720' title='bbox 1965 1659 2070 1700; x_wconf 81' lang='lat' dir='ltr'><em>templi</em></span> 
     </span>
     <span class='ocr_line' id='line_1_101' title="bbox 1184 1699 2070 1749; baseline 0.011 -18"><span class='ocrx_word' id='word_1_721' title='bbox 1184 1699 1308 1741; x_wconf 73' lang='lat' dir='ltr'><em>foribus</em></span> <span class='ocrx_word' id='word_1_722' title='bbox 1322 1724 1333 1741; x_wconf 89' lang='lat'>‚</span> <span class='ocrx_word' id='word_1_723' title='bbox 1358 1708 1538 1742; x_wconf 82' lang='lat' dir='ltr'><em>nequeenim</em></span> <span class='ocrx_word' id='word_1_724' title='bbox 1561 1708 1688 1737; x_wconf 87' lang='lat' dir='ltr'><em>oratione</em></span> <span class='ocrx_word' id='word_1_725' title='bbox 1709 1706 1836 1738; x_wconf 89' lang='lat' dir='ltr'><em>nondum</em></span> <span class='ocrx_word' id='word_1_726' title='bbox 1853 1706 1943 1747; x_wconf 62' lang='lat' dir='ltr'><em>faii&#39;a</em></span> <span class='ocrx_word' id='word_1_727' title='bbox 1959 1707 2017 1749; x_wconf 87' lang='lat' dir='ltr'><em>fas</em></span> <span class='ocrx_word' id='word_1_728' title='bbox 2030 1707 2070 1747; x_wconf 79' lang='lat' dir='ltr'><em>est</em></span> 
     </span>
     <span class='ocr_line' id='line_1_102' title="bbox 1191 1750 2070 1800; baseline 0.009 -17"><span class='ocrx_word' id='word_1_729' title='bbox 1191 1750 1329 1783; x_wconf 79' lang='lat' dir='ltr'><em>inducere</em></span> <span class='ocrx_word' id='word_1_730' title='bbox 1351 1775 1361 1792; x_wconf 87' lang='lat'><em>,</em></span> <span class='ocrx_word' id='word_1_731' title='bbox 1387 1761 1567 1794; x_wconf 85' lang='lat' dir='ltr'><em>matremque</em></span> <span class='ocrx_word' id='word_1_732' title='bbox 1587 1765 1651 1786; x_wconf 89' lang='lat' dir='ltr'><em>cum</em></span> <span class='ocrx_word' id='word_1_733' title='bbox 1668 1753 1745 1795; x_wconf 80' lang='lat' dir='ltr'><em>foetu</em></span> <span class='ocrx_word' id='word_1_734' title='bbox 1764 1766 1843 1789; x_wconf 90' lang='lat' dir='ltr'><em>cruce</em></span> <span class='ocrx_word' id='word_1_735' title='bbox 1856 1756 1978 1800; x_wconf 76' lang='lat' dir='ltr'><em>fignanr</em></span> <span class='ocrx_word' id='word_1_736' title='bbox 1995 1783 2004 1797; x_wconf 86' lang='lat'>‚</span> <span class='ocrx_word' id='word_1_737' title='bbox 2033 1759 2070 1791; x_wconf 64' lang='grc' dir='ltr'><em>Θ·</em></span> 
     </span>
     <span class='ocr_line' id='line_1_103' title="bbox 1188 1801 2069 1850; baseline 0.005 -15"><span class='ocrx_word' id='word_1_738' title='bbox 1188 1801 1322 1844; x_wconf 84' lang='lat' dir='ltr'><em>precibus</em></span> <span class='ocrx_word' id='word_1_739' title='bbox 1346 1801 1409 1834; x_wconf 87' lang='lat' dir='ltr'><em>illos</em></span> <span class='ocrx_word' id='word_1_740' title='bbox 1429 1807 1553 1843; x_wconf 78' lang='lat' dir='ltr'><em>expians</em></span> <span class='ocrx_word' id='word_1_741' title='bbox 1573 1828 1583 1843; x_wconf 94' lang='lat'><em>,</em></span> <span class='ocrx_word' id='word_1_742' title='bbox 1612 1809 1704 1836; x_wconf 79' lang='lat' dir='ltr'><em>matri</em></span> <span class='ocrx_word' id='word_1_743' title='bbox 1725 1806 1844 1846; x_wconf 87' lang='lat' dir='ltr'><em>quidem</em></span> <span class='ocrx_word' id='word_1_744' title='bbox 1888 1806 2069 1850; x_wconf 75' lang='lat' dir='ltr'><em>quadrageſs-</em></span> 
     </span>
     <span class='ocr_line' id='line_1_104' title="bbox 1191 1851 2072 1896; baseline 0.007 -13"><span class='ocrx_word' id='word_1_745' title='bbox 1191 1863 1270 1885; x_wconf 91' lang='lat' dir='ltr'><em>mum</em></span> <span class='ocrx_word' id='word_1_746' title='bbox 1283 1852 1382 1892; x_wconf 89' lang='lat' dir='ltr'><em>diem,</em></span> <span class='ocrx_word' id='word_1_747' title='bbox 1410 1857 1441 1884; x_wconf 86' lang='lat' dir='ltr'><em>in</em></span> <span class='ocrx_word' id='word_1_748' title='bbox 1461 1863 1516 1894; x_wconf 84' lang='lat' dir='ltr'><em>quo</em></span> <span class='ocrx_word' id='word_1_749' title='bbox 1535 1851 1631 1892; x_wconf 81' lang='lat' dir='ltr'><em>foetus</em></span> <span class='ocrx_word' id='word_1_750' title='bbox 1648 1858 1679 1886; x_wconf 88' lang='lat' dir='ltr'><em>in</em></span> <span class='ocrx_word' id='word_1_751' title='bbox 1706 1852 1770 1896; x_wconf 85' lang='lat' dir='ltr'><em>ipsa</em></span> <span class='ocrx_word' id='word_1_752' title='bbox 1784 1854 1934 1895; x_wconf 56' lang='lat' dir='ltr'><em>perfecqus</em></span> <span class='ocrx_word' id='word_1_753' title='bbox 1948 1855 2014 1896; x_wconf 87' lang='lat' dir='ltr'><em>fuit</em></span> <span class='ocrx_word' id='word_1_754' title='bbox 2035 1858 2072 1889; x_wconf 66' lang='lat' dir='ltr'><em>e·</em></span> 
     </span>
     <span class='ocr_line' id='line_1_105' title="bbox 1191 1899 2070 1946; baseline 0.003 -11"><span class='ocrx_word' id='word_1_755' title='bbox 1191 1899 1300 1942; x_wconf 81' lang='lat' dir='ltr'><em>exfilire</em></span> <span class='ocrx_word' id='word_1_756' title='bbox 1318 1907 1457 1943; x_wconf 75' lang='lat' dir='ltr'><em>tncaepit,</em></span> <span class='ocrx_word' id='word_1_757' title='bbox 1483 1903 1660 1943; x_wconf 81' lang='lat' dir='ltr'><em>adimplenti</em></span> <span class='ocrx_word' id='word_1_758' title='bbox 1678 1927 1690 1943; x_wconf 93' lang='lat'><em>,</em></span> <span class='ocrx_word' id='word_1_759' title='bbox 1715 1906 1736 1934; x_wconf 75' lang='grc' dir='ltr'><em>ἃ</em></span> <span class='ocrx_word' id='word_1_760' title='bbox 1757 1903 1932 1946; x_wconf 82' lang='lat' dir='ltr'><em>voluptuosa</em></span> <span class='ocrx_word' id='word_1_761' title='bbox 1958 1907 1991 1939; x_wconf 72' lang='lat'><em>(9&#39;</em></span> <span class='ocrx_word' id='word_1_762' title='bbox 2015 1911 2070 1938; x_wconf 80' lang='lat' dir='ltr'><em>im-</em></span> 
     </span>
     <span class='ocr_line' id='line_1_106' title="bbox 1192 1953 2070 1996; baseline 0.005 -12"><span class='ocrx_word' id='word_1_763' title='bbox 1192 1953 1304 1985; x_wconf 88' lang='lat' dir='ltr'><em>munda</em></span> <span class='ocrx_word' id='word_1_764' title='bbox 1319 1957 1482 1985; x_wconf 87' lang='lat' dir='ltr'><em>nativitate</em></span> <span class='ocrx_word' id='word_1_765' title='bbox 1498 1958 1706 1996; x_wconf 82' lang='lat' dir='ltr'><em>purgationem</em></span> <span class='ocrx_word' id='word_1_766' title='bbox 1723 1953 1851 1996; x_wconf 85' lang='lat' dir='ltr'><em>largitur</em></span> <span class='ocrx_word' id='word_1_767' title='bbox 1862 1977 1872 1993; x_wconf 95' lang='lat'><em>,</em></span> <span class='ocrx_word' id='word_1_768' title='bbox 1899 1956 1933 1987; x_wconf 78' lang='lat'><em>&amp;</em></span> <span class='ocrx_word' id='word_1_769' title='bbox 1944 1960 1977 1986; x_wconf 84' lang='lat' dir='ltr'><em>in</em></span> <span class='ocrx_word' id='word_1_770' title='bbox 1996 1963 2070 1988; x_wconf 90' lang='lat' dir='ltr'><em>tem-</em></span> 
     </span>
     <span class='ocr_line' id='line_1_107' title="bbox 1188 2002 2071 2047; baseline 0.002 -13"><span class='ocrx_word' id='word_1_771' title='bbox 1188 2003 1272 2043; x_wconf 91' lang='lat' dir='ltr'><em>plum</em></span> <span class='ocrx_word' id='word_1_772' title='bbox 1280 2008 1430 2044; x_wconf 81' lang='lat' dir='ltr'><em>permittit</em></span> <span class='ocrx_word' id='word_1_773' title='bbox 1442 2003 1592 2045; x_wconf 83' lang='lat' dir='ltr'><em>ingressum</em></span> <span class='ocrx_word' id='word_1_774' title='bbox 1604 2027 1614 2043; x_wconf 89' lang='lat'><em>,</em></span> <span class='ocrx_word' id='word_1_775' title='bbox 1641 2014 1705 2036; x_wconf 88' lang='lat' dir='ltr'><em>cum</em></span> <span class='ocrx_word' id='word_1_776' title='bbox 1717 2004 1783 2036; x_wconf 81' lang='lat' dir='ltr'><em>illuc</em></span> <span class='ocrx_word' id='word_1_777' title='bbox 1793 2014 1811 2035; x_wconf 91' lang='lat' dir='ltr'><em>u</em></span> <span class='ocrx_word' id='word_1_778' title='bbox 1811 2002 1885 2046; x_wconf 87' lang='lat' dir='ltr'><em>sque</em></span> <span class='ocrx_word' id='word_1_779' title='bbox 1898 2015 1989 2047; x_wconf 87' lang='lat' dir='ltr'><em>neque</em></span> <span class='ocrx_word' id='word_1_780' title='bbox 2001 2006 2071 2038; x_wconf 80' lang='lat' dir='ltr'><em>adi-</em></span> 
     </span>
     <span class='ocr_line' id='line_1_108' title="bbox 1190 2052 2069 2095; baseline 0.002 -11"><span class='ocrx_word' id='word_1_781' title='bbox 1190 2061 1221 2084; x_wconf 88' lang='lat' dir='ltr'><em>tu</em></span> <span class='ocrx_word' id='word_1_782' title='bbox 1233 2062 1322 2094; x_wconf 84' lang='lat' dir='ltr'><em>neque</em></span> <span class='ocrx_word' id='word_1_783' title='bbox 1342 2053 1514 2093; x_wconf 82' lang='lat' dir='ltr'><em>mundiffimi</em></span> <span class='ocrx_word' id='word_1_784' title='bbox 1536 2052 1655 2092; x_wconf 81' lang='lat' dir='ltr'><em>mysterii</em></span> <span class='ocrx_word' id='word_1_785' title='bbox 1671 2059 1899 2095; x_wconf 84' lang='lat' dir='ltr'><em>participatione</em></span> <span class='ocrx_word' id='word_1_786' title='bbox 1912 2054 2009 2095; x_wconf 88' lang='lat' dir='ltr'><em>fuerit</em></span> <span class='ocrx_word' id='word_1_787' title='bbox 2022 2056 2069 2087; x_wconf 86' lang='lat' dir='ltr'><em>di-</em></span> 
     </span>
     <span class='ocr_line' id='line_1_109' title="bbox 1186 2102 2067 2146; baseline 0.005 -12"><span class='ocrx_word' id='word_1_788' title='bbox 1186 2113 1272 2145; x_wconf 82' lang='lat' dir='ltr'><em>gna.</em></span> <span class='ocrx_word' id='word_1_789' title='bbox 1302 2104 1428 2135; x_wconf 85' lang='lat' dir='ltr'><em>Puerum</em></span> <span class='ocrx_word' id='word_1_790' title='bbox 1448 2112 1546 2136; x_wconf 84' lang='lat' dir='ltr'><em>autem</em></span> <span class='ocrx_word' id='word_1_791' title='bbox 1566 2108 1599 2135; x_wconf 84' lang='lat' dir='ltr'><em>in</em></span> <span class='ocrx_word' id='word_1_792' title='bbox 1627 2115 1734 2136; x_wconf 85' lang='lat' dir='ltr'><em>manus</em></span> <span class='ocrx_word' id='word_1_793' title='bbox 1751 2102 1934 2146; x_wconf 83' lang='lat' dir='ltr'><em>suscipiens,</em></span> <span class='ocrx_word' id='word_1_794' title='bbox 1964 2106 2067 2138; x_wconf 59' lang='lat' dir='ltr'><em>simeo</em></span> 
     </span>
     <span class='ocr_line' id='line_1_110' title="bbox 1190 2151 2070 2195; baseline 0.003 -11"><span class='ocrx_word' id='word_1_795' title='bbox 1190 2163 1256 2185; x_wconf 87' lang='lat' dir='ltr'><em>nem</em></span> <span class='ocrx_word' id='word_1_796' title='bbox 1270 2151 1464 2195; x_wconf 58' lang='lat' dir='ltr'><em>repraesentat</em></span> <span class='ocrx_word' id='word_1_797' title='bbox 1475 2159 1527 2194; x_wconf 80' lang='lat' dir='ltr'><em>qui</em></span> <span class='ocrx_word' id='word_1_798' title='bbox 1539 2161 1664 2195; x_wconf 85' lang='lat' dir='ltr'><em>puerum</em></span> <span class='ocrx_word' id='word_1_799' title='bbox 1679 2155 1836 2187; x_wconf 86' lang='lat' dir='ltr'><em>Dominum</em></span> <span class='ocrx_word' id='word_1_800' title='bbox 1846 2155 1882 2194; x_wconf 88' lang='lat' dir='ltr'><em>est</em></span> <span class='ocrx_word' id='word_1_801' title='bbox 1903 2155 1980 2187; x_wconf 85' lang='lat' dir='ltr'><em>ulnis</em></span> <span class='ocrx_word' id='word_1_802' title='bbox 1992 2167 2070 2188; x_wconf 69' lang='lat' dir='ltr'><em>com⁴</em></span> 
     </span>
     <span class='ocr_line' id='line_1_111' title="bbox 1185 2202 2068 2247; baseline 0.006 -14"><span class='ocrx_word' id='word_1_803' title='bbox 1185 2202 1292 2243; x_wconf 82' lang='lat' dir='ltr'><em>plexus</em></span> <span class='ocrx_word' id='word_1_804' title='bbox 1304 2226 1315 2242; x_wconf 96' lang='lat'><em>,</em></span> <span class='ocrx_word' id='word_1_805' title='bbox 1343 2204 1378 2235; x_wconf 64' lang='grc' dir='ltr'><em>(ν</em></span> <span class='ocrx_word' id='word_1_806' title='bbox 1388 2203 1550 2236; x_wconf 86' lang='lat' dir='ltr'><em>decantans</em></span> <span class='ocrx_word' id='word_1_807' title='bbox 1561 2228 1571 2244; x_wconf 92' lang='lat'><em>,</em></span> <span class='ocrx_word' id='word_1_808' title='bbox 1598 2208 1690 2237; x_wconf 86' lang='lat' dir='ltr'><em>Nunc</em></span> <span class='ocrx_word' id='word_1_809' title='bbox 1702 2205 1830 2237; x_wconf 86' lang='lat' dir='ltr'><em>dimittis</em></span> <span class='ocrx_word' id='word_1_810' title='bbox 1847 2203 1971 2247; x_wconf 80' lang='lat' dir='ltr'><em>servum</em></span> <span class='ocrx_word' id='word_1_811' title='bbox 1982 2215 2068 2238; x_wconf 84' lang='lat' dir='ltr'><em>tuum</em></span> 
     </span>
     <span class='ocr_line' id='line_1_112' title="bbox 1189 2252 2067 2296; baseline 0.006 -14"><span class='ocrx_word' id='word_1_812' title='bbox 1189 2254 1310 2285; x_wconf 84' lang='lat' dir='ltr'><em>Domine</em></span> <span class='ocrx_word' id='word_1_813' title='bbox 1325 2276 1335 2291; x_wconf 91' lang='lat'><em>,</em></span> <span class='ocrx_word' id='word_1_814' title='bbox 1356 2260 1483 2294; x_wconf 87' lang='lat' dir='ltr'><em>puerum</em></span> <span class='ocrx_word' id='word_1_815' title='bbox 1505 2255 1525 2285; x_wconf 77' lang='grc' dir='ltr'><em>ἃ</em></span> <span class='ocrx_word' id='word_1_816' title='bbox 1543 2252 1660 2295; x_wconf 84' lang='lat' dir='ltr'><em>peccato</em></span> <span class='ocrx_word' id='word_1_817' title='bbox 1674 2252 1776 2296; x_wconf 72' lang='lat' dir='ltr'><em>fiilvi,</em></span> <span class='ocrx_word' id='word_1_818' title='bbox 1804 2256 1837 2288; x_wconf 72' lang='lat'><em>(9⁶</em></span> <span class='ocrx_word' id='word_1_819' title='bbox 1851 2253 2000 2295; x_wconf 73' lang='lat' dir='ltr'><em>Christum</em></span> <span class='ocrx_word' id='word_1_820' title='bbox 2021 2257 2067 2287; x_wconf 70' lang='lat' dir='ltr'><em>lu-</em></span> 
     </span>
     <span class='ocr_line' id='line_1_113' title="bbox 1189 2300 2065 2346; baseline 0.001 -11"><span class='ocrx_word' id='word_1_821' title='bbox 1189 2313 1249 2335; x_wconf 87' lang='lat' dir='ltr'><em>cem</em></span> <span class='ocrx_word' id='word_1_822' title='bbox 1268 2300 1413 2344; x_wconf 81' lang='lat' dir='ltr'><em>adspicere</em></span> <span class='ocrx_word' id='word_1_823' title='bbox 1435 2312 1530 2346; x_wconf 81' lang='lat' dir='ltr'><em>rogat.</em></span> <span class='ocrx_word' id='word_1_824' title='bbox 1561 2306 1608 2336; x_wconf 87' lang='lat' dir='ltr'><em>Et</em></span> <span class='ocrx_word' id='word_1_825' title='bbox 1624 2302 1652 2344; x_wconf 78' lang='lat' dir='ltr'><em>fi</em></span> <span class='ocrx_word' id='word_1_826' title='bbox 1666 2306 1788 2346; x_wconf 79' lang='lat' dir='ltr'><em>quidem</em></span> <span class='ocrx_word' id='word_1_827' title='bbox 1801 2313 1877 2345; x_wconf 89' lang='lat' dir='ltr'><em>puer</em></span> <span class='ocrx_word' id='word_1_828' title='bbox 1890 2305 2065 2346; x_wconf 70' lang='lat' dir='ltr'><em>baptizatus</em></span> 
     </span>
     <span class='ocr_line' id='line_1_114' title="bbox 1181 2351 2065 2396; baseline 0.001 -11"><span class='ocrx_word' id='word_1_829' title='bbox 1181 2351 1301 2393; x_wconf 79' lang='lat' dir='ltr'><em>fuerit,</em></span> <span class='ocrx_word' id='word_1_830' title='bbox 1329 2351 1513 2395; x_wconf 67' lang='lat' dir='ltr'><em>adfant‘lum</em></span> <span class='ocrx_word' id='word_1_831' title='bbox 1528 2352 1616 2396; x_wconf 86' lang='lat' dir='ltr'><em>usque</em></span> <span class='ocrx_word' id='word_1_832' title='bbox 1638 2354 1733 2386; x_wconf 84' lang='lat' dir='ltr'><em>altare</em></span> <span class='ocrx_word' id='word_1_833' title='bbox 1753 2356 1885 2394; x_wconf 80' lang='lat' dir='ltr'><em>inducit,</em></span> <span class='ocrx_word' id='word_1_834' title='bbox 1913 2356 1947 2388; x_wconf 63' lang='grc' dir='ltr'><em>(π</em></span> <span class='ocrx_word' id='word_1_835' title='bbox 1959 2361 1992 2388; x_wconf 87' lang='lat' dir='ltr'><em>in</em></span> <span class='ocrx_word' id='word_1_836' title='bbox 2011 2361 2065 2387; x_wconf 90' lang='lat' dir='ltr'><em>cir-</em></span> 
     </span>
     <span class='ocr_line' id='line_1_115' title="bbox 1189 2402 2066 2446; baseline 0.003 -11"><span class='ocrx_word' id='word_1_837' title='bbox 1189 2408 1266 2435; x_wconf 90' lang='lat' dir='ltr'><em>cuitu</em></span> <span class='ocrx_word' id='word_1_838' title='bbox 1277 2402 1361 2444; x_wconf 80' lang='lat' dir='ltr'><em>quasi</em></span> <span class='ocrx_word' id='word_1_839' title='bbox 1366 2404 1538 2436; x_wconf 85' lang='lat' dir='ltr'><em>adorantem</em></span> <span class='ocrx_word' id='word_1_840' title='bbox 1550 2427 1560 2443; x_wconf 87' lang='lat'>‚</span> <span class='ocrx_word' id='word_1_841' title='bbox 1588 2405 1621 2437; x_wconf 67' lang='lat'><em>(⁸5</em></span> <span class='ocrx_word' id='word_1_842' title='bbox 1635 2404 1741 2437; x_wconf 84' lang='lat' dir='ltr'><em>donum</em></span> <span class='ocrx_word' id='word_1_843' title='bbox 1754 2408 1814 2437; x_wconf 85' lang='lat' dir='ltr'><em>Deo</em></span> <span class='ocrx_word' id='word_1_844' title='bbox 1836 2403 1965 2438; x_wconf 86' lang='lat' dir='ltr'><em>oblatum</em></span> <span class='ocrx_word' id='word_1_845' title='bbox 1985 2429 1995 2445; x_wconf 91' lang='lat'><em>,</em></span> <span class='ocrx_word' id='word_1_846' title='bbox 2011 2404 2066 2446; x_wconf 84' lang='lat' dir='ltr'><em>fa·</em></span> 
     </span>
     <span class='ocr_line' id='line_1_116' title="bbox 1188 2451 2063 2497; baseline 0.001 -12"><span class='ocrx_word' id='word_1_847' title='bbox 1188 2452 1349 2494; x_wconf 61' lang='lat' dir='ltr'><em>daremque</em></span> <span class='ocrx_word' id='word_1_848' title='bbox 1367 2453 1452 2495; x_wconf 88' lang='lat' dir='ltr'><em>suum</em></span> <span class='ocrx_word' id='word_1_849' title='bbox 1464 2451 1577 2495; x_wconf 90' lang='lat' dir='ltr'><em>summo</em></span> <span class='ocrx_word' id='word_1_850' title='bbox 1597 2455 1674 2488; x_wconf 87' lang='lat' dir='ltr'><em>cultu</em></span> <span class='ocrx_word' id='word_1_851' title='bbox 1693 2462 1887 2489; x_wconf 87' lang='lat' dir='ltr'><em>venerantem</em></span> <span class='ocrx_word' id='word_1_852' title='bbox 1908 2456 2063 2497; x_wconf 81' lang='lat' dir='ltr'><em>deportat.</em></span> 
     </span>
     <span class='ocr_line' id='line_1_117' title="bbox 1188 2501 2066 2547; baseline 0.005 -14"><span class='ocrx_word' id='word_1_853' title='bbox 1188 2504 1239 2534; x_wconf 84' lang='lat' dir='ltr'><em>sin</em></span> <span class='ocrx_word' id='word_1_854' title='bbox 1251 2503 1346 2535; x_wconf 78' lang='lat' dir='ltr'><em>minus</em></span> <span class='ocrx_word' id='word_1_855' title='bbox 1351 2501 1451 2544; x_wconf 84' lang='lat' dir='ltr'><em>fuerit</em></span> <span class='ocrx_word' id='word_1_856' title='bbox 1463 2501 1619 2546; x_wconf 84' lang='lat' dir='ltr'><em>Baptismo</em></span> <span class='ocrx_word' id='word_1_857' title='bbox 1630 2503 1769 2543; x_wconf 83' lang='lat' dir='ltr'><em>lustratus</em></span> <span class='ocrx_word' id='word_1_858' title='bbox 1779 2528 1790 2543; x_wconf 94' lang='lat'>‚</span> <span class='ocrx_word' id='word_1_859' title='bbox 1815 2507 1860 2538; x_wconf 90' lang='lat' dir='ltr'><em>ad</em></span> <span class='ocrx_word' id='word_1_860' title='bbox 1868 2505 1953 2538; x_wconf 83' lang='lat' dir='ltr'><em>cellos</em></span> <span class='ocrx_word' id='word_1_861' title='bbox 1977 2503 2066 2547; x_wconf 87' lang='lat' dir='ltr'><em>usque</em></span> 
     </span>
     <span class='ocr_line' id='line_1_118' title="bbox 1189 2551 2066 2597; baseline 0.002 -13"><span class='ocrx_word' id='word_1_862' title='bbox 1189 2551 1285 2593; x_wconf 83' lang='lat' dir='ltr'><em>defert</em></span> <span class='ocrx_word' id='word_1_863' title='bbox 1305 2552 1455 2594; x_wconf 79' lang='lat' dir='ltr'><em>infantem</em></span> <span class='ocrx_word' id='word_1_864' title='bbox 1478 2577 1489 2592; x_wconf 94' lang='lat'>‚</span> <span class='ocrx_word' id='word_1_865' title='bbox 1517 2554 1700 2587; x_wconf 80' lang='lat' dir='ltr'><em>adorationis</em></span> <span class='ocrx_word' id='word_1_866' title='bbox 1722 2555 1798 2588; x_wconf 76' lang='lat' dir='ltr'><em>cultu</em></span> <span class='ocrx_word' id='word_1_867' title='bbox 1818 2555 1966 2597; x_wconf 81' lang='lat' dir='ltr'><em>demissum</em></span> <span class='ocrx_word' id='word_1_868' title='bbox 1984 2579 1990 2586; x_wconf 94' lang='lat'>.</span> <span class='ocrx_word' id='word_1_869' title='bbox 2019 2557 2066 2586; x_wconf 84' lang='lat' dir='ltr'><em>Et</em></span> 
     </span>
     <span class='ocr_line' id='line_1_119' title="bbox 1187 2601 2066 2645; baseline 0.003 -12"><span class='ocrx_word' id='word_1_870' title='bbox 1187 2608 1278 2634; x_wconf 86' lang='lat' dir='ltr'><em>matri</em></span> <span class='ocrx_word' id='word_1_871' title='bbox 1292 2603 1412 2634; x_wconf 85' lang='lat' dir='ltr'><em>tandem</em></span> <span class='ocrx_word' id='word_1_872' title='bbox 1425 2601 1550 2643; x_wconf 79' lang='lat' dir='ltr'><em>restituit</em></span> <span class='ocrx_word' id='word_1_873' title='bbox 1559 2626 1570 2642; x_wconf 93' lang='lat'><em>,</em></span> <span class='ocrx_word' id='word_1_874' title='bbox 1598 2615 1633 2637; x_wconf 80' lang='lat' dir='ltr'><em>ac</em></span> <span class='ocrx_word' id='word_1_875' title='bbox 1644 2604 1831 2644; x_wconf 76' lang='lat' dir='ltr'><em>dimffonem</em></span> <span class='ocrx_word' id='word_1_876' title='bbox 1834 2604 1931 2645; x_wconf 86' lang='lat' dir='ltr'><em>facit.</em></span> <span class='ocrx_word' id='word_1_877' title='bbox 1962 2607 2066 2636; x_wconf 80' lang='lat' dir='ltr'><em>Exin-</em></span> 
     </span>
     <span class='ocr_line' id='line_1_120' title="bbox 1187 2651 2065 2695; baseline 0.003 -12"><span class='ocrx_word' id='word_1_878' title='bbox 1187 2652 1223 2684; x_wconf 72' lang='lat' dir='ltr'><em>de</em></span> <span class='ocrx_word' id='word_1_879' title='bbox 1234 2651 1458 2685; x_wconf 80' lang='lat' dir='ltr'><em>catechumenis</em></span> <span class='ocrx_word' id='word_1_880' title='bbox 1482 2653 1697 2686; x_wconf 84' lang='lat' dir='ltr'><em>adnumeratur</em></span> <span class='ocrx_word' id='word_1_881' title='bbox 1722 2662 1818 2694; x_wconf 81' lang='lat' dir='ltr'><em>puer,</em></span> <span class='ocrx_word' id='word_1_882' title='bbox 1845 2661 2065 2695; x_wconf 82' lang='lat' dir='ltr'><em>expurgataque</em></span> 
     </span>
     <span class='ocr_line' id='line_1_121' title="bbox 1187 2701 2062 2744; baseline 0 -10"><span class='ocrx_word' id='word_1_883' title='bbox 1187 2709 1282 2734; x_wconf 86' lang='lat' dir='ltr'><em>mater</em></span> <span class='ocrx_word' id='word_1_884' title='bbox 1295 2702 1435 2742; x_wconf 87' lang='lat' dir='ltr'><em>templum</em></span> <span class='ocrx_word' id='word_1_885' title='bbox 1445 2703 1630 2743; x_wconf 82' lang='lat' dir='ltr'><em>ingrediendi</em></span> <span class='ocrx_word' id='word_1_886' title='bbox 1643 2726 1653 2741; x_wconf 91' lang='lat'><em>,</em></span> <span class='ocrx_word' id='word_1_887' title='bbox 1680 2701 1858 2741; x_wconf 73' lang='lat' dir='ltr'><em>&amp;mysteriis</em></span> <span class='ocrx_word' id='word_1_888' title='bbox 1871 2707 2062 2744; x_wconf 71' lang='lat' dir='ltr'><em>participan-</em></span> 
     </span>
     <span class='ocr_line' id='line_1_122' title="bbox 1188 2749 2065 2792; baseline 0.002 -8"><span class='ocrx_word' id='word_1_889' title='bbox 1188 2753 1221 2784; x_wconf 80' lang='lat' dir='ltr'><em>di</em></span> <span class='ocrx_word' id='word_1_890' title='bbox 1234 2750 1412 2792; x_wconf 85' lang='lat' dir='ltr'><em>facultatem</em></span> <span class='ocrx_word' id='word_1_891' title='bbox 1434 2756 1556 2791; x_wconf 83' lang='lat' dir='ltr'><em>accipit.</em></span> <span class='ocrx_word' id='word_1_892' title='bbox 1587 2751 1630 2784; x_wconf 89' lang='lat' dir='ltr'><em>Et</em></span> <span class='ocrx_word' id='word_1_893' title='bbox 1640 2751 1773 2786; x_wconf 86' lang='lat' dir='ltr'><em>Simeon</em></span> <span class='ocrx_word' id='word_1_894' title='bbox 1802 2750 1857 2785; x_wconf 91' lang='lat' dir='ltr'><em>hic</em></span> <span class='ocrx_word' id='word_1_895' title='bbox 1879 2751 1981 2785; x_wconf 87' lang='lat' dir='ltr'><em>&amp;alii</em></span> <span class='ocrx_word' id='word_1_896' title='bbox 2006 2749 2065 2786; x_wconf 86' lang='lat' dir='ltr'><em>ho-</em></span> 
     </span>
     <span class='ocr_line' id='line_1_123' title="bbox 1187 2800 2065 2846; baseline 0.001 -12"><span class='ocrx_word' id='word_1_897' title='bbox 1187 2800 1238 2834; x_wconf 78' lang='lat' dir='ltr'><em>die</em></span> <span class='ocrx_word' id='word_1_898' title='bbox 1250 2801 1353 2834; x_wconf 84' lang='lat' dir='ltr'><em>Graeci</em></span> <span class='ocrx_word' id='word_1_899' title='bbox 1375 2801 1507 2834; x_wconf 89' lang='lat' dir='ltr'><em>censent</em></span> <span class='ocrx_word' id='word_1_900' title='bbox 1531 2800 1691 2835; x_wconf 85' lang='lat' dir='ltr'><em>infantem</em></span> <span class='ocrx_word' id='word_1_901' title='bbox 1716 2812 1773 2846; x_wconf 87' lang='lat' dir='ltr'><em>per</em></span> <span class='ocrx_word' id='word_1_902' title='bbox 1787 2802 1899 2836; x_wconf 68' lang='lat' dir='ltr'>ostavae</span> <span class='ocrx_word' id='word_1_903' title='bbox 1911 2800 1975 2835; x_wconf 87' lang='lat' dir='ltr'><em>diei</em></span> <span class='ocrx_word' id='word_1_904' title='bbox 1998 2812 2065 2845; x_wconf 75' lang='lat' dir='ltr'><em>pre·</em></span> 
     </span>
     <span class='ocr_line' id='line_1_124' title="bbox 1189 2849 2063 2893; baseline 0 -8"><span class='ocrx_word' id='word_1_905' title='bbox 1189 2862 1238 2887; x_wconf 87' lang='lat' dir='ltr'><em>ces</em></span> <span class='ocrx_word' id='word_1_906' title='bbox 1248 2850 1418 2884; x_wconf 85' lang='lat' dir='ltr'><em>dumtaxat</em></span> <span class='ocrx_word' id='word_1_907' title='bbox 1442 2851 1606 2893; x_wconf 80' lang='lat' dir='ltr'><em>praeparari</em></span> <span class='ocrx_word' id='word_1_908' title='bbox 1619 2849 1661 2884; x_wconf 85' lang='lat' dir='ltr'><em>ad</em></span> <span class='ocrx_word' id='word_1_909' title='bbox 1681 2850 1985 2892; x_wconf 77' lang='lat' dir='ltr'><em>catechumenatum</em></span> <span class='ocrx_word' id='word_1_910' title='bbox 2005 2851 2063 2886; x_wconf 88' lang='lat' dir='ltr'><em>do·</em></span> 
     </span>
     <span class='ocr_line' id='line_1_125' title="bbox 1189 2899 1671 2945; baseline 0 -8"><span class='ocrx_word' id='word_1_911' title='bbox 1189 2901 1335 2937; x_wconf 83' lang='lat' dir='ltr'><em>nandum</em></span> <span class='ocrx_word' id='word_1_912' title='bbox 1346 2901 1399 2936; x_wconf 88' lang='lat' dir='ltr'><em>die</em></span> <span class='ocrx_word' id='word_1_913' title='bbox 1414 2899 1671 2945; x_wconf 70' lang='lat' dir='ltr'><em>quadragesimo-</em></span> 
     </span>
    </p>
   </div>
   <div class='ocr_carea' id='block_1_8' title="bbox 1582 3448 2012 3488">
    <p class='ocr_par' dir='ltr' id='par_1_12' title="bbox 1582 3448 2012 3488">
     <span class='ocr_line' id='line_1_126' title="bbox 1582 3448 2012 3488; baseline -0.009 -1"><span class='ocrx_word' id='word_1_914' title='bbox 1582 3452 1621 3488; x_wconf 88' lang='lat' dir='ltr'>H</span> <span class='ocrx_word' id='word_1_915' title='bbox 1647 3452 1670 3486; x_wconf 88' lang='lat' dir='ltr'>h</span> <span class='ocrx_word' id='word_1_916' title='bbox 1695 3451 1719 3487; x_wconf 81' lang='lat' dir='ltr'>h</span> <span class='ocrx_word' id='word_1_917' title='bbox 1917 3448 2012 3485; x_wconf 83' lang='lat' dir='ltr'>CRI-</span> 
     </span>
    </p>
   </div>
   <div class='ocr_carea' id='block_1_9' title="bbox 2084 833 2200 864">
    <p class='ocr_par' dir='ltr' id='par_1_13' title="bbox 2084 833 2200 864">
     <span class='ocr_line' id='line_1_127' title="bbox 2084 833 2200 864; baseline -0.009 0"><span class='ocrx_word' id='word_1_918' title='bbox 2084 833 2141 864; x_wconf 81' lang='lat' dir='ltr'><em>Lib.</em></span> <span class='ocrx_word' id='word_1_919' title='bbox 2173 843 2185 863; x_wconf 79' lang='lat'>1</span> <span class='ocrx_word' id='word_1_920' title='bbox 2192 854 2200 863; x_wconf 89' lang='lat'><strong>.</strong></span> 
     </span>
    </p>
   </div>
   <div class='ocr_carea' id='block_1_10' title="bbox 2087 1026 2202 1107">
    <p class='ocr_par' dir='ltr' id='par_1_14' title="bbox 2087 1026 2202 1107">
     <span class='ocr_line' id='line_1_128' title="bbox 2089 1026 2202 1062; baseline -0.009 -7"><span class='ocrx_word' id='word_1_921' title='bbox 2089 1026 2143 1056; x_wconf 69' lang='lat' dir='ltr'><em>Lib.</em></span> <span class='ocrx_word' id='word_1_922' title='bbox 2175 1036 2202 1062; x_wconf 76' lang='grc' dir='ltr'><em>ς.</em></span> 
     </span>
     <span class='ocr_line' id='line_1_129' title="bbox 2087 1069 2201 1107; baseline 0.018 -10"><span class='ocrx_word' id='word_1_923' title='bbox 2087 1069 2148 1107; x_wconf 76' lang='lat' dir='ltr'><em>Cap</em></span> <span class='ocrx_word' id='word_1_924' title='bbox 2158 1090 2162 1095; x_wconf 78' lang='grc'><em>.</em></span> <span class='ocrx_word' id='word_1_925' title='bbox 2172 1072 2201 1099; x_wconf 86' lang='grc'><em>8.</em></span> 
     </span>
    </p>
   </div>
  </div>
 </body>
</html>
