2352 3736
118 640 180 672 Lib.
191 651 216 671 1.

117 691 184 721 cap·
197 691 209 712 1
217 688 241 711 ι.

110 990 194 1020 Tom.
201 999 229 1027 4.

106 1337 157 1375 Ep·
174 1346 218 1372 ²4,

112 2725 146 2755 A.
161 2728 244 2759 ηις.

373 142 474 190 266
813 130 1148 186 sauci-1

303 201 503 266 improbavit
514 244 522 252 .
549 215 676 253 Verum
685 226 768 263 opus
779 217 826 255 est
842 217 948 264 gratia
970 216 1005 251 δε
1018 217 1128 261 spiritu
1141 217 1192 253 di-

302 271 474 308 scretionis
484 295 491 301 .

353 323 399 356 Et
420 317 552 362 quidem
571 317 731 354 Romana
753 316 898 351 Ecclesia
919 316 1090 361 Synodale
1119 331 1193 354 exa-

300 425 388 457 ctum
401 418 604 454 Udalricum
616 441 627 459 ‚
654 416 856 462 Augustanae
875 419 910 452 in
923 369 1192 458 Viiffilcigssgb-

297 471 396 507 clefiae
409 470 608 514 Episcopum
622 491 634 508 ,
660 479 730 501 non
755 468 842 502 solus
854 493 865 509 ,
893 469 947 503 sed
959 481 1036 504 cum
1061 471 1116 505 sua
1130 470 1190 505 Pa-

298 517 465 556 triarchali
488 516 627 561 synodo
650 518 853 555 canonizarit
879 518 1022 563 Joannes
1040 520 1188 556 decimus

300 383 377 410 men
389 368 605 412 huicjudicio
627 369 749 411 semper
770 367 952 410 impendit.

295 574 434 617 quintus
456 594 467 609 ,
503 569 591 602 lucet
614 580 655 602 ex
689 571 958 605 canonizationis
985 570 1186 615 diplomate,

293 634 334 657 ae
346 619 514 666 praesertim
534 630 577 655 ex
599 617 771 655 Chronico
792 620 928 660 laudata:
940 622 1091 656 Ecclefiae
1105 647 1112 655 .
1141 622 1186 659 Et

294 671 475 707 Benedisto
495 668 774 716 Rempeflegienfi
788 670 933 715 Abbati,
964 672 1184 717 Guolgosium

292 721 542 756 Antecefforem
561 721 655 755 suum
678 721 870 761 canonicari
900 722 1079 767 postulanti
1101 748 1112 765 ,
1139 723 1185 758 fa-

289 772 399 807 ciliter
412 769 551 806 concedi
573 784 643 806 non
663 771 752 815 posse
773 774 942 817 respondit
957 773 1118 808 Urbanus
1139 775 1183 808 se·

288 821 440 863 cundus,
466 820 590 856 addens
611 823 740 857 causam
764 837 775 857 .-
802 828 878 857 Non
899 830 982 862 enim
1006 824 1183 859 Sanllorum

288 870 412 918 quisque
434 872 521 907 debet
532 872 707 907 canonibus
730 872 887 916 admisceri
907 875 964 919 mfi
978 874 1109 921 &testes
1129 875 1183 907 ad-

282 923 366 967 fint,
393 929 446 968 qui
465 926 530 965 ejus
548 924 694 957 miracula
705 922 773 966 visa
790 922 857 968 suis
871 922 961 961 oculis
986 925 1182 968 attestentur,

288 977 482 1018 &plenarie
504 974 607 1017 synodi
625 973 783 1016 firmentur
808 973 936 1019 affensu.
965 976 1083 1013 Exstat
1105 976 1183 1019 Epi,-

288 1025 372 1060 stola
383 1024 473 1070 apud
493 1022 605 1058 fratres
619 1023 888 1060 Sammarthanos
913 1027 947 1060 in
962 1027 1073 1062 Gallia
1085 1025 1181 1060 Chri-

285 1076 410 1110 stiana.
439 1074 549 1110 Etiam
563 1074 704 1115 Ulricus
714 1075 974 1112 Constantiensis
994 1078 1031 1114 in
1042 1078 1180 1114 Germa-

286 1126 343 1161 nia
363 1126 567 1170 Episcopus,
592 1126 747 1160 Sanctum
760 1125 968 1165 Conrardum
989 1127 1179 1162 Antecesse-

285 1188 356 1211 rem
368 1178 463 1211 suurn
483 1175 670 1211 canonizari
689 1177 874 1221 supplicans
886 1202 897 1218 ,
922 1179 966 1211 ad
973 1178 1095 1212 crebras
1101 1176 1178 1220 suas

282 1228 404 1261 litteras
416 1226 467 1261 hoc
477 1227 678 1262 immutabilis
697 1225 859 1270 sententia
872 1227 1055 1272 Responsum
1067 1234 1179 1270 accepit

284 1275 304 1311 ἐι
317 1278 473 1312 Romana
495 1276 639 1311 Ecclesia
652 1301 664 1318 ‚
689 1283 792 1311 vitam
811 1279 878 1320 ejus
901 1284 934 1312 in
956 1280 1087 1313 Concilio
1105 1284 1177 1312 reci-

282 1329 414 1364 tandam
434 1330 468 1362 (9³
490 1327 741 1370 comprobandam
754 1327 826 1370 fhre
842 1331 980 1373 generali
1002 1353 1011 1362 .
1039 1328 1178 1363 Exstant

283 1375 355 1413 haec
367 1380 401 1412 in
416 1376 590 1412 Chronico
602 1378 754 1412 Ecclesiae
777 1378 1057 1415 Constantienfis.
1087 1379 1180 1424 Egil-

283 1427 378 1464 betto
403 1429 482 1463 item
491 1427 722 1473 Bambergenfi
744 1427 935 1474 Episcopo,
963 1429 1097 1474 ejusque
1112 1429 1177 1464 Ca-

281 1479 437 1519 nonicis,
463 1478 688 1512 Fundatorem
708 1478 804 1513 suum
816 1481 972 1515 Sanctum
983 1479 1174 1515 Henricum

280 1530 516 1573 Imperatorem
537 1528 726 1563 canonizari
748 1528 975 1573 flagitantibus
994 1555 1005 1571 ,
1032 1528 1174 1573 reposuit

280 1579 457 1624 Eugenius
470 1579 580 1614 tertius
594 1591 600 1611 :
628 1577 807 1621 Hujusmodi
815 1585 923 1621 petitio
944 1579 1040 1620 nisiin
1047 1591 1173 1625 genera-

279 1631 361 1665 libus
382 1630 523 1664 conciliis
547 1631 670 1663 admitti
692 1639 750 1662 non
767 1627 863 1672 solet.
893 1631 1008 1664 Exstat
1025 1629 1173 1674 Epistola

284 1682 319 1715 in
343 1682 410 1715 vita
423 1681 530 1714 Sancti
556 1680 718 1719 Heurici,
744 1678 910 1721 publicata
932 1691 988 1722 per
1011 1679 1174 1722 Iacobum

280 1733 477 1766 Gretzerum
491 1754 498 1761 .
539 1729 582 1762 Et
593 1729 747 1762 Sanstum
770 1727 961 1762 Eduardum
983 1727 1173 1773 Anglorum

282 1781 413 1826 Regem
435 1781 475 1814 ad
487 1779 629 1814 Heurici
643 1778 776 1812 secundi
792 1778 895 1823 Regis
921 1790 1029 1823 preces
1039 1779 1172 1813 canoni-

282 1843 360 1867 zans
373 1830 563 1865 Alexander
574 1828 690 1863 tertius
703 1827 811 1862 scribit
834 1829 868 1862 in
881 1829 1084 1873 diplomate3
1111 1833 1173 1862 Ne·

275 1888 395 1929 gotium
414 1889 479 1913 tam
501 1881 631 1913 arduum
655 1877 819 1922 &sublime
843 1891 900 1913 non
906 1879 1085 1923 frequenter
1097 1878 1173 1922 filet

280 1941 335 1966 nii
350 1938 381 1964 in
390 1930 568 1974 solemnibus
593 1930 735 1963 Conciliis
747 1931 784 1963 de
796 1941 874 1964 more
892 1932 1024 1964 concedi.
1055 1930 1149 1964 Dicit
1161 1954 1172 1970 ,

282 1987 357 2018 Non
360 1982 560 2023 frequenter:
586 1979 688 2027 Qod
701 1979 873 2023 Eugenius
893 1981 1008 2015 tertius
1019 1982 1171 2015 Sanstum

282 2033 469 2067 Henricum
491 2030 533 2064 de
544 2029 712 2074 potestatis
734 2029 1171 2073 plenitudinecanonizasiet

280 2084 369 2119 solus
381 2083 415 2116 in
437 2083 495 2115 suo
509 2080 714 2115 consistorio
724 2105 734 2121 ,
763 2081 839 2114 usus
850 2079 914 2115 hoc
927 2081 1146 2116 fundamento
1159 2104 1170 2120 ,

278 2134 371 2179 quod
394 2137 539 2166 Romame
550 2130 683 2173 Ecclefiae
706 2131 868 2164 auc‘loritas
884 2129 924 2171 fit
944 2138 1074 2165 omnium
1094 2135 1170 2164 Con-

279 2186 415 2219 ciliorum
431 2182 676 2224 firmamentum.
706 2180 750 2214 Et
769 2181 856 2215 certe
875 2182 942 2225 ipse
954 2182 1079 2225 primus
1091 2180 1173 2225 legi-

280 2246 337 2269 tur
358 2236 402 2267 ita
414 2233 617 2269 canonizasse
630 2258 637 2264 .
666 2232 780 2278 Quem
804 2232 839 2266 in
855 2231 972 2265 Sandio
991 2229 1146 2267 Eduardo
1161 2254 1172 2271 ,

280 2286 318 2320 v&
335 2286 455 2320 Sansto
477 2283 617 2317 Thoma
644 2282 873 2319 Cantuarienfi
896 2281 1086 2316 Alexander
1111 2291 1171 2316 ter-

282 2336 371 2376 tius,
394 2334 475 2370 &in
499 2333 571 2367 ali-is
583 2333 708 2367 Sanstis
730 2332 968 2367 canonizandis
989 2332 1046 2366 alii
1058 2332 1174 2366 Ponti·

282 2387 360 2420 fices
387 2385 462 2419 sunt
488 2384 643 2428 deinceps
669 2383 808 2417 imitati.
837 2383 1035 2419 Etiamnum
1060 2393 1170 2417 tamen

281 2433 385 2470 hodie
413 2446 595 2479 numquam
625 2445 702 2469 cum
726 2435 784 2467 suo
815 2434 922 2468 solum
947 2432 1172 2473 Confistorio,

282 2484 338 2521 sed
350 2488 473 2529 semper
492 2497 569 2518 cum
593 2484 702 2527 ampla
722 2483 856 2527 insuper
877 2483 1077 2519 omniumin
1092 2482 1172 2517 urbe

281 2544 367 2570 tunc
388 2546 589 2578 repertorum
604 2534 841 2577 Episcoporum
854 2534 992 2577 Synodo
1004 2533 1173 2568 Dominus

283 2583 374 2630 Papa
400 2585 568 2618 consuevit
594 2584 790 2617 canonizare
816 2608 823 2615 .
862 2583 1008 2617 Modum
1034 2584 1172 2626 exponit

285 2635 373 2680 apud
394 2634 591 2678 Philippum
603 2631 715 2667 Labbe
734 2630 1012 2678 Rothomagensis
1025 2633 1187 2666 Ecclesiaev

282 2685 484 2720 Chronicon
511 2698 522 2718 .·
548 2686 664 2718 Beatus
688 2686 872 2717 Laurentius
893 2685 1045 2726 quondam
1069 2681 1172 2718 Dubli-

287 2735 397 2779 m‘enfis
420 2732 656 2778 Archiepiscopus
674 2735 695 2766 ἃ
720 2737 846 2767 Domino
866 2736 956 2775 Papa
969 2737 1095 2770 Honorio
1118 2742 1174 2767 ter-

286 2794 349 2828 tio,
372 2786 510 2830 probatis
531 2793 590 2827 per
614 2783 701 2825 testes
722 2790 800 2817 omni
811 2790 981 2826 exceptione
996 2785 1126 2825 majores
1138 2780 1175 2824 fi-

283 2843 354 2882 gnis
378 2835 589 2873 &virtutibus
601 2859 612 2875 ,
638 2845 714 2878 quas
721 2842 776 2876 per
797 2835 881 2867 illum
891 2838 1036 2867 Dominus
1056 2838 1175 2875 operari

282 2880 432 2932 ⁸dignatus
454 2886 493 2928 est
505 2910 516 2927 ‚
542 2887 759 2920 &convocatis
779 2884 1011 2923 Cardinalibus,
1039 2883 1174 2917 &omni-

290 2939 347 2971 bus
359 2935 590 2980 Archiepiscopis
612 2932 812 2977 &Episcopis
840 2937 874 2969 (θ’
887 2934 1022 2967 omnibus
1048 2934 1116 2966 aliis
1124 2937 1179 2974 qui

291 2994 326 3020 in
347 2994 441 3021 curia
456 2985 623 3030 praesentes
649 2986 802 3025 aderant,
826 2990 1024 3018 canonizatus
1047 2982 1086 3023 est
1099 2981 1177 3026 sole-

292 3044 404 3070 mniter
425 3062 437 3079 ‚
461 3037 596 3071 omnibus
617 3035 854 3079 approbantibus
867 3059 878 3075 ,
902 3037 939 3069 ό·
960 3038 1058 3068 Deum
1077 3033 1181 3067 collau-
1217 3066 1219 3069 .

294 3087 463 3128 dantibus,
488 3094 584 3131 quiin
602 3086 717 3131 sanc‘lis
734 3084 800 3129 suis
820 3084 937 3129 semper
961 3084 1002 3126 est
1012 3082 1182 3125 mirabilis,

294 3136 332 3169 (9*
341 3141 372 3168 in
381 3138 523 3180 Catalogo
534 3138 706 3171 samiorum
718 3135 915 3181 Confeffirum
929 3134 1058 3180 scriptus
1072 3160 1079 3167 .

347 3183 408 3218 Per
426 3187 574 3220 oculatos
600 3187 697 3221 testes
718 3185 854 3230 probata
881 3187 1038 3221 miracula
1060 3181 1182 3219 meris&

294 3233 463 3279 requisivit
474 3235 632 3271 Urbanus
653 3238 810 3271 secundus
822 3263 829 3271 .
858 3238 954 3272 Hinc
967 3237 1051 3272 duos
1068 3234 1183 3270 Cardi-

298 3284 391 3320 mles
417 3307 429 3324 ,
455 3285 514 3326 qui
542 3287 575 3319 in
599 3286 817 3321 canonizandi
839 3288 946 3322 Sanffi
973 3287 1179 3331 Imperatoris

299 3333 439 3371 Heurici
459 3333 614 3367 miracula
637 3336 840 3379 inquirerent
859 3338 902 3372 ab
914 3337 1073 3381 ejusmodi
1093 3335 1177 3373 testi-

300 3385 392 3424 bus,
417 3383 586 3428 Eugenius
604 3385 715 3417 tertius
737 3386 857 3429 legavit
878 3388 913 3421 in
937 3387 1150 3422 Germaniam
1177 3412 1183 3418 -

302 3434 427 3483 Agitur
449 3435 540 3471 enim
558 3433 616 3468 hic
637 3433 678 3468 de
691 3431 891 3472 declarando
915 3437 1179 3474 occultiffimoin

1219 129 1559 180 Lc0N1s
1627 136 1882 196 NON1‚

1236 217 1441 257 ¹defuntsstum
1464 215 1636 253 hominem
1654 220 1774 256 divino
1785 222 1932 265 judicio:
1958 224 2049 268 quod
2073 224 2141 261 fine

1249 332 1291 355 ne
1315 332 1384 355 non
1410 321 1500 364 posse
1523 321 1592 354 fieri
1607 343 1618 360 ‚
1643 321 1689 354 est
1713 320 1920 356 manifestum
1942 346 1950 355 .
1973 325 2140 362 Miracula,

1247 371 1322 405 funt
1334 370 1467 404 Divinae
1482 370 1667 415 Maiestatis
1688 370 1731 405 ad
1743 382 1805 405 nos
1825 371 1955 415 loquela
1967 397 1975 405 .
2001 376 2139 412 calixto

1247 431 1355 454 tamen
1377 421 1524 456 secundo
1543 446 1555 464 ,
1582 421 1661 456 talia
1684 421 1726 455 ad
1752 421 1906 456 Sanctum
1931 422 2139 464 Conrardum

1246 471 1538 506 Constantiensem
1561 472 1764 516 Episcopum
1799 472 2066 510 canonizandum
2089 489 2138 514 re.

1246 522 1415 565 quirenti,
1443 521 1526 556 redie
1551 523 1720 565 respondit
1742 522 1887 566 ejusdem
1901 523 2051 559 Ecclefiae
2060 527 2138 572 Epi-

1245 573 1361 616 scopus
1376 572 1515 607 Ulricus
1527 586 1538 605 .·
1567 576 1699 615 operam
1710 574 1781 606 dedi
1794 584 1833 606 ex
1845 575 1975 606 Patrum
1983 573 2139 617 schedulis

1243 621 1335 664 hujus
1362 628 1425 656 viri
1459 623 1651 666 digntffimam
1677 626 1740 657 Deo
1769 622 2019 667 conversationem
2034 632 2137 669 potius

1242 683 1335 715 quam
1365 675 1510 706 miracula
1531 698 1543 714 ‚
1570 684 1640 716 quae
1661 684 1879 716 nonnumquam
1910 675 2045 717 reprobis
2070 689 2139 712 cum

1244 723 1363 760 Sandis
1377 729 1541 758 communia
1559 722 1635 767 sunt
1647 748 1658 764 ‚
1685 725 1906 759 continentibus
1917 725 2045 769 sequens
2068 736 2140 770 opu-

1238 771 1351 819 [culum
1377 776 1508 818 colligere
1530 799 1542 816 ,
1569 774 1731 817 vestraeque
1750 775 1934 809 Sublimitati
1953 783 2137 812 examinan-

1243 825 1314 858 dum
1328 826 1454 870 dirigere
1472 850 1480 857 .
1508 826 1625 863 Sanrsta
1641 826 1733 860 enim
1757 827 1859 870 usque
1876 826 1918 860 ad
1940 826 2042 862 finem
2067 829 2136 865 vita

1244 874 1290 909 est
1313 876 1398 914 inter
1419 875 1535 911 omnia
1559 876 1720 910 miracula
1741 877 1926 920 supremum
1946 902 1954 910 .
1985 877 2031 912 Et
2054 877 2137 915 hinc

1242 925 1435 973 quibusdam
1447 924 1488 960 ad
1498 926 1607 962 Sanffi
1620 926 1794 971 Rudolphi
1815 926 1989 972 Eugubini
2002 928 2137 972 Episco-

1242 977 1275 1020 pi
1284 977 1487 1014 sanaitatem
1509 976 1708 1012 credendam
1731 977 1951 1021 quaerentibus
1962 979 2136 1015 miraculo·-

1240 1038 1314 1061 rum
1335 1026 1525 1062 testimonia
1545 1026 1712 1070 respondit
1734 1027 1768 1061 in
1795 1027 1912 1063 litteris
1934 1029 1976 1063 ad
1988 1028 2136 1066 Alexan-

1240 1076 1336 1111 drum
1361 1076 1540 1112 secundum
1565 1075 1765 1112 Pontificem
1776 1079 1911 1113 Sanetus
1931 1079 2053 1114 Petrus
2065 1080 2133 1115 Da-

1239 1176 1293 1220 effe
1318 1178 1476 1218 mirabile,
1501 1176 1647 1211 hominem
1665 1176 1764 1212 adbuc
1777 1175 1891 1221 fragili
1911 1189 2002 1212 carne
2013 1185 2132 1214 circum-

1240 1229 1348 1262 datum
1370 1229 1524 1272 Angelitus
1552 1234 1680 1268 vivere,
1706 1228 1781 1262 adeo
1803 1237 1838 1261 ut
1847 1234 1928 1262 inter
1950 1231 2134 1272 quampluri-

1239 1291 1291 1312 ma
1312 1277 1465 1312 bominum
1486 1278 1583 1312 millia
1604 1283 1662 1312 vix
1681 1289 1775 1312 unum
1797 1280 1863 1320 eJ'us
1880 1278 2007 1321 fimilem
2027 1281 2134 1315 valeas

1239 1330 1390 1377 reperire?
1405 1328 1503 1364 Adeo
1519 1328 1561 1363 ad
1573 1329 1775 1363 sanctitatem
1790 1330 1930 1364 affirmat
1943 1341 2013 1365 non
2027 1331 2135 1376 requi-

1241 1380 1268 1413 ri
1291 1379 1452 1417 miracula
1465 1405 1477 1421 ,
1502 1389 1540 1415 ut
1559 1379 1662 1414 etiam
1680 1379 1954 1423 ipsi-Sanctorum
1976 1380 2133 1417 omnium

1241 1431 1404 1473 supremi,
1431 1430 1542 1474 Virgo
1562 1429 1709 1473 Deipara
1730 1440 1769 1464 ac
1780 1429 1925 1473 Baptista
1937 1432 2136 1475 praeeursor,

1241 1479 1370 1515 nullum
1388 1480 1423 1513 in
1436 1480 1491 1514 sua
1516 1480 1585 1514 vita
1608 1479 1789 1523 patrarint.
1813 1480 1907 1531 Qis
1927 1481 2052 1516 nesciat
2065 1482 2137 1516 shn-

1239 1531 1366 1564 ἀοι-ωσι
1379 1529 1620 1573 Apostolorum
1632 1530 1791 1565 miracula
1801 1555 1813 1572 ,
1836 1532 1922 1566 inter
1934 1542 2006 1575 quas
2017 1531 2053 1566 ἀ
2065 1532 2137 1567 fue·

1239 1588 1314 1613 runt
1340 1580 1466 1614 mortui
1487 1580 1657 1614 suscitati?
1682 1580 1808 1617 Pueuis
1820 1580 1932 1617 tamen
1942 1590 2136 1626 perpetuam

1240 1629 1481 1674 Virginitatem
1498 1653 1510 1670 ,
1534 1629 1569 1663 δε
1589 1629 1854 1665 adolescentibus
1875 1642 1933 1675 per
1956 1633 2047 1674 ipsos
2065 1642 2137 1675 per·

1240 1681 1362 1714 suasam
1376 1679 1622 1713 continentiam
1634 1679 1728 1714 fuiffe
1746 1680 1940 1715 miraculum
1952 1681 2054 1725 longe
2065 1692 2135 1716 am·

1239 1729 1324 1772 plius
1344 1730 1484 1763 affirmat
1505 1729 1640 1766 Sanetus
1657 1728 1858 1765 Athanasius
1880 1731 1915 1765 in
1929 1731 2078 1774 Epistola
2088 1730 2133 1766 ad

1239 1778 1486 1813 Dracontium.
1515 1778 1594 1825 Qia
1614 1778 1738 1814 virtute
1747 1778 1931 1816 Christiani
1952 1781 2136 1825 Baptisma·

1237 1830 1280 1863 tis
1291 1829 1445 1866 balneum
1459 1827 1688 1872 perditissimos
1701 1829 1804 1863 etiam
1813 1840 1982 1875 ganeones
1991 1842 2030 1866 ac
2042 1830 2136 1867 leno-

1236 1890 1294 1914 nes
1305 1878 1414 1914 subito
1426 1879 1612 1912 transferret
1635 1879 1671 1912 in
1698 1879 1819 1916 eximia
1841 1880 2015 1925 probitatis
2025 1892 2136 1919 exem-

1239 1929 1314 1973 pla,
1342 1929 1426 1964 olim
1450 1927 1602 1962 Gentiles
1622 1939 1691 1963 non
1714 1940 1869 1972 poterant
1890 1943 2006 1975 capere
2026 1956 2035 1965 .
2063 1932 2134 1968 Eos

1236 1976 1326 2014 enim
1339 1978 1498 2013 videbant
1521 1989 1591 2012 non
1611 1976 1810 2013 dementari.
1837 1980 1964 2015 Nescio
1975 1992 2074 2025 quam
2085 1981 2133 2015 fea

1235 2030 1436 2064 rociffimam
1458 2027 1628 2063 mulierem
1643 2029 1779 2063 Sanctus
1790 2028 1979 2065 Malachias
1991 2031 2133 2067 Dunen-

1235 2080 1274 2115 fis
1287 2080 1470 2124 Episcopus
1484 2078 1563 2114 fecit
1578 2078 1886 2115 mansuetissimam:
1913 2080 2023 2116 Fuisse
2035 2082 2131 2116 susci.-

1236 2140 1307 2164 tato
1328 2140 1464 2164 mortuo
1491 2128 1688 2163 miraculum
1701 2129 1806 2172 majus
1815 2129 1922 2164 asserit
1933 2130 1971 2165 in
1982 2129 2052 2174 ejus
2063 2132 2131 2169 vita

1236 2181 1367 2215 Sanetus
1380 2178 1564 2213 Bernardus
1575 2203 1582 2210 .
1610 2179 1732 2224 Longe
1742 2179 1853 2215 adhuc
1877 2180 1980 2224 majus
1991 2181 2133 2217 miracu-

1234 2231 1307 2265 lum
1328 2229 1376 2264 est
1387 2228 1454 2264 haec
1465 2240 1534 2263 non
1557 2229 1593 2263 in
1604 2229 1692 2270 alio,
1721 2228 1824 2265 sedin
1837 2232 2011 2276 semetipso
2020 2243 2132 2276 opera.-

1236 2282 1284 2323 ri,
1314 2281 1350 2319 ὅς
1361 2279 1404 2317 ad
1428 2279 1504 2314 vitae
1516 2280 1615 2322 usque
1637 2279 1741 2314 finem
1752 2281 1917 2316 custodire
1930 2307 1938 2318 ,
1964 2282 2078 2335 Qare
2087 2281 2132 2321 de

1237 2330 1427 2368 Malcolino
1441 2355 1453 2372 ,
1477 2327 1686 2364 adolescente
1697 2330 1806 2366 adhuc
1823 2332 1999 2369 Scotorum
2013 2333 2133 2378 Rege,

1236 2390 1290 2427 per
1299 2379 1544 2416 formofiffimas
1565 2378 1584 2413 a
1597 2381 1724 2424 propria
1745 2382 1846 2417 etiam
1870 2383 1982 2420 Matre
2006 2383 2131 2421 immis-

1234 2433 1283 2467 sas
1307 2431 1434 2476 puellas
1451 2440 1581 2465 tentato
1607 2431 1812 2475 frequenter.
1837 2443 1877 2466 ae
1900 2435 2023 2477 semper
2043 2431 2128 2467 invi.-

1235 2587 1321 2616 miris
1338 2586 1447 2615 merita
1468 2586 1623 2614 metientes
1634 2606 1645 2622 ‚
1670 2583 1706 2616 Θ·
1717 2593 1754 2615 ex
1760 2581 1826 2624 sola
1831 2580 1979 2624 Jfgnorum
2002 2581 2129 2615 clarita-

1237 2642 1266 2667 te
1278 2632 1455 2666 sanititatis
1474 2632 1594 2665 titulum
1617 2631 1802 2672 tribuentes;
1828 2632 1919 2671 plani
1936 2642 1987 2675 ego
2003 2632 2082 2664 illud
2094 2637 2128 2665 in

1238 2687 1318 2727 Rege
1335 2679 1544 2723 juvenculofic
1562 2684 1764 2723 impugnatae,
1785 2678 1841 2722 sed
1851 2686 2068 2724 inexpugnatae
2078 2687 2124 2714 in·

1238 2737 1390 2777 tegritatis
1412 2731 1586 2763 miraculum
1609 2727 1707 2772 censio
1730 2729 1959 2771 praeferendum
1971 2729 2130 2775 musaldio

1238 2784 1451 2816 illuminationi
1465 2790 1607 2812 caecorum
1620 2803 1630 2819 ,
1650 2778 1712 2823 sed
1732 2783 1822 2813 etiam
1843 2777 2032 2824 sufiitati'oni
2049 2790 2128 2815 mor*-

1235 2843 1374 2867 tuorum.
1402 2830 1520 2864 Hocce
1543 2828 1652 2863 Sancti
1669 2828 1841 2874 Fulgentii
1863 2830 2039 2875 Ruspenfis
2050 2830 2130 2874 Epi-

1239 2880 1328 2925 scopi
1350 2878 1473 2913 distum
1486 2904 1497 2919 ,
1523 2879 1679 2912 Mirabilia
1701 2891 1760 2912 non
1784 2878 1938 2922 conferunt
1959 2880 2128 2922 hminijg.

1234 2932 1350 2973 stiriam
1362 2955 1374 2971 ,
1395 2928 1453 2973 sed
1470 2929 1621 2963 bominum
1645 2935 1803 2972 notitiam,
1831 2928 1950 2966 merit&
1975 2929 2129 2966 laudatur

1239 2983 1257 3016 ὲ
1269 2980 1436 3015 Ferrando
1448 2978 1700 3024 Carthaginensi
1714 2980 1869 3015 Diacono
1880 3004 1888 3012 .
1902 2979 1959 3013 Est
1970 2980 2062 3014 enirn
2076 2992 2130 3015 ve·-

1241 3031 1407 3066 riffimum.
1434 3030 1528 3064 Hinc
1537 3030 1594 3064 ubi
1605 3029 1647 3066 de
1658 3031 1818 3065 eminenti
1834 3030 1872 3064 &
1881 3028 2004 3065 eximia
2013 3028 2133 3065 defun,-

1217 3087 1219 3089 ’
1242 3083 1282 3116 sti
1295 3081 1420 3126 justitia
1444 3080 1630 3116 constiterit
1648 3081 1819 3120 Ecclesiae‚
1842 3079 1944 3115 etiam
1957 3080 2022 3116 fine
2035 3081 2130 3115 mira»-

1218 3140 1221 3143 ·
1242 3132 1392 3168 culorum
1415 3131 1609 3166 testimonio
1631 3131 1803 3176 procedere
1824 3130 1942 3173 pellit,
1969 3131 2005 3168 <Sc
2025 3142 2130 3175 quan·-

1218 3185 1220 3191 ’
1242 3183 1352 3226 doque
1373 3183 1526 3228 proceffit
1546 3182 1589 3218 ad
1608 3179 1917 3216 canonizationem.
1944 3180 2127 3216 Praesertim

1217 3243 1220 3249 ¹
1242 3235 1430 3278 Martyrum
1445 3259 1453 3266 .
1481 3233 1548 3267 His
1567 3232 1668 3269 enim·
1680 3230 1699 3264 a
1711 3229 1846 3264 Christo
1867 3231 2022 3267 Domino
2041 3231 2125 3265 fasta

1245 3284 1290 3319 est
1317 3283 1486 3330 singularis
1511 3279 1697 3327 promiffio,
1725 3278 1865 3329 ideoque
1891 3281 2060 3326 profetiam
2087 3280 2124 3312 in

1241 3346 1368 3371 carcere
1403 3334 1503 3369 fidem
1527 3356 1540 3373 ,
1567 3331 1602 3368 δι
1626 3330 1834 3365 constantem
1858 3342 1918 3375 pro
1944 3331 2012 3373 ipsa
2037 3339 2126 3363 mor-

1216 3396 1309 3421 ’.τετυ
1335 3385 1399 3419 effe
1423 3384 1686 3418 consumma-tam
1720 3382 1868 3426 ipsorum
1899 3379 2042 3427 *gloriam
2067 3379 2123 3413 seu

1239 3436 1396 3479 justitiam
1421 3431 1543 3480 scripfit
1568 3432 1704 3469 Sanetus
1730 3432 1943 3480 Cyprianus,
1969 3427 2124 3514 &gitffiud

1249 270 1387 310 divina,
1414 268 1607 314 quaepaffim
1632 281 1688 313 per
1699 270 1856 306 miracula
1881 273 1941 314 fit,
1965 275 2145 310 attestatio.

1243 1126 1367 1162 miani:
1395 1129 1461 1171 ,Qui
1471 1127 1649 1160 miraculum
1661 1132 1773 1169 quaeris
1784 1150 1797 1167 ,
1822 1138 1918 1162 nonne
1937 1129 1996 1163 tibi
2009 1131 2132 1165 videtur
2149 1146 2202 1183 Ep,
2221 1152 2268 1182 ¹9·

1232 2485 1310 2523 sto,
1336 2479 1419 2516 reste
1447 2480 1557 2515 scribit
1568 2480 1770 2517 Guilielmus
1791 2481 2044 2526 Neubrige‘nfist
2071 2484 2128 2514 Di·
2144 2481 2245 2514 Lib.r‚'

1236 2541 1309 2566 cant
1328 2532 1410 2575 quod
1434 2531 1586 2566 voluerint
1611 2540 1804 2566 veneratores
1822 2531 1972 2575 signorum
1991 2555 2002 2571 ,
2028 2531 2064 2564 Θ
2086 2542 2127 2565 ex
2144 2524 2216 2562 0³1³·
2235 2522 2283 2563 *53

2141 2867 2217 2908 Cap.
2226 2869 2270 2900 ιδ,
