2352 3736
363 174 381 191 '³

348 191 419 230 σο

243 259 246 262 ’
285 268 349 307 giae'
367 264 442 303 jura
471 257 680 302 transcendens
707 258 811 300 facere
841 266 962 289 conatur
998 255 1136 286 ancillam
1155 279 1164 287 .

289 314 416 355 ‚Quanto
426 305 943 351 meliusforetfibi.Dominamsuam
965 304 1015 346 effe
1034 302 1165 347 agnosce—

288 374 321 395 re
334 386 342 400 ‚
366 367 446 403 eique
458 357 654 403 religiofhrum
667 361 837 398 Principum
847 355 978 395 exemplo
1000 356 1166 387 devotionis

287 409 451 453 obsequium
461 410 602 444 exhibere
615 434 625 450 ‚
651 419 701 441 nec
710 416 812 439 contra
825 407 919 437 Deam
934 406 1096 438 extendere
1118 406 1167 438 do-

289 466 459 493 minationis
465 459 577 501 faslum
591 483 600 498 ,
613 461 632 490 ἃ
643 468 695 498 quo
702 454 767 498 fiiae
777 455 937 487 domimum
948 461 1060 496 accepit
1087 457 1168 487 Pote-

283 510 390 553 stcitt‘s.
410 509 475 554 Ipse
485 510 522 550 est
533 515 610 542 enim
632 512 682 548 qui
703 512 767 537 ait:
796 505 886 538 PER
914 505 986 538 ME
1014 504 1166 540 REGES

287 560 423 596 REGN
429 563 456 592 A
463 560 533 593 NT
543 581 548 588 .
562 560 581 589 5
584 557 623 588 ed
632 554 782 598 inimensae
794 563 921 589 caecatus
937 556 1112 596 cupiditatis
1121 566 1165 587 ca·

285 613 375 654 ligme
389 635 398 649 ‚
425 612 457 643 (rs
471 612 582 639 Divino
593 612 726 650 ingratus
741 605 890 648 beneficio,
900 606 933 639 (θ’
950 615 1052 638 contra
1071 608 1166 637 Deum

280 659 424 704 fastuosus
444 684 454 698 ,
480 663 620 690 terminos
640 668 710 698 quor
738 654 897 698 posuerunt
922 657 1031 688 Patres
1054 655 1167 695 nostri,

283 717 444 750 contempto
456 711 569 740 Divino
589 712 689 738 timore
699 705 916 748 transgreditur
928 729 938 744 ‚
951 709 983 740 ζῆ*
996 714 1097 737 contra
1108 708 1167 736 Ca-

283 755 418 795 tboi'icam
430 764 587 792 veritatem
593 756 696 798 furore
702 754 766 799 suae
777 757 952 794 Tyrannidis
965 754 1082 795 effertm
1095 779 1102 786 .
1129 759 1166 787 In

282 811 400 844 tantum
420 816 519 842 autem
530 806 594 850 sure
618 812 812 840 temeritatem
846 807 981 839 extendit
1013 803 1166 847 vesantae,

280 869 313 893 ut
322 868 411 902 caput
421 865 550 891 omnium
563 856 752 897 Ecclefiarum
768 860 935 889 Romanam
962 854 1114 897 Ecclefiam
1130 854 1168 897 fi·

282 911 313 943 bt
327 911 488 948 vendicet,
514 910 590 942 &in
602 910 729 939 Domina
737 912 873 951 gentium
896 914 1020 939 terrenae
1037 907 1093 946 jus
1115 913 1167 946 po-

282 960 397 1002 testatis
419 957 535 1001 usurpet
554 983 561 989 .
589 958 681 1001 ,Quod
706 963 821 989 omnino
839 956 888 989 ille
905 955 972 998 fieri
990 955 1143 997 prohibuit
1154 979 1165 994 ,

281 1018 332 1053 qui
344 1010 420 1043 hanc
430 1008 513 1041 beato
525 1011 613 1041 Petro
638 1006 761 1050 Apostolo
779 1005 945 1050 specialiter
964 1004 1102 1046 commisit
1121 1006 1166 1037 di·-

281 1073 374 1094 cens:
401 1058 500 1092 TtssI
527 1057 662 1091 DABO
690 1055 962 1091 ECCLESIAM
989 1054 1163 1089 MEAM.

279 1110 452 1150 obstruatur
463 1119 529 1151 ergo
541 1120 571 1140 os
582 1109 758 1150 loquentium
766 1112 889 1149 iniqua,
916 1107 1049 1139 &omnis
1076 1104 1165 1138 baere-

278 1167 402 1193 ticorum
423 1165 500 1192 acies
527 1155 703 1200 obmutescat
716 1183 726 1198 ,
745 1164 814 1200 quia
845 1157 942 1190 nullas
972 1162 1054 1189 vires
1076 1154 1165 1187 babet

276 1211 486 1248 mendacium,
512 1209 592 1251 quod
610 1207 694 1250 ipsius
718 1219 767 1241 ore
790 1212 931 1241 veritatis
954 1210 1096 1249 reperitur
1117 1205 1165 1237 de-

267 1260 430 1300 structum.
460 1259 675 1294 Exactionem
693 1283 704 1298 ‚
731 1269 828 1300 quam
853 1256 980 1299 pessime
1003 1254 1164 1289 Simonia-

273 1322 368 1350 carn,
395 1310 589 1352 Divinaeque
612 1308 679 1352 legi
701 1319 798 1351 atque
819 1305 1046 1340 Ecclesiasticae
1070 1304 1163 1338 liber-

272 1360 332 1394 tati
352 1359 515 1393 adversam
538 1357 697 1392 declamat
716 1367 810 1390 tanto
832 1357 956 1399 impetu
976 1379 987 1395 ,
1013 1353 1163 1399 persolvit

274 1419 385 1443 tamen
407 1408 551 1450 optimus
573 1407 755 1451 Gregorius
778 1420 788 1440 .·
826 1406 930 1452 Qod
963 1416 1080 1448 nempe
1103 1415 1164 1438 nec

273 1458 436 1502 Papatum
461 1456 622 1491 declinare
645 1458 744 1499 posset
760 1480 770 1495 ,
799 1467 857 1488 nec
878 1455 1042 1498 Principis
1065 1455 1162 1489 avari·

273 1510 354 1543 tiam
374 1507 534 1540 moderari
554 1530 560 1538 .
585 1505 680 1539 Solus
704 1504 857 1547 Princeps
882 1528 891 1542 ‚
920 1515 986 1536 non
1012 1505 1078 1546 ipse
1100 1505 1162 1538 fuit

275 1558 484 1592 Simoniacus
505 1580 516 1596 ‚
544 1557 620 1599 quia
642 1554 789 1598 iniquam
811 1566 849 1587 ac
867 1552 1090 1587 inevitabilem
1113 1564 1160 1586 ve-

273 1620 350 1642 xam
364 1606 518 1642 redemit.
545 1606 686 1650 joannes
698 1604 866 1644 Andreas,
893 1603 927 1637 δε
951 1603 1085 1647 quidam
1106 1604 1161 1637 alii

273 1659 386 1703 legum
398 1668 435 1690 ac
445 1657 667 1691 recentiorum
689 1655 866 1688 Canonum
891 1653 1010 1697 periti,
1037 1653 1161 1698 Regias

273 1710 348 1742 istas
360 1705 571 1742 exactionesa
594 1705 744 1740 Simonia
764 1716 802 1738 ac
827 1703 1000 1747 iniquitate
1023 1714 1159 1748 purgare

272 1759 385 1792 conati
398 1768 454 1801 per
473 1758 558 1790 varia
580 1755 744 1789 rationum
768 1755 802 1788 δε
824 1752 1070 1787 consuetudinis
1094 1753 1159 1798 pig-

273 1818 383 1842 menta
403 1832 413 1847 ‚
441 1806 525 1841 foede
550 1804 814 1839 hallucinantur.
843 1803 952 1838 Porro
978 1803 1160 1848 Gregorius

275 1871 343 1892 non
359 1858 463 1892 solum
476 1857 686 1899 Principem„
712 1855 764 1888 sed
776 1855 808 1888 ὅ(
819 1853 954 1898 populi,
964 1854 1079 1897 utique
1092 1853 1158 1887 Ro-

274 1909 388 1947 mani,
415 1906 662 1940 multitudinem
677 1906 804 1938 accusat
828 1904 868 1937 de
878 1903 1048 1945 Simonia;
1069 1904 1157 1947 quod

272 1959 578 2001 sit-mpeconsuetae,
606 1966 703 1999 quam
714 1954 1018 1988 adfliffiffimaetunc
1032 1964 1085 1996 per
1108 1965 1158 1995 pe-

272 2009 448 2043 stilentiam
481 2008 515 2040 &
536 2005 775 2049 Longobardos
821 2002 977 2037 Romana.
1011 2002 1159 2037 Ecclefiae

274 2069 442 2102 paupertas
455 2059 532 2090 serre
546 2068 611 2090 non
626 2063 776 2100 poterat,
801 2053 836 2086 in
859 2055 922 2088 sese
948 2065 1035 2097 rogae
1056 2052 1158 2086 nollet

274 2108 364 2152 plebs
387 2107 573 2140 renuntiare
599 2132 606 2138 .
635 2106 720 2139 Eam
742 2129 752 2143 ‚
778 2114 845 2137 non
871 2103 920 2136 uti
947 2104 1157 2146 spontaneam

275 2158 519 2199 eleemosynam
533 2180 543 2195 ‚
572 2155 624 2189 sed
637 2157 685 2188 uti
698 2154 849 2198 suffragio
861 2153 918 2187 suo
938 2152 1087 2186 debitum
1108 2164 1159 2186 xe-

274 2210 367 2242 nium
379 2205 627 2250 expostulabat,
654 2202 793 2249 ideoque
815 2201 957 2238 omnino
977 2203 1161 2238 committe·

276 2259 331 2293 bar
344 2257 548 2291 Simoniam.

326 2307 466 2341 Duravit
478 2306 739 2349 iniquitasusque
749 2304 788 2338 ad
801 2314 946 2348 tempora
957 2305 1064 2339 Sancti
1077 2303 1160 2349 Aga-

279 2356 392 2399 thonis
404 2357 517 2400 Papae,
544 2357 576 2390 ὅ(
588 2355 802 2389 Constantini
814 2354 920 2398 quarti
931 2355 1136 2398 Imperatoris
1148 2379 1159 2395 ,

279 2407 384 2453 vulgo
397 2407 564 2451 Pogonati
584 2407 635 2439 seu
658 2404 805 2443 barbati,
830 2403 870 2438 de
896 2404 1013 2448 quibus
1035 2405 1067 2438 in
1092 2405 1157 2438 lau-

281 2459 348 2491 dati
372 2456 543 2491 Pontificis
565 2456 632 2489 vita
657 2455 843 2489 Anastasius
863 2454 1156 2488 Bibliothecarius:

283 2513 362 2543 Hinc
376 2506 518 2547 Pontifex
523 2504 650 2548 sus'cepit
671 2506 814 2537 Divalem
830 2505 982 2545 juffionem
999 2502 1159 2547 secundum

277 2556 366 2601 suam
386 2555 602 2599 postulationem
633 2564 666 2588 ut
681 2553 810 2597 suggeffit
824 2578 834 2593 ‚
857 2563 912 2596 per
935 2566 1027 2596 quam
1047 2556 1158 2587 releva-

284 2616 320 2641 ta
339 2606 375 2647 est
396 2611 551 2647 quantitas
564 2629 573 2645 ‚
590 2616 656 2646 qziae
674 2603 761 2647 solita
784 2613 850 2636 erat
878 2606 948 2636 dari
961 2612 1019 2645 pro
1041 2605 1155 2637 ordina-

284 2662 362 2690 tione
372 2655 522 2699 Pontificis
526 2654 689 2696 facienda.
716 2656 762 2686 Sic
782 2663 881 2686 tamen
905 2663 937 2687 ut
956 2653 987 2695 fi
1002 2660 1155 2698 contigerit

281 2706 343 2749 post
354 2708 418 2748 ejus
429 2704 582 2746 tranfitum
592 2704 756 2737 eledionem
764 2703 831 2744 fieri
847 2728 857 2743 ,
884 2715 940 2736 non
954 2704 1070 2738 deberet
1081 2705 1160 2737 ordi-

285 2762 354 2789 nari
366 2761 417 2798 qui
425 2754 532 2790 elellus
537 2755 655 2796 fuerit,
682 2753 737 2796 ntfi
739 2755 825 2795 prius
849 2756 1005 2786 Decretum
1020 2754 1160 2798 generale

284 2807 487 2839 introducatur
507 2810 538 2837 in
558 2808 681 2848 Regiam
703 2804 803 2837 urbem
819 2802 976 2847 secundum
1002 2811 1161 2846 antiquam

286 2854 521 2898 consuetudinem
542 2879 551 2893 ,
577 2856 611 2888 (rt
632 2865 694 2888 cum
717 2858 907 2895 Imperatoris
935 2853 1106 2896 conscientia
1127 2856 1161 2887 &⁹

282 2907 399 2946 juffione
408 2904 510 2938 debeat
522 2905 667 2937 ordinatio
671 2910 831 2946 provenire
846 2929 852 2935 .
880 2905 1016 2937 Remisit
1028 2928 1038 2943 ,
1064 2902 1162 2947 idque

288 2955 319 2986 in
333 2955 468 2998 gratiam
487 2965 541 2998 per
562 2954 684 2988 laudati
705 2953 877 2987 Pontificis
899 2954 1041 2998 Legatos
1063 2953 1162 2987 felici-

289 3013 335 3036 ter
345 3004 465 3039 diret’cae
485 3006 580 3039 sextae.
602 3004 751 3047 Synodi,
778 3004 880 3037 solam
903 3005 1089 3046 pensionem
1112 3015 1163 3047 pe-

290 3053 470 3087 cuniariam
481 3080 491 3095 ‚
518 3064 720 3097 nequaquam
729 3052 857 3096 Papalis
867 3053 1034 3087 eledtionis
1046 3053 1180 3087 confir-³

291 3101 470 3135 mationem
482 3126 492 3141 ,
518 3105 557 3136 de
568 3116 630 3145 qua
653 3105 757 3148 pergit
770 3103 1000 3137 Anastasiusin
1012 3104 1080 3136 vita
1103 3081 1180 3157 Bru!

293 3150 573 3185 nedistisecundi:
595 3158 648 3184 Hic
658 3152 800 3195 Pontifex
808 3151 935 3196 suscepit
956 3154 1083 3186 Divales
1097 3151 1164 3196 jufi

286 3200 380 3242 fiones
392 3200 588 3239 clementiffimi
600 3202 783 3241 Constantini
793 3226 802 3242 ,
811 3210 913 3247 magni
926 3206 1076 3245 Principis
1088 3227 1098 3242 ,
1120 3204 1165 3236 ad

293 3249 489 3284 venerabilem
509 3250 628 3283 clerum
650 3252 683 3283 (β’
703 3255 841 3292 populum
862 3278 873 3294 ‚
910 3255 944 3287 &
967 3253 1161 3295 feliclffimum

1171 2404 1180 3065 —,-—-—.-—---—-.—-
1168 1007 1182 2390 mm»—

291 3305 451 3333 exercitum
465 3302 606 3330 Romame
615 3304 749 3332 civitatis
763 3324 771 3338 ,
794 3311 847 3341 per
869 3315 944 3344 quas
956 3302 1082 3347 concessit
1092 3326 1103 3343 ‚
1129 3314 1161 3337 ut

286 3348 412 3393 persona
423 3373 434 3389 ‚
459 3354 508 3389 qui
517 3347 620 3380 elec‘ius
629 3348 724 3388 fuerit
736 3350 779 3380 ad
789 3352 889 3383 sedem
912 3353 1098 3392 Apostolicam
1109 3378 1119 3394 ,
1144 3355 1176 3424 δ’

289 3401 406 3443 vestigio
415 3398 524 3440 absque
536 3399 683 3430 tarditate
698 3398 838 3439 Pontifex
852 3403 1019 3434 ordinetur.
1049 3404 1158 3437 Etiam
1170 3427 1175 3449 t

287 3448 341 3484 isti
354 3446 597 3485 confirmationi
608 3447 695 3481 ceffit
706 3471 717 3488 ‚
744 3458 779 3481 ac
792 3447 994 3486 Pontificum
1006 3452 1156 3488 electioni
1169 3451 1173 3513 ἱ
1202 3467 1205 3507 ἲ

502 194 506 197 ’
561 179 834 225 SECUNDA
870 176 1272 221 Pitoosmams
1311 173 1749 235 Dtssnararto,
1803 196 1805 198 -

1230 254 1358 299 plenam
1373 266 1410 289 ac
1421 255 1545 289 avitam
1560 254 1740 298 libertatem
1758 257 1902 293 reddidit
1921 258 2009 293 idem
2027 260 2115 295 Con·

1228 306 1413 346 stantinus,
1442 317 1581 351 magnus
1592 309 1699 342 revera
1712 319 1750 347 ac
1769 310 1915 351 optimus
1938 309 2112 353 Princeps,

1226 366 1323 399 atque
1336 355 1506 399 proximus
1521 357 1687 390 Benedicti
1702 359 1858 398 successor
1870 360 2011 404 Joannes
2020 362 2113 403 quin-

1227 417 1279 439 tus
1299 402 1439 440 omnino
1460 407 1522 440 fuit
1547 407 1591 439 ita
1617 408 1821 442 consecratus
1838 433 1846 441 .
1882 410 2024 453 Joannes
2044 411 2114 454 qui-

1227 455 1301 489 dem
1327 455 1489 500 Platynus
1516 481 1526 497 ,
1551 456 1724 501 justiniani
1749 457 1877 495 secundi
1899 460 2055 495 Patricius
2074 473 2112 496 ac

1227 505 1325 543 Italiae
1350 506 1518 541 Exarchus
1540 531 1550 548 ,
1568 507 1586 540 ὲ
1611 507 1725 552 Sergio
1746 508 1851 550 primo
1874 511 2003 546 extorsit
2021 523 2112 554 pecu-

1229 556 1317 599 nias;
1347 556 1460 591 verum
1472 569 1540 591 non
1555 557 1654 591 titulo
1667 558 1851 591 eledtionis.
1881 558 1924 592 Et
1936 558 2000 594 haec
2017 562 2111 597 liber-

1228 617 1275 640 tas
1291 607 1463 649 permansit
1476 608 1576 651 usque
1588 608 1629 641 ad
1643 609 1791 642 Leonem
1806 609 1948 651 lsaurum
1960 634 1970 648 ,
1995 609 2028 647 ὃς
2051 612 2112 646 Ca.

1228 657 1334 690 rolum
1358 656 1544 701 Magnum,
1569 657 1661 701 cujus
1680 659 1869 693 successores
1892 658 2113 694 confirmatio-

1229 707 1277 740 nis
1300 707 1492 741 violentiam
1523 707 1719 743 reduxerunt
1743 733 1753 747 ,
1793 719 1891 751 atque
1922 708 1965 742 ita
1994 711 2114 745 Roma-

1227 767 1301 789 nam
1315 754 1423 791 denuo
1436 758 1613 792 Ecclesiam
1626 758 1728 803 longa
1740 759 1773 793 dc
1787 759 1870 794 varia
1883 783 1894 799 ‚
1921 759 2000 794 alibi
2017 772 2113 805 expo-

1229 806 1335 840 nenda
1349 831 1359 846 ,
1389 808 1541 841 servitute
1552 819 1726 842 vexarunt.

1276 856 1332 890 Ab
1347 857 1455 891 Erulis
1468 858 1635 893 &Gothis
1648 858 1828 902 impressam
1849 861 2028 895 exactionis
2053 863 2112 895 ser-

1226 907 1361 941 vitutem
1374 907 1737 951 Constantinopolitani
1751 910 1983 953 Imperatores,
2010 910 2114 946 Atha·

1226 956 1314 990 larici
1338 955 1490 991 Edictum
1515 960 1641 999 secuti,
1678 960 1890 995 traduxerunt
1921 962 1962 995 ad
1983 963 2112 1004 quasvis

1229 1005 1462 1041 patriarchales
1478 1008 1654 1050 Ecclefias,
1681 1011 1781 1054 ipsam
1796 1011 1896 1045 etiam
1917 1011 2109 1046 Constanti-

1225 1055 1450 1098 nopolitauarn
1468 1081 1476 1089 .
1504 1060 1637 1093 Etenim
1661 1060 1701 1094 de
1723 1061 1852 1104 Justino
1869 1060 2033 1101 secundo,
2060 1063 2112 1106 Ju-

1226 1105 1356 1140 stiniani
1369 1109 1480 1152 magni
1493 1119 1547 1150 per
1557 1109 1699 1143 sororem
1711 1122 1830 1154 nepote
1851 1123 1889 1145 ac
1911 1113 2087 1147 successore
2099 1133 2110 1153 ,

1226 1155 1336 1189 scribit
1359 1157 1519 1200 Evagrius
1542 1157 1787 1201 Epiphanienfis
1809 1172 1817 1192 ε
1836 1161 1983 1205 Justinus
2003 1163 2111 1195 alien-e
2131 1170 2159 1198 L.
2172 1178 2197 1204 5.
2212 1177 2237 1199 c.
2260 1178 2290 1199 ι.

1220 1211 1352 1247 pecum'ae
1361 1206 1507 1247 adebfuit
1518 1215 1663 1249 appetens
1676 1234 1685 1249 ,
1713 1217 1746 1242 ut
1757 1216 1854 1242 omnia
1866 1216 1961 1252 iniqui
1981 1212 2111 1253 quaestus

1218 1262 1323 1300 grana
1334 1258 1512 1290 divenderet
1524 1281 1535 1298 ‚
1545 1260 1634 1290 immo
1644 1256 1709 1301 ipsa
1718 1265 1810 1292 etiam
1822 1261 1991 1293 sacerdotia
2000 1287 2010 1301 ,
2024 1265 2114 1294 Divi-

1225 1318 1295 1338 num
1306 1318 1413 1340 numen
1423 1309 1544 1340 minime*
1560 1314 1675 1341 veritus
1689 1333 1698 1348 ,
1722 1309 1846 1350 plebaeis
1870 1309 2037 1344 hominibus
2059 1323 2112 1344 ve-

1226 1357 1415 1398 naliapaffim
1425 1365 1606 1398 exponeret.
1635 1358 1678 1391 Et
1691 1358 1776 1393 infra
1788 1373 1799 1392 .·
1833 1361 1951 1393 Dicitur
1964 1364 1996 1408 J
1999 1360 2110 1401 ustinus
2129 1360 2199 1397 Cssli'·
2223 1368 2250 1393 5⁷

1227 1405 1368 1447 Anastafio
1387 1431 1398 1447 ‚
1425 1406 1625 1441 Sanffissimo
1649 1407 1940 1444 Antiochenorum
1968 1411 2112 1449 Patriae

1225 1455 1292 1489 chae
1304 1480 1314 1495 ‚
1330 1454 1536 1499 ficeccnsurffe,
1549 1458 1629 1498 quod
1635 1457 1793 1499 posulanti
1808 1465 1834 1491 ei
1843 1466 2018 1500 pecuniam,
2045 1471 2112 1502 cum

1224 1504 1386 1548 Episcopus
1400 1507 1466 1549 esset
1479 1505 1643 1550 defignatus
1656 1531 1666 1546 ‚
1692 1509 1767 1541 dare
1783 1510 1893 1541 noluit.
1922 1511 2002 1543 Haec
2025 1511 2112 1554 opti·

1224 1567 1279 1589 mo
1293 1557 1363 1589 viro
1375 1556 1438 1589 fuit
1450 1560 1543 1590 causa
1565 1557 1793 1600 relegationis.
1824 1560 1865 1593 Et
1887 1558 1921 1591 in
1947 1560 2110 1595 Florenti-

1226 1617 1273 1639 nae
1282 1605 1408 1648 Synodi
1420 1606 1566 1640 Historia
1581 1607 1690 1641 scribit
1709 1607 1863 1642 *Silvester
1884 1609 2108 1653 Sguropulus:
2128 1592 2158 1620 ι’
2207 1612 2213 1617 “
2254 1611 2261 1618 “

1226 1659 1284 1688 l’cr
1295 1665 1388 1688 totum
1402 1660 1552 1690 Orientem
1569 1656 1815 1701 PatrIarcbaesub
1830 1658 2041 1693 Mabumetana
2063 1661 2110 1693 dt-

1222 1712 1300 1737 tione
1321 1727 1332 1743 ,
1356 1715 1389 1738 ut
1405 1704 1498 1746 fama
1512 1706 1601 1747 fert,
1627 1709 1748 1741 5ultan0
1768 1708 1909 1742 exhibent
1931 1711 2010 1744 mille
2027 1712 2109 1751 flore-

1222 1766 1273 1787 nos
1297 1779 1308 1794 ,
1335 1763 1366 1788 ut
1389 1755 1578 1789 Putriarcbae
1595 1767 1727 1791 creentur
1748 1781 1755 1788 .
1785 1758 1934 1793 Arabum
1955 1772 1992 1795 ac
2018 1760 2108 1794 Tur-

1222 1816 1336 1838 corum
1348 1805 1591 1848 Tyrannisunt
1609 1807 1784 1850 Justiniani
1810 1808 1970 1853 principun
1994 1823 2032 1845 ac
2055 1823 2109 1844 ve·

1222 1854 1318 1899 stigia
1342 1855 1442 1890 secuti
1462 1880 1470 1888 .
1507 1857 1673 1891 Dixeruut
1697 1859 1728 1892 se
1749 1858 1916 1893 succedere
1934 1860 1969 1893 in
1991 1865 2105 1895 omnia

1222 1904 1367 1939 Romani
1391 1929 1403 1945 ,
1437 1906 1528 1949 quod
1549 1907 1708 1949 ejecerant
1730 1920 1770 1942 ex
1792 1908 1860 1944 istis
1881 1911 2074 1954 regionibus
2093 1935 2106 1953 ,

1221 1955 1349 1998 Imperii
1363 1954 1455 1997 jura,
1482 1956 1718 1999 adeoque&iu
1741 1958 1815 1992 istas
1836 1961 2038 1993 exastiones.
2064 1961 2104 1993 In

1221 2004 1471 2040 Turco-Graecia
1491 2005 1693 2051 Zygomalas
1715 2006 1865 2042 adfirmat
1898 2008 2103 2043 patriarchas

1221 2053 1320 2089 hodie
1332 2056 1442 2090 vexari
1465 2055 1589 2100 duplici
1611 2058 1785 2092 exactione
1806 2057 1968 2093 Turcica:
1997 2060 2104 2094 Pesce-

1221 2104 1266 2138 sio
1284 2128 1295 2145 ,
1323 2105 1412 2148 quod
1437 2116 1494 2150 pro
1518 2108 1596 2140 novi
1624 2108 1726 2142 Esesti
1753 2110 2000 2144 consecratione
2023 2135 2034 2151 ,
2070 2112 2102 2144 δε

1221 2153 1396 2189 Charatzio
1418 2180 1429 2196 ‚
1465 2156 1555 2199 quod
1576 2158 1794 2202 solvitur-pro
1815 2170 1926 2193 annuo
1958 2160 2101 2195 tributo.

1221 2204 1368 2239 Primum
1379 2205 1472 2240 fuisse
1484 2206 1575 2241 mille
1587 2207 1757 2244 dumtaxat
1771 2208 1970 2244 florenorum
1981 2211 2112 2249 audivi<

1221 2265 1290 2288 mus
1300 2255 1365 2299 jam
1381 2256 1619 2302 aSguropulo‚
1646 2259 1799 2304 idemque
1823 2260 1941 2295 adserit
1963 2260 2104 2294 Chroni-

1222 2317 1288 2339 con
1316 2306 1755 2352 Constantinopolitanum3
1785 2311 1818 2344 in
1846 2309 2104 2344 patriarcharum

1221 2355 1369 2390 Historia
1381 2357 1536 2392 Malaxus
1557 2357 1638 2392 dicit
1659 2360 1754 2393 fuisse
1773 2360 1913 2393 duorum
1938 2361 2103 2401 millium,

1220 2406 1318 2440 trium
1340 2406 1482 2440 millium
1503 2408 1569 2451 jam
1591 2409 1694 2443 dietus
1712 2409 1930 2455 Zygornalas.
1958 2412 2103 2453 Symeon

1220 2455 1511 2491 Hieromonachus
1533 2459 1801 2501 Trapezuntinus
1834 2460 2019 2502 pensionem
2042 2462 2105 2503 pri-

1221 2517 1291 2540 mus
1303 2506 1449 2546 obtulit,
1474 2508 1810 2552 solvitquedumtaxat
1822 2511 2023 2553 quingentos
2045 2509 2102 2543 flo-

1222 2568 1316 2590 renos
1330 2581 1337 2588 .
1377 2556 1581 2592 Mahometis
1600 2556 1806 2600 Imperatoris
1829 2558 1886 2601 qui
1908 2559 1993 2602 cepit
2014 2559 2103 2593 Con-

1224 2606 1471 2650 stantinopolim
1493 2631 1504 2647 ,
1541 2606 1779 2652 benignitatem
1802 2608 1923 2642 variam
1956 2609 1991 2642 in
2014 2609 2102 2643 Gen-

1224 2655 1356 2691 nadium
1379 2656 1557 2691 secundum
1583 2656 1803 2691 patriarcham
1830 2667 1989 2692 memorat
2016 2659 2104 2693 Tur-

1222 2706 1402 2741 co-Graecia
1423 2731 1433 2747 ,
1464 2705 1592 2750 ejusque
1613 2706 1734 2752 Regias
1756 2731 1765 2746 ,
1792 2708 1909 2753 quibus
1941 2709 1975 2743 &
1998 2709 2102 2752 ipsum

1222 2757 1254 2790 &
1282 2755 1440 2798 subjectos
1464 2758 1494 2791 ei
1523 2756 1703 2801 Episcopos
1727 2757 1822 2792 solvit
1848 2758 1889 2792 ab
1916 2760 2010 2792 omni
2031 2771 2104 2793 exa-

1224 2807 1332 2839 &ione
1353 2831 1363 2846 ,
1401 2807 1527 2841 litteras
1559 2807 1694 2842 adducit
1721 2809 1886 2853 Georgius
1913 2809 2074 2844 Pliranzes
2093 2833 2101 2838 -

1228 2856 1349 2891 Verum
1360 2856 1491 2891 barbara
1503 2857 1633 2892 fuerunt
1647 2858 1800 2893 beneficia
1815 2883 1825 2899 ,
1846 2871 1914 2893 non
1926 2859 2081 2892 durarunt
2092 2883 2099 2889 .

1396 3079 1744 3128 CAPUT
1825 3082 1909 3126 VI.

1224 3219 1437 3287 Exponl'tur
1479 3220 1640 3269 aliorum
1674 3222 1712 3263 in
1762 3221 1918 3288 Europa
1952 3226 2100 3289 Regum

1569 3291 1757 3335 Simonia.

1294 3410 1315 3442 Ξ
1346 3424 1408 3447 ima
1422 3412 1487 3445 haec
1501 3406 1773 3453 pestisinsigniter
1784 3419 1839 3451 per
1852 3409 1995 3444 Galliam
2019 3412 2102 3456 gras-

1312 3463 1375 3495 sata
1398 3462 1442 3495 est
1465 3461 1499 3495 in
1525 3457 1672 3505 Regibus
1696 3458 1916 3505 Merovingiis
1933 3484 1940 3493 .
1967 3460 2102 3497 Etenim

2011 3512 2052 3546 de
