2352 3736
358 177 414 206 nr.
448 159 722 205 Lai-monum
757 154 1066 200 Ena-,omum
1102 166 1154 195 ετ
1186 153 1482 199 Citaxcoaun
1516 150 1833 195 contuitu-siai
1905 157 1967 207 25

216 236 273 290 nist
282 244 432 287 Obtisium
441 268 453 285 ,
478 249 534 287 qui
543 236 917 284 Chrismatissubtrabunt
928 237 949 269 5
949 245 1095 268 aeramen-

215 307 301 334 tum·
328 299 376 330 Et
386 294 463 329 certe
469 292 501 335 fi
507 289 641 335 mesorte
660 302 718 323 non
725 288 806 333 fugit
820 312 833 329 ‚
857 284 941 320 nulla
957 295 1097 328 umquam

217 344 334 390 baerefis
343 352 377 380 in
386 353 506 378 tantam
517 346 658 386 prorupit
673 340 849 377 audaciam,
873 343 908 368 ut
929 336 950 366 ἂ
971 332 1097 386 ‘Baptis-

215 402 261 433 mi
275 398 397 431 lavacro
407 392 547 437 chrisma
558 417 568 432 ‚
593 390 691 430 honest
701 413 713 429 ,
736 389 758 420 ἃ
769 385 937 427 Christiano
948 383 1097 425 Christum

217 447 357 483 dividere
370 442 615 490 praefitmpfiffet.
638 440 718 472 Hoc
741 436 847 479 ipsum
858 459 871 476 ‚
890 444 947 468 aut
969 435 1050 478 quid
1064 434 1099 468 fi-

217 492 429 541 milepoffint
440 491 618 538 praedicaffe
626 486 711 523 miffi
721 486 740 520 ὲ
749 485 914 531 Gregorio
922 483 1097 525 Monachi,

217 547 361 592 ideoque
371 545 390 579 a
400 542 570 579 Chronico
582 536 777 582 Augustano
798 534 970 580 Gyrovagi
982 559 994 575 ‚
1019 534 1038 569 a
1052 534 1100 568 Si-

220 596 358 644 geberto
369 589 590 630 Gembiaoenfi
601 588 733 622 fuerunt
743 585 822 620 dieii
833 586 982 619 Ecclefiae
995 584 1098 619 turba-

217 657 309 683 tores
318 670 326 680 .
351 640 452 689 ond
462 652 523 685 pro
533 641 624 674 sacro
635 637 819 672 Chrismate
829 635 963 679 quidam
973 635 1098 679 usurpa-

218 695 422 732 rintaurium
432 689 560 731 sordes,
586 686 897 723 fabulamexistimo
921 696 978 719 aut
997 685 1098 729 impo-

219 747 350 782 sturam.
382 739 530 775 Adverte
551 739 684 773 interim
698 736 879 772 haereticam
900 734 1101 770 Lutherano-

219 805 291 832 rum
315 790 635 830 &Calvinistarum‚
662 786 812 822 Chrisma
837 786 855 820 a
868 785 1036 829 Baptismo
1057 787 1101 819 se-

218 842 406 890 parantium
431 866 445 882 ,
484 839 555 875 imo
580 850 717 874 omnem
736 839 857 872 sacram
894 835 1103 871 Unstionem

217 891 543 937 blasphemantium,
569 889 738 924 audaciam
760 889 822 922 esie
846 886 923 921 ideo
959 896 1100 925 novam,

217 952 255 978 ut
264 954 339 978 eam
349 943 451 986 usque
469 941 510 976 ad
520 940 629 976 sancti
639 938 727 974 Petri
737 936 895 973 Damiani
920 947 1026 971 aevum
1041 936 1102 970 Ec·

215 993 310 1029 clena
321 991 479 1038 ignorarit
493 1017 499 1023 .

265 1043 482 1088 Imploratum
491 1041 593 1087 Regii
604 1038 729 1075 brachii
749 1037 910 1074 auxilinm
922 1038 1046 1081 peperit
1070 1037 1102 1070 &

215 1093 316 1129 aliam
338 1093 376 1127 in
399 1091 525 1137 Anglia
544 1090 729 1130 miseriam,
754 1088 796 1124 de
821 1100 886 1133 qua
902 1088 1102 1122 Guilielmus

217 1142 513 1179 Malmesberienfis
546 1154 554 1174 ε
582 1141 770 1180 Presbyteros
789 1140 913 1173 concilii
933 1139 1103 1171 Londinen-

211 1193 253 1236 fis
264 1219 276 1235 ‚
302 1195 384 1237 quod
392 1201 462 1226 ante
475 1192 576 1226 SanHi
588 1190 716 1233 anselmi
736 1187 888 1232 abscessum
908 1186 963 1231 seu
979 1189 1103 1222 exilium

211 1244 321 1287 fuerat
348 1242 546 1282 celebratum,
574 1242 755 1279 violatores,
779 1244 831 1281 qui
852 1236 916 1280 post
941 1239 1104 1270 Concilium

220 1294 408 1328 mulierculas
418 1292 552 1326 domibus
561 1289 629 1334 suis
654 1290 708 1324 vel
714 1289 947 1323 introduxerant
962 1296 1103 1325 recentes,

218 1344 274 1379 vel
279 1350 493 1378 revocaverant
503 1350 636 1380 veteres,
665 1344 734 1373 Rex
758 1344 905 1374 Henricus
920 1342 1037 1379 primus
1061 1338 1103 1370 di-

212 1392 354 1438 serimine
361 1399 495 1436 pecuniae
514 1390 655 1424 mult-‘lare
665 1388 869 1422 meditabatur
878 1412 886 1419 .
912 1388 953 1419 Id
965 1397 1035 1419 vero
1046 1390 1102 1418 An,

215 1442 327 1488 seimus
331 1443 497 1485 ferendum
506 1453 564 1474 non
572 1439 740 1472 arbitratus
754 1440 830 1481 Regi
845 1435 960 1480 scripsit
974 1459 985 1475 ‚
1011 1445 1045 1469 ut
1065 1435 1104 1468 ab

218 1492 276 1527 bac
300 1493 453 1529 exaHione
477 1496 657 1532 temperaret
679 1501 690 1521 .·
731 1488 826 1530 ,Quod
850 1485 1106 1526 Ecclefiasticorum

220 1540 416 1583 ministrorum
438 1544 518 1574 vitia
545 1563 557 1580 ,
581 1535 814 1582 Episcoporum‚
841 1549 900 1571 non
917 1534 1105 1579 saecularium

218 1596 324 1636 corrigi
342 1590 471 1625 debeant
480 1589 638 1629 instantia.
665 1589 718 1621 Ille
727 1585 839 1629 confilia
848 1588 1011 1631 dignanter
1030 1597 1105 1620 acce-

215 1647 290 1685 pit,
314 1642 422 1676 leniter
446 1638 589 1683 rescripsit
624 1646 785 1672 venturum
805 1638 943 1680 proxime*
970 1642 1002 1669 in
1013 1640 1107 1670 Nort-

221 1696 378 1725 manniam
387 1715 399 1732 ,
418 1688 448 1733 fi
455 1692 531 1733 quid
539 1689 698 1732 deliquiffet
708 1694 742 1721 in
753 1687 801 1721 bis
814 1688 926 1722 &aliis
942 1711 953 1727 ‚
974 1695 1032 1729 per
1043 1689 1106 1728 ejus

226 1742 453 1777 emendaturum
463 1739 660 1775 obedientiam
672 1763 680 1772 .
708 1738 753 1771 Et
763 1736 939 1772 Matthaeus
952 1736 1105 1770 Parifien-

49 1790 113 1824 An(
125 1800 209 1829 *¹⁸9-
222 1792 263 1828 fis
275 1806 288 1826 ι
312 1795 381 1826 Rex
402 1792 562 1835 Anglorum
582 1794 727 1824 Henricus
751 1794 848 1823 tenuit
866 1787 1028 1820 Concilium
1044 1798 1107 1819 ma-

222 1853 315 1888 gnum
325 1842 410 1886 apud
427 1842 600 1875 Londonias
618 1841 655 1873 de
664 1840 851 1873 sacerdotum
863 1838 989 1881 focariis
1007 1836 1107 1880 probi-

223 1893 330 1927 bendis
340 1916 350 1924 .
377 1891 550 1933 Adfuerunt
561 1891 689 1923 Concilio
700 1887 892 1923 VVilbelmus
906 1893 1107 1921 Cantuarien·

215 1941 280 1985 fis,
302 1941 413 1975 Sansti
424 1939 579 1976 Anselmi
590 1940 748 1974 successor
760 1964 771 1980 ,
797 1941 832 1973 Θ
859 1938 1010 1978 Turflinus
1029 1939 1106 1971 Ebo-

219 1989 346 2034 racenfis
357 1989 618 2035 Arcbiepisbopus‚
641 2001 704 2024 oum
713 1987 777 2032 suis
788 1986 805 2034 s
804 1988 986 2032 uffraganeis
997 2013 1007 2029 ‚
1035 1998 1105 2030 quos

219 2052 323 2076 omnes
339 2040 525 2084 fimplicitate
551 2038 772 2079 cantuarienfis
799 2036 1013 2082 Arcbiepisiropi
1037 2041 1102 2070 Rex

221 2096 373 2129 Hemicus
383 2092 506 2134 decepit.
531 2089 870 2133 Concefferuntnamque
880 2092 954 2131 Regi
957 2086 1107 2130 justitiam

222 2138 395 2184 defxariis
406 2141 616 2181 Sacerdotum,
641 2150 708 2183 quae
720 2150 768 2173 res
789 2137 887 2181 postea
910 2150 974 2172 cum
994 2135 1106 2181 summo

221 2189 362 2226 dedecore
371 2189 609 2227 terminabatur.
637 2193 752 2232 Accepit
774 2194 854 2223 enim
864 2192 931 2222 Rex
949 2193 1106 2231 pecuniam

224 2241 376 2284 infinitam
386 2243 407 2274 ἃ
419 2242 597 2282 Presbyteris
604 2248 660 2284 pro
667 2238 731 2284 fitis
746 2238 875 2282 focariis
900 2240 1084 2273 redimendis
1093 2262 1101 2270 .

225 2291 308 2324 Tunc
321 2315 332 2330 ,
352 2290 407 2333 sed
416 2294 504 2326 tarde
515 2317 527 2333 ,
547 2297 690 2334 poenituit
700 2289 861 2334 Episcopos
875 2291 912 2323 de
930 2289 1052 2333 conceffa
1071 2289 1107 2322 li-

224 2344 324 2372 centia
337 2363 349 2379 ,
373 2347 478 2374 cumin
487 2348 616 2374 omnium
625 2343 715 2374 oculis
737 2349 857 2384 pateret
873 2339 1000 2382 deceptio
1023 2341 1106 2372 Prae-

223 2388 370 2428 latorum,
397 2390 433 2423 Θ·
457 2390 590 2432 depreffio
613 2392 798 2423 sacerdotum
820 2416 828 2423 .
857 2390 930 2424 Rex
956 2389 1049 2424 euim
1070 2389 1104 2422 in

223 2436 431 2473 elericorum
452 2439 589 2474 crimina
601 2439 714 2483 nequit
735 2441 798 2475 effe
806 2440 929 2485 judex,
954 2439 1009 2474 sed
1031 2437 1108 2473 obe-

221 2486 318 2522 diens
327 2486 498 2522 dumtaxat
508 2487 550 2523 ab
559 2489 588 2522 E
591 2489 730 2532 piscopis
742 2490 913 2525 invocatus
938 2490 994 2524 seu
1004 2488 1106 2533 jussus

223 2536 441 2573 Ecclefiastici
452 2536 564 2581 judicii
574 2549 748 2573 executor.
779 2539 883 2574 Tune
895 2540 1016 2575 fanum
1039 2538 1106 2573 exi-

222 2586 322 2622 stimo
352 2610 364 2627 ,
388 2588 479 2632 quod
505 2586 595 2624 addit
620 2588 771 2624 laudatus
795 2588 1106 2624 Malmesberienfis:

225 2635 381 2680 Episcopis
391 2640 463 2672 aliis
475 2638 534 2673 ista
543 2638 740 2674 focariarum
763 2639 992 2683 redemptrices
1014 2649 1106 2682 pecu·

225 2685 297 2720 nias
319 2689 372 2722 vel
378 2688 597 2723 concedentibus
610 2714 622 2729 ,
648 2691 704 2724 vel
710 2699 790 2724 metu
806 2688 956 2731 filentium
983 2694 1106 2723 tenenti-

232 2733 286 2766 bffl'
303 2758 315 2774 ³
338 2742 370 2770 in
390 2736 450 2781 fitlo
472 2738 634 2782 Radulpbo
659 2739 828 2781 cicestrenfi
854 2738 998 2782 Episcopo
1022 2744 1107 2783 vigor

231 2782 411 2822 P⁰²¹fifi0alis
435 2790 557 2823 emolliri
573 2795 732 2832 nequivit.
762 2792 823 2824 Per
847 2797 942 2823 totam
960 2788 1106 2832 siquidem

230 2831 369 2874 Dtoecefi„
388 2836 492 2871 divina
513 2849 621 2874 vacare
642 2841 756 2882 officia,
781 2839 976 2881 Ecclefiarum
989 2842 1105 2881 januas

227 2887 374 2924 P'aecefflt
384 2880 481 2926 spinis
491 2888 592 2929 obstrui
602 2913 613 2929 ,
638 2889 849 2924 nonachorum
864 2898 985 2923 cantum
996 2901 1052 2922 non
1062 2895 1107 2922 in-

229 2930 337 2965 hlbem‘
349 2955 361 2972 2
382 2930 440 2975 sed
447 2941 545 2968 tamen
555 2939 639 2972 laicis
648 2941 765 2974 aditum
776 2950 880 2973 arcens
891 2965 899 2973 .
926 2939 1015 2972 Falli
1027 2948 1106 2972 atro-

230 2985 309 3015 ’,Μ’
321 2984 430 3027 Regem
443 2982 555 3023 “flexit
567 3008 578 3024 2
600 2997 633 3021 ut
642 2995 668 3023 ei
677 2988 732 3032 soli
743 3015 755 3031 ,
781 2988 865 3033 quafi
871 2995 979 3024 mentis
993 2988 1107 3031 inconfi-

230 3031 349 3065 dfl'atae
373 3030 506 3072 homini,
529 3031 642 3077 censum
656 3039 890 3079 Presbyterorum
917 3042 1105 3084 indulgeret.

233 3081 323 3115 Eum
349 3081 461 3125 P0ste5·
485 3082 588 3117 solum
612 3084 663 3118 uti
672 3097 782 3124 verum
806 3090 1030 3134 Episcopum,
1055 3101 1108 3124 cae·

234 3138 320 3165 ‘0¹⁰⁵
331 3132 483 3175 spernens
494 3154 505 3171 2
515 3131 627 3166 timuit
637 3156 647 3172 ‚
656 3134 774 3171 dilexit
785 3163 796 3178 ,
806 3138 982 3174 honoravit
991 3165 999 3172 .
1026 3139 1107 3186 Qo

234 3181 388 3224 ΕΧΕῘΠΡῙΟ
399 3182 434 3216 ὅ(
445 3181 502 3216 alii
511 3182 647 3218 tandem
658 3183 808 3228 Episcopi
818 3191 948 3224 censum
959 3189 1057 3223 istum
1067 3189 1108 3223 de

233 3228 333 3274 regiis
343 3231 493 3266 manibus
502 3232 660 3275 paulatim
694 3235 925 3272 efestucarunt.
951 3239 1109 3273 Sordidis-

233 3278 350 3314 fimum
359 3304 371 3321 2
390 3278 409 3314 ὲ
421 3280 582 3325 Gregorio
592 3281 728 3326 septimo
739 3294 837 3328 quam
847 3287 1046 3321 meritiffime
1055 3287 1108 3322 da-

237 3337 413 3371 mnatum,
439 3331 595 3374 quaestum
619 3333 699 3366 varii
720 3333 930 3377 postmodum
957 3335 1109 3381 Episcopi

236 3389 276 3414 ac
301 3379 473 3423 praesertim
498 3378 736 3417 Archidiaconi
764 3382 822 3418 fibi
846 3385 1108 3428 appropriatum.

237 3426 283 3463 Et
294 3427 374 3464 hinc
385 3428 538 3465 Sanctum
551 3430 746 3467 Anselmum
755 3457 767 3474 ,
777 3434 835 3480 qui
846 3434 1002 3480 quaestum
1013 3434 1109 3472 istum

336 3478 447 3521 christ.
459 3483 540 3525 Lupi
549 3485 637 3527 oper.
647 3485 726 3519 Tem.
734 3487 784 3519 IV.

49 1151 78 1180 1².
99 1157 164 1184 2²7·

1161 248 1229 270 non
1255 236 1316 271 soli
1328 236 1476 271 Henrico
1494 235 1604 280 Regi,
1631 238 1685 272 sed
1711 238 1745 272 &
1771 234 1896 272 cunctis
1908 233 2042 280 Angliae
2056 233 2193 270 Pol-47:-

1166 285 1422 321 Archidiaconis
1445 298 1482 321 ae
1493 286 1638 321 Decanis
1649 286 1838 331 rigidiffime
1849 283 2022 321 interdixit
2030 307 2043 324 ,

1164 336 1281 370 metito
1304 337 1412 371 laudat
1425 339 1575 383 Rogerus
1598 336 1822 372 Hovedenfis.
1849 336 1960 371 Hasce
1971 345 2044 369 om-

1162 397 1218 420 nes
1228 386 1426 430 Gregoriani
1435 387 1570 422 Decreti
1580 387 1679 421 iueras
1690 385 1851 422 Urbanus
1860 384 2020 421 secundus
2029 409 2043 426 ‚

1162 434 1326 471 Paschalis
1337 437 1516 477 secundus,
1541 436 1693 472 Calixtus
1717 436 1898 477 secundus,
1923 437 2045 470 Hono-

1162 486 1228 520 rius
1249 485 1408 521 secundus
1430 512 1441 528 ‚
1484 487 1692 531 ipsorumque
1713 487 1830 532 Legati
1855 485 1890 519 &
1913 483 2043 529 Synodi

1163 535 1249 569 varie
1259 536 1470 579 adjuvarunt.
1497 536 1607 570 Etiam
1624 538 1666 571 ab
1679 536 1878 572 Innocentio
1898 534 2045 570 secundo

1163 585 1254 620 fuiffe
1266 586 1385 620 Leodii
1400 585 1518 620 fastam
1527 597 1567 619 ex
1584 585 1797 632 Lotharingis
1821 583 2047 621 &Transrhe-

1164 636 1257 670 nanis
1271 636 1440 679 Episcopis
1462 635 1635 679 synodum
1648 660 1658 675 ‚
1685 637 1902 681 damnataque
1923 633 1989 670 haze
1999 635 2046 669 sa-

1163 685 1280 730 crilega
1301 689 1436 728 conjugia
1449 710 1460 726 ,
1487 686 1620 720 restatur
1645 696 1804 731 magnum
1818 684 2047 731 BelgiiChro-

1164 737 1263 770 nicon
1277 760 1284 767 .
1312 735 1439 770 Verum
1450 735 1570 779 Hydra
1594 737 1718 779 semper
1742 735 1858 769 revixit
1872 760 1882 774 ,
1905 736 1939 770 ὃς
1952 746 2048 770 num·
2061 723 2193 761 F⁰1·¹53‘¹

1164 798 1262 830 quarn
1275 787 1369 820 omni
1379 785 1485 830 eapite
1495 786 1603 829 potuit
1614 787 1757 820 truncari
1770 811 1778 817 .
1807 785 1901 818 Hinc
1912 786 2048 821 taudem

1163 838 1198 870 in
1211 838 1363 871 Romana
1374 837 1429 870 sua
1442 836 1581 878 Synodo
1593 836 1704 870 statuit
1716 835 1804 870 idem
1814 835 2029 869 Innocentius
2038 846 2050 868 ε

1165 891 1356 920 Decerm‘mus
1376 897 1409 920 ut
1431 891 1474 927 ii,
1501 892 1553 929 qui
1573 892 1606 919 in
1619 888 1734 921 Ordine
1758 884 1993 919 Subdiaconatus
2013 886 2049 918 et

1160 936 1255 980 supra
1265 949 1386 970 uxorem
1396 938 1539 970 duxerint
1550 962 1560 977 ,
1585 946 1639 970 aut
1660 936 1848 970 Concubinas
1865 934 2025 969 habuerint
2037 957 2052 974 ,

1164 988 1249 1029 officio
1275 997 1364 1030 atque
1383 986 1574 1028 Ecclefiastico
1603 987 1738 1030 beneficio
1756 994 1877 1020 careant
1891 1011 1898 1018 .
1926 984 2052 1018 Adbaec

1166 1038 1408 1081 Praedecefforum
1418 1036 1597 1078 nostrorum,
1627 1041 1760 1081 Gregorii
1767 1035 1892 1080 septimi
1903 1060 1915 1076 ,
1934 1034 2050 1069 Urbani

1166 1090 1199 1121 Θ
1211 1086 1362 1130 Pascbalis
1373 1112 1386 1128 ‚
1411 1091 1608 1121 Romanorum
1629 1089 1828 1130 Pontificum,
1854 1085 1984 1130 vestigiis
2005 1090 2052 1118 in·

1167 1137 1314 1172 haerentes
1320 1144 1517 1180 praecipimus
1529 1163 1540 1179 ,
1552 1146 1585 1171 ut
1595 1139 1691 1172 nullus
1704 1138 1806 1180 Mysas
1817 1148 1915 1171 eorum
1926 1137 2051 1173 audiat,

1166 1200 1237 1231 quos
1259 1200 1364 1222 uxores
1391 1189 1444 1223 vel
1465 1188 1653 1222 concubinas
1678 1187 1786 1222 habere
1799 1191 1984 1232 cognoverit.
2010 1188 2052 1217 Ut

1168 1247 1265 1271 autem
1277 1242 1341 1272 Lex
1356 1244 1546 1273 continentia·
1560 1264 1571 1279 ,
1597 1240 1632 1273 (tt
1644 1241 1705 1272 Deo
1710 1239 1835 1281 placens
1847 1238 1997 1271 munditia
2018 1239 2051 1267 in

1170 1286 1369 1329 Ecclefiasticis
1382 1287 1516 1333 personis
1541 1290 1575 1323 <v
1591 1287 1688 1332 sacris
1703 1288 1866 1322 Ordinibus
1887 1288 2051 1327 dilatetur,
2067 1296 2189 1327 emma

1164 1337 1340 1378 statuimus,
1353 1347 1502 1382 quatenus
1518 1337 1658 1382 Episcopi
1672 1363 1683 1378 ‚
1695 1339 1878 1379 Presbyteri,
1906 1341 2051 1376 Draconi,
2067 1345 2094 1368 et
2115 1345 2164 1371 70·

1169 1388 1362 1430 subdiaconi,
1389 1390 1554 1433 Regulares
1577 1391 1720 1421 canonici
1740 1413 1751 1429 ‚
1778 1387 1936 1428 Monachi‚
1962 1396 2054 1429 atque

1169 1438 1311 1480 Conversi
1312 1437 1428 1479 profeffl
1438 1461 1449 1476 ,
1475 1443 1527 1478 qui
1540 1437 1680 1468 Sanctum
1705 1436 1957 1478 transgredientes
1982 1440 2056 1469 Pro-

1165 1487 1287 1530 positum
1299 1496 1406 1519 uxores
1412 1484 1468 1526 sibi
1482 1486 1615 1526 copulare
1621 1483 1871 1527 praesumpserint
1882 1509 1893 1525 ,
1915 1484 2055 1527 separen-

1169 1547 1233 1571 tur.
1264 1534 1441 1578 Hujusmodi
1461 1546 1590 1578 namque
1611 1535 1821 1577 copulationem
1835 1547 1926 1577 quam
1953 1544 2056 1568 contra

1172 1584 1364 1626 Ecclest‘arum
1374 1585 1521 1629 Regulam
1530 1584 1640 1625 constat
1651 1586 1702 1627 effe
1723 1585 1906 1619 contradam
1917 1610 1928 1625 ‚
1953 1591 2054 1617 matri-

1170 1643 1299 1670 monium
1322 1647 1381 1670 non
1401 1636 1452 1679 effe
1463 1634 1633 1678 censemus.
1661 1638 1748 1679 ‚Quin
1766 1641 1858 1670 etiam
1869 1635 1910 1668 ab
1930 1640 2058 1668 invicem

1167 1686 1301 1731 separati
1309 1695 1367 1730 pro
1379 1690 1475 1721 tantis
1485 1685 1633 1726 exceffibus
1648 1688 1828 1731 condignam
1845 1691 2059 1728 poenitentiam

1170 1745 1280 1782 agant.
1313 1737 1476 1780 Sacrilega
1496 1736 1554 1770 ista
1577 1737 1786 1771 matrimonia
1808 1736 1915 1770 reddit
1942 1748 1979 1770 ac
2005 1736 2060 1769 de-

1171 1788 1273 1823 clarat
1285 1787 1391 1821 irrita.
1417 1787 1498 1820 Hoc
1522 1786 1614 1820 addit
1635 1788 1726 1830 supra
1748 1787 1889 1822 Decreta
1911 1786 2058 1820 laudato-

1172 1849 1243 1872 rum
1255 1839 1388 1872 suorum
1398 1836 1650 1871 Antecefforum
1666 1860 1672 1869 .
1700 1838 1804 1872 Lucet
1818 1848 1860 1871 ex
1885 1837 2059 1870 confirma-

1172 1889 1259 1923 torio
1285 1888 1430 1933 Eugenii
1454 1888 1540 1923 tertii
1553 1887 1717 1928 Canone,
1742 1888 1834 1922 edito
1861 1887 1894 1920 in
1920 1886 2060 1930 Synodo

1173 1939 1347 1973 Remenss:
1375 1941 1459 1982 ‚Quia
1469 1943 1652 1974 continentia
1664 1963 1675 1978 ‚
1702 1939 1736 1973 <r
1759 1942 1819 1972 Deo
1829 1939 1953 1980 placens
1973 1947 2063 1970 mun-

1172 1990 1252 2022 ditia
1271 1994 1304 2022 in
1326 1987 1528 2030 Ecclesiasticis
1546 1987 1682 2033 personis
1709 1989 1743 2023 Θ
1760 1986 1874 2032 sant‘lis
1894 1986 2058 2021 Ordinibus

1173 2039 1405 2080 dilatandaest,
1430 2039 1603 2073 Sandorum
1616 2043 1744 2073 Parrum
1770 2041 1804 2073 Θ
1832 2038 2057 2081 Praedecefforis

1171 2087 1258 2130 nostri
1268 2091 1366 2132 Papae
1373 2093 1536 2123 Innocentii
1548 2089 1679 2134 vestigiis
1691 2089 2035 2128 inbaerentesstatuimus
2044 2110 2056 2126 ,

1171 2148 1319 2183 quatenus
1347 2137 1510 2183 Episcopi,
1537 2141 1729 2179 Presbyteri,
1758 2142 1902 2177 Diaconi‚
1927 2137 2056 2170 subdia·

1171 2195 1234 2222 coni
1242 2214 1255 2230 ,
1282 2191 1444 2233 Regulares
1456 2194 1601 2224 Canonici
1615 2213 1626 2229 ,
1639 2188 1777 2222 Monacbi
1791 2213 1801 2228 ‚
1812 2197 1901 2231 atque
1914 2186 2059 2229 Conversi

1166 2238 1283 2281 profeffi
1308 2263 1320 2279 ,
1357 2243 1413 2281 qui
1439 2242 1560 2272 Sacrum
1586 2237 1840 2283 transgredientes
1876 2236 2058 2280 Propofitum

1173 2300 1276 2323 uxores
1296 2288 1355 2329 sibi
1381 2289 1518 2329 copulare
1535 2287 1784 2331 praeficmpserint
1812 2312 1823 2328 ,
1858 2286 2056 2331 separentur.

1170 2335 1330 2382 Ejusmodi
1355 2349 1484 2380 namque
1513 2339 1742 2380 copulationem,
1767 2349 1857 2380 quam
1876 2348 1979 2372 contra
1998 2342 2059 2372 Ec·

1169 2388 1350 2431 clesiasticam
1375 2389 1521 2432 Regulam
1530 2388 1640 2428 constat
1661 2388 1924 2430 ffcontrafflam,
1951 2394 2058 2423 matri⁴

1170 2444 1300 2473 monium
1324 2449 1381 2472 non
1403 2439 1454 2482 effe
1466 2436 1633 2481 censemus.
1663 2440 1728 2481 ‚Qui
1754 2443 1847 2471 etiam
1867 2439 1906 2471 ab
1926 2445 2056 2473 invicem

1165 2489 1318 2534 saeparati
1325 2496 1383 2531 pro
1393 2494 1490 2522 tantis
1502 2489 1651 2528 excefflbus
1663 2489 1839 2532 condignam
1844 2495 2056 2531 poenitentiam

1171 2548 1284 2585 agant.
1311 2539 1350 2571 Id
1372 2537 1469 2582 iusum
1492 2550 1605 2581 quoque
1628 2539 1665 2571 de
1683 2538 1959 2573 Santqimonialibus
1976 2564 1987 2580 ,
2007 2538 2055 2580 Ji,

1170 2591 1250 2632 quod
1258 2587 1352 2630 abst't,
1376 2588 1481 2622 nubere
1503 2594 1692 2623 tentaverint
1705 2614 1715 2630 ,
1742 2587 1897 2632 observare
1916 2595 2054 2631 pra-cipi-

1170 2652 1254 2672 mus.
1282 2639 1441 2673 Innovari
1465 2639 1483 2672 ὲ
1496 2640 1526 2674 se
1538 2639 1619 2675 dicit
1629 2639 1728 2673 solius
1741 2639 1929 2674 innocentii
1945 2640 2055 2674 secun-

1170 2690 1206 2724 di
1228 2691 1410 2724 Decretum
1434 2711 1446 2729 ,
1472 2689 1562 2731 quod
1583 2701 1701 2733 nempe
1721 2690 1900 2734 Gregorius
1924 2689 1958 2722 &
1985 2689 2053 2731 ejus

1171 2734 1372 2774 Successoies
1397 2739 1602 2775 damnassent
1628 2738 1761 2783 quidem
1788 2740 1848 2774 ista
1873 2739 2026 2782 conjugia
2041 2761 2053 2777 ,

1171 2800 1242 2824 nou
1263 2799 1373 2823 tamen
1396 2788 1504 2823 lucide
1521 2788 1712 2824 irritassent.
1741 2789 1903 2833 Exprimit
1929 2790 2051 2823 &San-

1169 2839 1394 2874 Ctimoniales:
1421 2838 1526 2887 Qod
1550 2839 1642 2874 enim
1660 2851 1713 2874 eas
1739 2840 1954 2874 Innocentius
1985 2847 2054 2871 non

1170 2890 1384 2933 expreffisset,
1409 2888 1592 2925 irritantem
1613 2890 1682 2933 ejus
1704 2890 1811 2935 legem
1830 2889 1963 2933 quidam
1985 2898 2055 2931 gar-

1170 2940 1297 2974 riebant
1308 2940 1348 2975 ad
1360 2940 1444 2983 ipsas
1455 2951 1526 2974 non
1538 2940 1690 2975 extendi.
1720 2941 1763 2974 Et
1786 2939 1864 2973 hinc
1887 2937 1978 2971 nulla
1998 2937 2054 2970 de-

1170 2991 1282 3034 inceps
1292 2990 1376 3033 apud
1389 2991 1495 3024 sacros
1508 2991 1661 3024 Canones
1682 2990 1726 3023 est
1741 2987 1898 3023 memoria
1920 2986 2053 3030 Episco-

1171 3040 1295 3083 palium
1323 3064 1335 3081 ,
1358 3038 1632 3083 PresbyteraIium
1657 3065 1668 3080 ,
1695 3036 1929 3072 Diaconalium
1955 3060 1965 3077 ,
1993 3045 2052 3070 aut

1170 3090 1460 3124 Subdiaconalium
1471 3090 1703 3134 conjugiorum
1729 3097 1785 3121 aut
1795 3096 1955 3120 uxorum.
1985 3086 2050 3120 Eas

1171 3140 1205 3172 in
1221 3141 1275 3173 sua
1287 3140 1494 3173 Lateranenfi
1507 3137 1643 3180 Synodo
1657 3135 1841 3170 Alexander
1861 3137 1975 3169 tertius
1992 3147 2053 3169 vo-

1170 3198 1223 3223 cat
1248 3188 1453 3222 mulierculas
1467 3212 1478 3228 ,
1501 3198 1601 3230 quem
1622 3186 1821 3220 Succeffores
1841 3186 1914 3220 sunt
1937 3184 2049 3229 paffim

1169 3239 1315 3273 imitati.

1221 3289 1296 3322 Hac
1307 3287 1358 3320 via
1369 3285 1508 3321 decrevit
1517 3286 1639 3320 malum
1655 3310 1666 3326 ,
1690 3295 1880 3321 nontamen
1905 3285 1968 3320 fuit
1982 3286 2047 3329 ple-

1171 3337 1213 3372 ne
1223 3337 1399 3372 extineium
1409 3360 1416 3368 .
1442 3336 1577 3371 Etenim
1588 3336 1713 3371 dudum
1723 3335 1794 3381 post
1808 3336 1954 3382 Eugenii
1968 3346 2047 3370 tem-

1171 3399 1249 3432 pora
1268 3386 1386 3429 scripti:
1408 3384 1450 3420 ad
1461 3385 1628 3422 Andream
1648 3386 1857 3422 Lundensem
1877 3387 1912 3420 in
1933 3384 2045 3419 Dania

1171 3435 1465 3484 Archiepiscopum
1474 3459 1486 3478 ,
1509 3439 1603 3474 suum
1614 3448 1670 3480 per
1680 3437 1924 3483 Septemtrionis
1931 3432 2045 3520 {ccle-

1610 3487 1645 3522 D
1953 3493 1998 3518 las

2074 2214 2196 2251 Cano-7.
