<?xml version="1.0" encoding="UTF-8"?>
<!DOCTYPE html PUBLIC "-//W3C//DTD XHTML 1.0 Transitional//EN"
    "http://www.w3.org/TR/xhtml1/DTD/xhtml1-transitional.dtd">
<html xmlns="http://www.w3.org/1999/xhtml" xml:lang="en" lang="en">
 <head>
  <title>
</title>
<meta http-equiv="Content-Type" content="text/html;charset=utf-8" />
  <meta name='ocr-system' content='tesseract 3.04.00' />
  <meta name='ocr-capabilities' content='ocr_page ocr_carea ocr_par ocr_line ocrx_word'/>
</head>
<body>
  <div class='ocr_page' id='page_1' title='image "./operaomniastudio04lupuuoft/operaomniastudio04lupuuoft_0427.png"; bbox 0 0 2352 3736; ppageno 0'>
   <div class='ocr_carea' id='block_1_1' title="bbox 67 1637 228 1673">
    <p class='ocr_par' dir='ltr' id='par_1_1' title="bbox 67 1637 228 1673">
     <span class='ocr_line' id='line_1_1' title="bbox 67 1637 228 1673; baseline 0.012 -5"><span class='ocrx_word' id='word_1_1' title='bbox 67 1637 124 1668; x_wconf 71' lang='lat' dir='ltr'>An-</span> <span class='ocrx_word' id='word_1_2' title='bbox 139 1643 228 1673; x_wconf 66' lang='lat' dir='ltr'>lom·</span> 
     </span>
    </p>
   </div>
   <div class='ocr_carea' id='block_1_2' title="bbox 510 47 1114 111">
    <p class='ocr_par' dir='ltr' id='par_1_2' title="bbox 510 47 1114 111">
     <span class='ocr_line' id='line_1_2' title="bbox 510 47 1114 111; baseline -0.01 -3"><span class='ocrx_word' id='word_1_3' title='bbox 510 78 599 108; x_wconf 78' lang='lat' dir='ltr'>DE</span> <span class='ocrx_word' id='word_1_4' title='bbox 669 61 708 105; x_wconf 90' lang='lat' dir='ltr'>S.</span> <span class='ocrx_word' id='word_1_5' title='bbox 778 47 1114 111; x_wconf 33' lang='lat' dir='ltr'>Lno&#39;Nxs</span> 
     </span>
    </p>
   </div>
   <div class='ocr_carea' id='block_1_3' title="bbox 232 142 1167 2973">
    <p class='ocr_par' dir='ltr' id='par_1_3' title="bbox 232 142 1115 839">
     <span class='ocr_line' id='line_1_3' title="bbox 234 142 1104 192; baseline -0.009 -9"><span class='ocrx_word' id='word_1_6' title='bbox 234 149 381 192; x_wconf 61' lang='lat' dir='ltr'>susm</span> <span class='ocrx_word' id='word_1_7' title='bbox 389 148 587 187; x_wconf 76' lang='lat' dir='ltr'>reverendos,</span> <span class='ocrx_word' id='word_1_8' title='bbox 613 151 791 179; x_wconf 80' lang='lat' dir='ltr'>contrarium</span> <span class='ocrx_word' id='word_1_9' title='bbox 804 145 941 187; x_wconf 75' lang='lat' dir='ltr'>docuiffe.</span> <span class='ocrx_word' id='word_1_10' title='bbox 970 142 1104 176; x_wconf 84' lang='lat' dir='ltr'>Etenim</span> 
     </span>
     <span class='ocr_line' id='line_1_4' title="bbox 235 193 1108 245; baseline -0.01 -12"><span class='ocrx_word' id='word_1_11' title='bbox 235 199 325 245; x_wconf 63' lang='lat' dir='ltr'>quod</span> <span class='ocrx_word' id='word_1_12' title='bbox 345 208 414 232; x_wconf 84' lang='lat' dir='ltr'>non</span> <span class='ocrx_word' id='word_1_13' title='bbox 433 197 539 231; x_wconf 72' lang='lat' dir='ltr'>solnm</span> <span class='ocrx_word' id='word_1_14' title='bbox 559 196 699 241; x_wconf 80' lang='lat' dir='ltr'>haeretjci</span> <span class='ocrx_word' id='word_1_15' title='bbox 711 221 723 237; x_wconf 89' lang='lat'><em>,</em></span> <span class='ocrx_word' id='word_1_16' title='bbox 749 195 912 229; x_wconf 88' lang='lat' dir='ltr'>sedetiam</span> <span class='ocrx_word' id='word_1_17' title='bbox 934 193 1040 238; x_wconf 85' lang='lat' dir='ltr'>quivis</span> <span class='ocrx_word' id='word_1_18' title='bbox 1054 204 1108 225; x_wconf 87' lang='lat' dir='ltr'>ex-</span> 
     </span>
     <span class='ocr_line' id='line_1_5' title="bbox 233 243 1108 284; baseline -0.01 0"><span class='ocrx_word' id='word_1_19' title='bbox 233 246 467 284; x_wconf 75' lang='lat' dir='ltr'>communicati</span> <span class='ocrx_word' id='word_1_20' title='bbox 489 244 727 282; x_wconf 87' lang='lat' dir='ltr'>Eucharistiam</span> <span class='ocrx_word' id='word_1_21' title='bbox 752 243 856 279; x_wconf 70' lang='lat' dir='ltr'>valide</span> <span class='ocrx_word' id='word_1_22' title='bbox 878 256 946 278; x_wconf 89' lang='lat' dir='ltr'>non</span> <span class='ocrx_word' id='word_1_23' title='bbox 970 245 1108 278; x_wconf 89' lang='lat' dir='ltr'>confice-</span> 
     </span>
     <span class='ocr_line' id='line_1_6' title="bbox 232 292 1108 339; baseline -0.011 -5"><span class='ocrx_word' id='word_1_24' title='bbox 232 306 326 339; x_wconf 71' lang='lat' dir='ltr'>ient,</span> <span class='ocrx_word' id='word_1_25' title='bbox 352 297 537 332; x_wconf 84' lang='lat' dir='ltr'>constanter</span> <span class='ocrx_word' id='word_1_26' title='bbox 560 297 679 331; x_wconf 90' lang='lat' dir='ltr'>docent</span> <span class='ocrx_word' id='word_1_27' title='bbox 691 297 803 330; x_wconf 90' lang='lat' dir='ltr'>Petrus</span> <span class='ocrx_word' id='word_1_28' title='bbox 823 292 1044 333; x_wconf 83' lang='lat' dir='ltr'>Lombardus,</span> <span class='ocrx_word' id='word_1_29' title='bbox 1071 303 1108 325; x_wconf 88' lang='lat' dir='ltr'>ac</span> 
     </span>
     <span class='ocr_line' id='line_1_7' title="bbox 232 344 1110 383; baseline -0.009 -1"><span class='ocrx_word' id='word_1_30' title='bbox 232 347 346 382; x_wconf 85' lang='lat' dir='ltr'>Petrus</span> <span class='ocrx_word' id='word_1_31' title='bbox 358 347 578 383; x_wconf 70' lang='lat' dir='ltr'>Pistaviensis.</span> <span class='ocrx_word' id='word_1_32' title='bbox 606 348 650 380; x_wconf 91' lang='lat' dir='ltr'>Et</span> <span class='ocrx_word' id='word_1_33' title='bbox 662 347 694 380; x_wconf 91' lang='lat' dir='ltr'>in</span> <span class='ocrx_word' id='word_1_34' title='bbox 718 347 807 379; x_wconf 88' lang='lat' dir='ltr'>sexto</span> <span class='ocrx_word' id='word_1_35' title='bbox 819 346 880 378; x_wconf 85' lang='lat' dir='ltr'>suae</span> <span class='ocrx_word' id='word_1_36' title='bbox 900 344 1038 377; x_wconf 77' lang='lat' dir='ltr'>Summae</span> <span class='ocrx_word' id='word_1_37' title='bbox 1051 353 1110 375; x_wconf 87' lang='lat' dir='ltr'>tra-</span> 
     </span>
     <span class='ocr_line' id='line_1_8' title="bbox 234 392 1111 442; baseline -0.01 -10"><span class='ocrx_word' id='word_1_38' title='bbox 234 400 320 433; x_wconf 69' lang='lat' dir='ltr'>&amp;atu</span> <span class='ocrx_word' id='word_1_39' title='bbox 338 397 449 431; x_wconf 84' lang='lat' dir='ltr'>scribit</span> <span class='ocrx_word' id='word_1_40' title='bbox 459 397 566 442; x_wconf 90' lang='lat' dir='ltr'>Hugo</span> <span class='ocrx_word' id='word_1_41' title='bbox 576 396 617 430; x_wconf 86' lang='lat' dir='ltr'>de</span> <span class='ocrx_word' id='word_1_42' title='bbox 628 397 743 430; x_wconf 65' lang='lat' dir='ltr'>Saneto</span> <span class='ocrx_word' id='word_1_43' title='bbox 758 395 908 429; x_wconf 64' lang='lat' dir='ltr'>Victore:</span> <span class='ocrx_word' id='word_1_44' title='bbox 940 396 1015 426; x_wconf 72' lang='lat' dir='ltr'>Aliis</span> <span class='ocrx_word' id='word_1_45' title='bbox 1027 392 1111 425; x_wconf 73' lang='lat' dir='ltr'>vide-</span> 
     </span>
     <span class='ocr_line' id='line_1_9' title="bbox 235 443 1111 490; baseline -0.01 -8"><span class='ocrx_word' id='word_1_46' title='bbox 235 456 287 482; x_wconf 67' lang='lat' dir='ltr'>tur</span> <span class='ocrx_word' id='word_1_47' title='bbox 308 473 320 490; x_wconf 88' lang='lat'>‚</span> <span class='ocrx_word' id='word_1_48' title='bbox 345 447 426 489; x_wconf 65' lang='lat' dir='ltr'>quod</span> <span class='ocrx_word' id='word_1_49' title='bbox 442 458 493 481; x_wconf 85' lang='lat' dir='ltr'>nec</span> <span class='ocrx_word' id='word_1_50' title='bbox 512 446 661 488; x_wconf 67' lang='lat' dir='ltr'>manfiesti</span> <span class='ocrx_word' id='word_1_51' title='bbox 684 446 813 481; x_wconf 64' lang='lat' dir='ltr'>haeretic}</span> <span class='ocrx_word' id='word_1_52' title='bbox 836 443 988 485; x_wconf 68' lang='lat' dir='ltr'>conficiant</span> <span class='ocrx_word' id='word_1_53' title='bbox 1000 469 1007 475; x_wconf 87' lang='lat'>.</span> <span class='ocrx_word' id='word_1_54' title='bbox 1034 446 1111 474; x_wconf 83' lang='lat' dir='ltr'>Cum</span> 
     </span>
     <span class='ocr_line' id='line_1_10' title="bbox 232 492 1112 537; baseline -0.01 -5"><span class='ocrx_word' id='word_1_55' title='bbox 232 499 298 533; x_wconf 64' lang='lat' dir='ltr'>elia</span> <span class='ocrx_word' id='word_1_56' title='bbox 308 499 328 531; x_wconf 86' lang='lat'><em>5</em></span> <span class='ocrx_word' id='word_1_57' title='bbox 329 506 500 532; x_wconf 77' lang='lat' dir='ltr'>aeramenta</span> <span class='ocrx_word' id='word_1_58' title='bbox 508 498 599 532; x_wconf 61' lang='lat' dir='ltr'>extre?</span> <span class='ocrx_word' id='word_1_59' title='bbox 610 495 758 537; x_wconf 75' lang='lat' dir='ltr'>Ecclefiam</span> <span class='ocrx_word' id='word_1_60' title='bbox 763 494 866 536; x_wconf 83' lang='lat' dir='ltr'>poffint</span> <span class='ocrx_word' id='word_1_61' title='bbox 873 494 939 536; x_wconf 71' lang='lat' dir='ltr'>fieri</span> <span class='ocrx_word' id='word_1_62' title='bbox 952 517 962 532; x_wconf 87' lang='lat'><strong>,</strong></span> <span class='ocrx_word' id='word_1_63' title='bbox 978 492 1027 525; x_wconf 87' lang='lat' dir='ltr'>hoc</span> <span class='ocrx_word' id='word_1_64' title='bbox 1038 502 1112 524; x_wconf 88' lang='lat' dir='ltr'>nun-</span> 
     </span>
     <span class='ocr_line' id='line_1_11' title="bbox 235 543 1111 590; baseline -0.01 -9"><span class='ocrx_word' id='word_1_65' title='bbox 235 559 326 590; x_wconf 79' lang='lat' dir='ltr'>quam</span> <span class='ocrx_word' id='word_1_66' title='bbox 345 556 434 583; x_wconf 72' lang='lat' dir='ltr'>extra</span> <span class='ocrx_word' id='word_1_67' title='bbox 446 573 453 580; x_wconf 91' lang='lat'><strong><em>.</em></strong></span> <span class='ocrx_word' id='word_1_68' title='bbox 481 551 525 580; x_wconf 81' lang='lat' dir='ltr'>Et</span> <span class='ocrx_word' id='word_1_69' title='bbox 547 546 606 587; x_wconf 73' lang='lat' dir='ltr'>istis</span> <span class='ocrx_word' id='word_1_70' title='bbox 626 551 721 589; x_wconf 71' lang='lat' dir='ltr'>magis</span> <span class='ocrx_word' id='word_1_71' title='bbox 741 546 861 578; x_wconf 80' lang='lat' dir='ltr'>videtur</span> <span class='ocrx_word' id='word_1_72' title='bbox 882 543 1111 585; x_wconf 79' lang='lat' dir='ltr'>assentiendum.</span> 
     </span>
     <span class='ocr_line' id='line_1_12' title="bbox 236 588 1111 632; baseline -0.011 -1"><span class='ocrx_word' id='word_1_73' title='bbox 236 597 351 632; x_wconf 87' lang='lat' dir='ltr'>Hosce</span> <span class='ocrx_word' id='word_1_74' title='bbox 363 607 484 632; x_wconf 89' lang='lat' dir='ltr'>errores</span> <span class='ocrx_word' id='word_1_75' title='bbox 497 598 622 631; x_wconf 90' lang='lat' dir='ltr'>secutus</span> <span class='ocrx_word' id='word_1_76' title='bbox 634 592 695 629; x_wconf 83' lang='lat' dir='ltr'>fuit</span> <span class='ocrx_word' id='word_1_77' title='bbox 704 595 804 629; x_wconf 87' lang='lat' dir='ltr'>etiam</span> <span class='ocrx_word' id='word_1_78' title='bbox 817 591 963 627; x_wconf 90' lang='lat' dir='ltr'>Michael</span> <span class='ocrx_word' id='word_1_79' title='bbox 980 588 1111 625; x_wconf 87' lang='lat' dir='ltr'>Cerula·</span> 
     </span>
     <span class='ocr_line' id='line_1_13' title="bbox 236 639 1115 689; baseline -0.014 -7"><span class='ocrx_word' id='word_1_80' title='bbox 236 647 305 682; x_wconf 79' lang='lat' dir='ltr'>rius</span> <span class='ocrx_word' id='word_1_81' title='bbox 318 660 326 679; x_wconf 90' lang='lat'>:</span> <span class='ocrx_word' id='word_1_82' title='bbox 353 648 398 681; x_wconf 91' lang='lat' dir='ltr'>Et</span> <span class='ocrx_word' id='word_1_83' title='bbox 411 645 489 680; x_wconf 89' lang='lat' dir='ltr'>hine</span> <span class='ocrx_word' id='word_1_84' title='bbox 499 645 584 689; x_wconf 88' lang='lat' dir='ltr'>apud</span> <span class='ocrx_word' id='word_1_85' title='bbox 596 656 656 679; x_wconf 91' lang='lat' dir='ltr'>nos</span> <span class='ocrx_word' id='word_1_86' title='bbox 667 645 805 679; x_wconf 86' lang='lat' dir='ltr'>Latinos</span> <span class='ocrx_word' id='word_1_87' title='bbox 814 669 825 685; x_wconf 91' lang='lat'>,</span> <span class='ocrx_word' id='word_1_88' title='bbox 852 653 935 687; x_wconf 87' lang='lat' dir='ltr'>quos</span> <span class='ocrx_word' id='word_1_89' title='bbox 950 639 1115 674; x_wconf 65' lang='lat' dir='ltr'>haereticos</span> 
     </span>
     <span class='ocr_line' id='line_1_14' title="bbox 235 688 1115 733; baseline -0.013 -2"><span class='ocrx_word' id='word_1_90' title='bbox 235 698 272 731; x_wconf 76' lang='grc' dir='ltr'>,ἀ</span> <span class='ocrx_word' id='word_1_91' title='bbox 284 696 488 731; x_wconf 84' lang='lat' dir='ltr'>anathemate</span> <span class='ocrx_word' id='word_1_92' title='bbox 508 694 680 730; x_wconf 89' lang='lat' dir='ltr'>damnatos</span> <span class='ocrx_word' id='word_1_93' title='bbox 706 694 835 729; x_wconf 86' lang='lat' dir='ltr'>volebat</span> <span class='ocrx_word' id='word_1_94' title='bbox 848 718 859 733; x_wconf 92' lang='lat'>‚</span> <span class='ocrx_word' id='word_1_95' title='bbox 886 690 1011 726; x_wconf 88' lang='lat' dir='ltr'>censuit</span> <span class='ocrx_word' id='word_1_96' title='bbox 1033 688 1115 722; x_wconf 87' lang='lat' dir='ltr'>defe-</span> 
     </span>
     <span class='ocr_line' id='line_1_15' title="bbox 240 739 1115 790; baseline -0.002 -10"><span class='ocrx_word' id='word_1_97' title='bbox 240 747 318 780; x_wconf 78' lang='lat' dir='ltr'>cisse</span> <span class='ocrx_word' id='word_1_98' title='bbox 343 745 521 780; x_wconf 70' lang='lat' dir='ltr'>Ecclesiam</span> <span class='ocrx_word' id='word_1_99' title='bbox 542 768 554 784; x_wconf 88' lang='lat'><em>‚</em></span> <span class='ocrx_word' id='word_1_100' title='bbox 579 745 767 790; x_wconf 86' lang='lat' dir='ltr'>legitimum</span> <span class='ocrx_word' id='word_1_101' title='bbox 803 739 1026 781; x_wconf 77' lang='lat' dir='ltr'>Sacerdotium</span> <span class='ocrx_word' id='word_1_102' title='bbox 1047 763 1057 778; x_wconf 74' lang='lat'>²</span> <span class='ocrx_word' id='word_1_103' title='bbox 1082 739 1115 772; x_wconf 87' lang='lat'>&amp;</span> 
     </span>
     <span class='ocr_line' id='line_1_16' title="bbox 237 792 855 839; baseline -0.01 -9"><span class='ocrx_word' id='word_1_104' title='bbox 237 807 316 830; x_wconf 86' lang='lat' dir='ltr'>cum</span> <span class='ocrx_word' id='word_1_105' title='bbox 327 795 496 839; x_wconf 90' lang='lat' dir='ltr'>Baptismo</span> <span class='ocrx_word' id='word_1_106' title='bbox 509 794 627 829; x_wconf 85' lang='lat' dir='ltr'>verum</span> <span class='ocrx_word' id='word_1_107' title='bbox 637 792 837 829; x_wconf 76' lang='lat' dir='ltr'>Sacrificium</span> <span class='ocrx_word' id='word_1_108' title='bbox 847 817 855 824; x_wconf 88' lang='lat'>.</span> 
     </span>
    </p>

    <p class='ocr_par' dir='ltr' id='par_1_4' title="bbox 239 838 1167 2973">
     <span class='ocr_line' id='line_1_17' title="bbox 291 838 1117 879; baseline -0.01 0"><span class='ocrx_word' id='word_1_109' title='bbox 291 845 348 878; x_wconf 87' lang='lat' dir='ltr'>An</span> <span class='ocrx_word' id='word_1_110' title='bbox 361 844 421 879; x_wconf 89' lang='lat' dir='ltr'>hos</span> <span class='ocrx_word' id='word_1_111' title='bbox 440 856 562 879; x_wconf 85' lang='lat' dir='ltr'>errores</span> <span class='ocrx_word' id='word_1_112' title='bbox 572 843 758 878; x_wconf 75' lang='lat' dir='ltr'>cardinalis</span> <span class='ocrx_word' id='word_1_113' title='bbox 771 839 976 875; x_wconf 87' lang='lat' dir='ltr'>Humbertus</span> <span class='ocrx_word' id='word_1_114' title='bbox 988 838 1117 873; x_wconf 87' lang='lat' dir='ltr'>damna-</span> 
     </span>
     <span class='ocr_line' id='line_1_18' title="bbox 239 890 1118 936; baseline -0.009 -6"><span class='ocrx_word' id='word_1_115' title='bbox 239 896 345 936; x_wconf 81' lang='lat' dir='ltr'>verit,</span> <span class='ocrx_word' id='word_1_116' title='bbox 370 905 440 929; x_wconf 89' lang='lat' dir='ltr'>non</span> <span class='ocrx_word' id='word_1_117' title='bbox 460 892 556 936; x_wconf 76' lang='lat' dir='ltr'>plene</span> <span class='ocrx_word' id='word_1_118' title='bbox 576 891 706 925; x_wconf 89' lang='lat' dir='ltr'>constat</span> <span class='ocrx_word' id='word_1_119' title='bbox 722 916 729 923; x_wconf 92' lang='lat'><strong>.</strong></span> <span class='ocrx_word' id='word_1_120' title='bbox 756 891 801 924; x_wconf 89' lang='lat' dir='ltr'>Et</span> <span class='ocrx_word' id='word_1_121' title='bbox 825 890 909 924; x_wconf 78' lang='lat' dir='ltr'>certe</span> <span class='ocrx_word' id='word_1_122' title='bbox 928 891 951 923; x_wconf 84' lang='lat' dir='ltr'><strong>fi</strong></span> <span class='ocrx_word' id='word_1_123' title='bbox 974 890 1118 923; x_wconf 88' lang='lat' dir='ltr'>damnas-</span> 
     </span>
     <span class='ocr_line' id='line_1_19' title="bbox 239 937 1117 987; baseline -0.009 -8"><span class='ocrx_word' id='word_1_124' title='bbox 239 945 310 985; x_wconf 82' lang='lat' dir='ltr'>set,</span> <span class='ocrx_word' id='word_1_125' title='bbox 334 941 503 987; x_wconf 86' lang='lat' dir='ltr'>quomodo</span> <span class='ocrx_word' id='word_1_126' title='bbox 527 940 603 975; x_wconf 86' lang='lat' dir='ltr'>illos</span> <span class='ocrx_word' id='word_1_127' title='bbox 625 940 733 984; x_wconf 76' lang='lat' dir='ltr'>postea</span> <span class='ocrx_word' id='word_1_128' title='bbox 755 940 869 974; x_wconf 86' lang='lat' dir='ltr'>Petrus</span> <span class='ocrx_word' id='word_1_129' title='bbox 892 937 1117 978; x_wconf 86' lang='lat' dir='ltr'>Lombardus‚</span> 
     </span>
     <span class='ocr_line' id='line_1_20' title="bbox 240 989 1117 1034; baseline -0.008 -6"><span class='ocrx_word' id='word_1_130' title='bbox 240 993 358 1029; x_wconf 80' lang='lat' dir='ltr'>Petrus</span> <span class='ocrx_word' id='word_1_131' title='bbox 381 991 610 1031; x_wconf 70' lang='lat' dir='ltr'>pictaviensis,</span> <span class='ocrx_word' id='word_1_132' title='bbox 634 989 968 1034; x_wconf 67' lang='grc' dir='ltr'><strong><em>Ηυςο-Υἰᾶοτίηυς,</em></strong></span> <span class='ocrx_word' id='word_1_133' title='bbox 991 989 1117 1022; x_wconf 84' lang='lat' dir='ltr'>&amp;simi-</span> 
     </span>
     <span class='ocr_line' id='line_1_21' title="bbox 240 1038 1119 1083; baseline -0.005 -7"><span class='ocrx_word' id='word_1_134' title='bbox 240 1043 289 1079; x_wconf 87' lang='lat' dir='ltr'>les</span> <span class='ocrx_word' id='word_1_135' title='bbox 299 1041 405 1075; x_wconf 79' lang='lat' dir='ltr'>latina:</span> <span class='ocrx_word' id='word_1_136' title='bbox 416 1040 563 1079; x_wconf 70' lang='lat' dir='ltr'>Ecclesiae</span> <span class='ocrx_word' id='word_1_137' title='bbox 574 1040 734 1075; x_wconf 64' lang='lat' dir='ltr'>Doctores</span> <span class='ocrx_word' id='word_1_138' title='bbox 754 1040 998 1083; x_wconf 72' lang='lat' dir='ltr'>perseverassent</span> <span class='ocrx_word' id='word_1_139' title='bbox 1016 1038 1119 1072; x_wconf 83' lang='lat' dir='ltr'>trade-</span> 
     </span>
     <span class='ocr_line' id='line_1_22' title="bbox 242 1089 1120 1135; baseline -0.002 -10"><span class='ocrx_word' id='word_1_140' title='bbox 242 1093 301 1129; x_wconf 77' lang='lat' dir='ltr'>re?</span> <span class='ocrx_word' id='word_1_141' title='bbox 327 1090 372 1126; x_wconf 92' lang='lat' dir='ltr'>Et</span> <span class='ocrx_word' id='word_1_142' title='bbox 392 1090 481 1135; x_wconf 77' lang='lat' dir='ltr'>quod</span> <span class='ocrx_word' id='word_1_143' title='bbox 494 1089 674 1125; x_wconf 88' lang='lat' dir='ltr'>Humberti</span> <span class='ocrx_word' id='word_1_144' title='bbox 696 1100 842 1133; x_wconf 87' lang='lat' dir='ltr'>tempore</span> <span class='ocrx_word' id='word_1_145' title='bbox 862 1091 996 1124; x_wconf 70' lang='lat' dir='ltr'>cunstos</span> <span class='ocrx_word' id='word_1_146' title='bbox 1018 1089 1120 1123; x_wconf 87' lang='lat' dir='ltr'>Simo-</span> 
     </span>
     <span class='ocr_line' id='line_1_23' title="bbox 241 1138 1120 1185; baseline -0.006 -8"><span class='ocrx_word' id='word_1_147' title='bbox 241 1144 355 1178; x_wconf 84' lang='lat' dir='ltr'>niacos</span> <span class='ocrx_word' id='word_1_148' title='bbox 375 1139 474 1185; x_wconf 86' lang='lat' dir='ltr'>aliqui</span> <span class='ocrx_word' id='word_1_149' title='bbox 495 1140 679 1175; x_wconf 87' lang='lat' dir='ltr'>censuerint</span> <span class='ocrx_word' id='word_1_150' title='bbox 703 1139 889 1179; x_wconf 86' lang='lat' dir='ltr'>haereticos,</span> <span class='ocrx_word' id='word_1_151' title='bbox 918 1138 1057 1182; x_wconf 88' lang='lat' dir='ltr'>ideoque</span> <span class='ocrx_word' id='word_1_152' title='bbox 1067 1138 1120 1172; x_wconf 90' lang='lat' dir='ltr'>da-</span> 
     </span>
     <span class='ocr_line' id='line_1_24' title="bbox 246 1187 1121 1230; baseline -0.006 -4"><span class='ocrx_word' id='word_1_153' title='bbox 246 1202 302 1227; x_wconf 82' lang='lat' dir='ltr'>tos</span> <span class='ocrx_word' id='word_1_154' title='bbox 310 1190 428 1226; x_wconf 90' lang='lat' dir='ltr'>abillis</span> <span class='ocrx_word' id='word_1_155' title='bbox 446 1189 578 1225; x_wconf 84' lang='lat' dir='ltr'>ordines</span> <span class='ocrx_word' id='word_1_156' title='bbox 601 1191 787 1225; x_wconf 80' lang='lat' dir='ltr'>iteraverint</span> <span class='ocrx_word' id='word_1_157' title='bbox 800 1215 811 1230; x_wconf 89' lang='lat'><strong><em>,</em></strong></span> <span class='ocrx_word' id='word_1_158' title='bbox 837 1189 883 1224; x_wconf 90' lang='lat' dir='ltr'>est</span> <span class='ocrx_word' id='word_1_159' title='bbox 903 1190 961 1224; x_wconf 90' lang='lat' dir='ltr'>suo</span> <span class='ocrx_word' id='word_1_160' title='bbox 982 1189 1058 1222; x_wconf 90' lang='lat' dir='ltr'>loco</span> <span class='ocrx_word' id='word_1_161' title='bbox 1069 1187 1121 1222; x_wconf 88' lang='lat' dir='ltr'>de-</span> 
     </span>
     <span class='ocr_line' id='line_1_25' title="bbox 245 1237 1121 1284; baseline -0.008 -7"><span class='ocrx_word' id='word_1_162' title='bbox 245 1242 463 1277; x_wconf 83' lang='lat' dir='ltr'>monstratum</span> <span class='ocrx_word' id='word_1_163' title='bbox 488 1265 495 1272; x_wconf 92' lang='lat'><strong>.</strong></span> <span class='ocrx_word' id='word_1_164' title='bbox 522 1240 566 1275; x_wconf 89' lang='lat' dir='ltr'>Et</span> <span class='ocrx_word' id='word_1_165' title='bbox 592 1239 679 1284; x_wconf 76' lang='lat' dir='ltr'>quod</span> <span class='ocrx_word' id='word_1_166' title='bbox 711 1239 897 1275; x_wconf 86' lang='lat' dir='ltr'>Florentini</span> <span class='ocrx_word' id='word_1_167' title='bbox 919 1237 1080 1276; x_wconf 90' lang='lat' dir='ltr'>Monachi</span> <span class='ocrx_word' id='word_1_168' title='bbox 1103 1238 1121 1270; x_wconf 77' lang='lat' dir='ltr'>a</span> 
     </span>
     <span class='ocr_line' id='line_1_26' title="bbox 243 1288 1122 1335; baseline -0.007 -9"><span class='ocrx_word' id='word_1_169' title='bbox 243 1292 306 1326; x_wconf 81' lang='lat' dir='ltr'>fiio</span> <span class='ocrx_word' id='word_1_170' title='bbox 325 1291 506 1326; x_wconf 82' lang='lat' dir='ltr'>simoniaco</span> <span class='ocrx_word' id='word_1_171' title='bbox 531 1315 542 1332; x_wconf 96' lang='lat'>‚</span> <span class='ocrx_word' id='word_1_172' title='bbox 568 1290 707 1335; x_wconf 89' lang='lat' dir='ltr'>ideoque</span> <span class='ocrx_word' id='word_1_173' title='bbox 729 1290 764 1325; x_wconf 68' lang='grc' dir='ltr'>ὃς</span> <span class='ocrx_word' id='word_1_174' title='bbox 784 1288 934 1324; x_wconf 81' lang='lat' dir='ltr'>haeretico</span> <span class='ocrx_word' id='word_1_175' title='bbox 957 1290 1122 1331; x_wconf 85' lang='lat' dir='ltr'>Episcopo</span> 
     </span>
     <span class='ocr_line' id='line_1_27' title="bbox 246 1339 1123 1385; baseline -0.006 -10"><span class='ocrx_word' id='word_1_176' title='bbox 246 1342 355 1385; x_wconf 83' lang='lat' dir='ltr'>palam</span> <span class='ocrx_word' id='word_1_177' title='bbox 366 1340 577 1375; x_wconf 77' lang='lat' dir='ltr'>clamaverint</span> <span class='ocrx_word' id='word_1_178' title='bbox 589 1352 648 1375; x_wconf 87' lang='lat' dir='ltr'>nec</span> <span class='ocrx_word' id='word_1_179' title='bbox 659 1339 808 1374; x_wconf 84' lang='lat' dir='ltr'>Chrisma</span> <span class='ocrx_word' id='word_1_180' title='bbox 819 1340 907 1384; x_wconf 83' lang='lat' dir='ltr'>poffe</span> <span class='ocrx_word' id='word_1_181' title='bbox 918 1339 1049 1377; x_wconf 88' lang='lat' dir='ltr'>confici,</span> <span class='ocrx_word' id='word_1_182' title='bbox 1064 1349 1123 1371; x_wconf 89' lang='lat' dir='ltr'>nec</span> 
     </span>
     <span class='ocr_line' id='line_1_28' title="bbox 245 1389 1121 1431; baseline -0.006 -6"><span class='ocrx_word' id='word_1_183' title='bbox 245 1391 484 1426; x_wconf 83' lang='lat' dir='ltr'>Eucharistiam</span> <span class='ocrx_word' id='word_1_184' title='bbox 495 1390 672 1431; x_wconf 82' lang='lat' dir='ltr'>celebrari,</span> <span class='ocrx_word' id='word_1_185' title='bbox 698 1402 758 1425; x_wconf 82' lang='lat' dir='ltr'>nec</span> <span class='ocrx_word' id='word_1_186' title='bbox 784 1389 925 1424; x_wconf 79' lang='lat' dir='ltr'>dedicari</span> <span class='ocrx_word' id='word_1_187' title='bbox 944 1389 1121 1428; x_wconf 84' lang='lat' dir='ltr'>Ecclefias,</span> 
     </span>
     <span class='ocr_line' id='line_1_29' title="bbox 244 1437 1124 1481; baseline -0.006 -6"><span class='ocrx_word' id='word_1_188' title='bbox 244 1441 480 1475; x_wconf 80' lang='lat' dir='ltr'>nec·C1eric0s</span> <span class='ocrx_word' id='word_1_189' title='bbox 506 1441 684 1474; x_wconf 85' lang='lat' dir='ltr'>consecrari</span> <span class='ocrx_word' id='word_1_190' title='bbox 711 1465 722 1481; x_wconf 90' lang='lat'><em>‚</em></span> <span class='ocrx_word' id='word_1_191' title='bbox 749 1439 871 1474; x_wconf 88' lang='lat' dir='ltr'>ibidem</span> <span class='ocrx_word' id='word_1_192' title='bbox 898 1438 1080 1473; x_wconf 89' lang='lat' dir='ltr'>audivimus</span> <span class='ocrx_word' id='word_1_193' title='bbox 1106 1437 1124 1469; x_wconf 71' lang='grc' dir='ltr'>ὲ</span> 
     </span>
     <span class='ocr_line' id='line_1_30' title="bbox 247 1487 1124 1529; baseline -0.007 -5"><span class='ocrx_word' id='word_1_194' title='bbox 247 1491 366 1526; x_wconf 71' lang='grc' dir='ltr'>διυᾶο</span> <span class='ocrx_word' id='word_1_195' title='bbox 377 1490 479 1525; x_wconf 77' lang='lat' dir='ltr'>Petro</span> <span class='ocrx_word' id='word_1_196' title='bbox 487 1489 646 1524; x_wconf 85' lang='lat' dir='ltr'>Damiani</span> <span class='ocrx_word' id='word_1_197' title='bbox 658 1515 666 1521; x_wconf 90' lang='lat'><strong>.</strong></span> <span class='ocrx_word' id='word_1_198' title='bbox 694 1489 738 1523; x_wconf 90' lang='lat' dir='ltr'>Et</span> <span class='ocrx_word' id='word_1_199' title='bbox 749 1489 789 1524; x_wconf 92' lang='lat' dir='ltr'>de</span> <span class='ocrx_word' id='word_1_200' title='bbox 799 1489 950 1524; x_wconf 86' lang='lat' dir='ltr'>fidelibus</span> <span class='ocrx_word' id='word_1_201' title='bbox 961 1499 1040 1521; x_wconf 87' lang='lat' dir='ltr'>tunc</span> <span class='ocrx_word' id='word_1_202' title='bbox 1060 1487 1124 1529; x_wconf 87' lang='lat' dir='ltr'>pas—</span> 
     </span>
     <span class='ocr_line' id='line_1_31' title="bbox 245 1536 1127 1586; baseline -0.009 -12"><span class='ocrx_word' id='word_1_203' title='bbox 245 1540 304 1576; x_wconf 84' lang='lat' dir='ltr'>fim</span> <span class='ocrx_word' id='word_1_204' title='bbox 313 1540 467 1585; x_wconf 88' lang='lat' dir='ltr'>populis,</span> <span class='ocrx_word' id='word_1_205' title='bbox 491 1541 550 1586; x_wconf 85' lang='lat' dir='ltr'>qui</span> <span class='ocrx_word' id='word_1_206' title='bbox 569 1541 822 1583; x_wconf 86' lang='lat' dir='ltr'>conjugatorum</span> <span class='ocrx_word' id='word_1_207' title='bbox 849 1536 1058 1571; x_wconf 86' lang='lat' dir='ltr'>Sacerdotum</span> <span class='ocrx_word' id='word_1_208' title='bbox 1083 1536 1127 1567; x_wconf 89' lang='lat' dir='ltr'>sa-</span> 
     </span>
     <span class='ocr_line' id='line_1_32' title="bbox 245 1583 1126 1624; baseline -0.009 0"><span class='ocrx_word' id='word_1_209' title='bbox 245 1591 367 1624; x_wconf 87' lang='lat' dir='ltr'>crificia</span> <span class='ocrx_word' id='word_1_210' title='bbox 393 1590 429 1624; x_wconf 83' lang='lat'>&amp;</span> <span class='ocrx_word' id='word_1_211' title='bbox 448 1590 657 1622; x_wconf 76' lang='lat' dir='ltr'>Sacramenta</span> <span class='ocrx_word' id='word_1_212' title='bbox 668 1585 898 1620; x_wconf 85' lang='lat' dir='ltr'>aversabantur</span> <span class='ocrx_word' id='word_1_213' title='bbox 922 1596 963 1619; x_wconf 86' lang='lat' dir='ltr'>ex</span> <span class='ocrx_word' id='word_1_214' title='bbox 976 1583 1126 1617; x_wconf 83' lang='lat' dir='ltr'>Decretis</span> 
     </span>
     <span class='ocr_line' id='line_1_33' title="bbox 245 1634 1126 1683; baseline -0.011 -10"><span class='ocrx_word' id='word_1_215' title='bbox 245 1637 400 1683; x_wconf 83' lang='lat' dir='ltr'>Gregorii</span> <span class='ocrx_word' id='word_1_216' title='bbox 413 1637 541 1680; x_wconf 74' lang='lat' dir='ltr'>septimi</span> <span class='ocrx_word' id='word_1_217' title='bbox 553 1660 565 1677; x_wconf 93' lang='lat'>,</span> <span class='ocrx_word' id='word_1_218' title='bbox 591 1634 701 1670; x_wconf 84' lang='lat' dir='ltr'>scribit</span> <span class='ocrx_word' id='word_1_219' title='bbox 713 1635 896 1677; x_wconf 75' lang='lat' dir='ltr'>sigibertus</span> <span class='ocrx_word' id='word_1_220' title='bbox 908 1634 1126 1666; x_wconf 88' lang='lat' dir='ltr'>Gemblacen-</span> 
     </span>
     <span class='ocr_line' id='line_1_34' title="bbox 247 1681 1126 1727; baseline -0.011 -6"><span class='ocrx_word' id='word_1_221' title='bbox 247 1689 305 1723; x_wconf 81' lang='lat' dir='ltr'>fis:</span> <span class='ocrx_word' id='word_1_222' title='bbox 333 1690 419 1721; x_wconf 72' lang='lat' dir='ltr'>Lam</span> <span class='ocrx_word' id='word_1_223' title='bbox 427 1694 529 1727; x_wconf 76' lang='lat' dir='ltr'>corpus</span> <span class='ocrx_word' id='word_1_224' title='bbox 548 1689 669 1717; x_wconf 67' lang='lat' dir='ltr'>Domini</span> <span class='ocrx_word' id='word_1_225' title='bbox 694 1685 714 1716; x_wconf 79' lang='grc' dir='ltr'><em>ἃ</em></span> <span class='ocrx_word' id='word_1_226' title='bbox 738 1681 940 1716; x_wconf 75' lang='lat' dir='ltr'>Sacerdotibus</span> <span class='ocrx_word' id='word_1_227' title='bbox 961 1683 1126 1724; x_wconf 83' lang='lat' dir='ltr'>conjugatis</span> 
     </span>
     <span class='ocr_line' id='line_1_35' title="bbox 248 1732 1130 1780; baseline -0.01 -9"><span class='ocrx_word' id='word_1_228' title='bbox 248 1736 446 1780; x_wconf 78' lang='lat' dir='ltr'>cons‘ecratum</span> <span class='ocrx_word' id='word_1_229' title='bbox 458 1733 541 1777; x_wconf 72' lang='lat' dir='ltr'>saepi?</span> <span class='ocrx_word' id='word_1_230' title='bbox 548 1735 678 1775; x_wconf 78' lang='lat' dir='ltr'>pedibas</span> <span class='ocrx_word' id='word_1_231' title='bbox 698 1732 903 1766; x_wconf 76' lang='lat' dir='ltr'>conculcarunt</span> <span class='ocrx_word' id='word_1_232' title='bbox 915 1755 926 1771; x_wconf 91' lang='lat'><strong>,</strong></span> <span class='ocrx_word' id='word_1_233' title='bbox 951 1732 986 1764; x_wconf 66' lang='lat'>&lt;5</span> <span class='ocrx_word' id='word_1_234' title='bbox 1003 1733 1130 1773; x_wconf 78' lang='lat' dir='ltr'>Sangui·-</span> 
     </span>
     <span class='ocr_line' id='line_1_36' title="bbox 250 1779 1152 1824; baseline -0.009 -3"><span class='ocrx_word' id='word_1_235' title='bbox 250 1798 318 1821; x_wconf 84' lang='lat' dir='ltr'>nem</span> <span class='ocrx_word' id='word_1_236' title='bbox 330 1790 452 1819; x_wconf 75' lang='lat' dir='ltr'>Domini</span> <span class='ocrx_word' id='word_1_237' title='bbox 464 1785 632 1818; x_wconf 64' lang='lat' dir='ltr'>voluntarie*</span> <span class='ocrx_word' id='word_1_238' title='bbox 641 1782 805 1824; x_wconf 74' lang='lat' dir='ltr'>effuderunt</span> <span class='ocrx_word' id='word_1_239' title='bbox 816 1807 823 1814; x_wconf 94' lang='lat'><strong><em>.</em></strong></span> <span class='ocrx_word' id='word_1_240' title='bbox 852 1779 981 1824; x_wconf 71' lang='lat' dir='ltr'>Nempe</span> <span class='ocrx_word' id='word_1_241' title='bbox 993 1780 1128 1822; x_wconf 91' lang='lat' dir='ltr'>Presby-</span> <span class='ocrx_word' id='word_1_242' title='bbox 1150 1783 1152 1786; x_wconf 82' lang='grc'>’</span> 
     </span>
     <span class='ocr_line' id='line_1_37' title="bbox 250 1830 1130 1872; baseline -0.01 -1"><span class='ocrx_word' id='word_1_243' title='bbox 250 1847 339 1872; x_wconf 84' lang='lat' dir='ltr'>teros</span> <span class='ocrx_word' id='word_1_244' title='bbox 364 1834 437 1869; x_wconf 88' lang='lat' dir='ltr'>illos</span> <span class='ocrx_word' id='word_1_245' title='bbox 457 1833 623 1868; x_wconf 87' lang='lat' dir='ltr'>habebant</span> <span class='ocrx_word' id='word_1_246' title='bbox 648 1843 686 1867; x_wconf 93' lang='lat' dir='ltr'>ut</span> <span class='ocrx_word' id='word_1_247' title='bbox 708 1833 880 1866; x_wconf 88' lang='lat' dir='ltr'>damnatos</span> <span class='ocrx_word' id='word_1_248' title='bbox 901 1830 942 1864; x_wconf 89' lang='lat' dir='ltr'>ab</span> <span class='ocrx_word' id='word_1_249' title='bbox 966 1830 1130 1870; x_wconf 87' lang='lat' dir='ltr'>Ecclefia,</span> 
     </span>
     <span class='ocr_line' id='line_1_38' title="bbox 251 1880 1130 1929; baseline -0.01 -8"><span class='ocrx_word' id='word_1_250' title='bbox 251 1887 392 1929; x_wconf 86' lang='lat' dir='ltr'>ideoque</span> <span class='ocrx_word' id='word_1_251' title='bbox 403 1884 547 1929; x_wconf 83' lang='lat' dir='ltr'>privatos</span> <span class='ocrx_word' id='word_1_252' title='bbox 571 1892 628 1918; x_wconf 85' lang='lat' dir='ltr'>aut</span> <span class='ocrx_word' id='word_1_253' title='bbox 640 1881 726 1917; x_wconf 71' lang='lat' dir='ltr'>certe</span> <span class='ocrx_word' id='word_1_254' title='bbox 735 1882 753 1916; x_wconf 76' lang='lat' dir='ltr'>a</span> <span class='ocrx_word' id='word_1_255' title='bbox 765 1882 922 1927; x_wconf 84' lang='lat' dir='ltr'>potestate</span> <span class='ocrx_word' id='word_1_256' title='bbox 936 1880 1040 1914; x_wconf 77' lang='lat' dir='ltr'>valide</span> <span class='ocrx_word' id='word_1_257' title='bbox 1053 1891 1130 1913; x_wconf 90' lang='lat' dir='ltr'>con-</span> 
     </span>
     <span class='ocr_line' id='line_1_39' title="bbox 251 1929 1130 1978; baseline -0.01 -6"><span class='ocrx_word' id='word_1_258' title='bbox 251 1933 399 1972; x_wconf 79' lang='lat' dir='ltr'>sectandi</span> <span class='ocrx_word' id='word_1_259' title='bbox 407 1934 577 1978; x_wconf 87' lang='lat' dir='ltr'>suspensos</span> <span class='ocrx_word' id='word_1_260' title='bbox 586 1933 671 1977; x_wconf 83' lang='lat' dir='ltr'>apud</span> <span class='ocrx_word' id='word_1_261' title='bbox 684 1932 846 1967; x_wconf 84' lang='lat' dir='ltr'>Divinam</span> <span class='ocrx_word' id='word_1_262' title='bbox 869 1931 969 1966; x_wconf 83' lang='lat' dir='ltr'>etiam</span> <span class='ocrx_word' id='word_1_263' title='bbox 981 1929 1130 1972; x_wconf 68' lang='lat' dir='ltr'>Maiesta-</span> 
     </span>
     <span class='ocr_line' id='line_1_40' title="bbox 250 1979 1132 2026; baseline -0.008 -5"><span class='ocrx_word' id='word_1_264' title='bbox 250 1995 340 2022; x_wconf 80' lang='lat' dir='ltr'>tem.</span> <span class='ocrx_word' id='word_1_265' title='bbox 366 1983 526 2018; x_wconf 81' lang='lat' dir='ltr'>Attamen</span> <span class='ocrx_word' id='word_1_266' title='bbox 537 1985 652 2017; x_wconf 86' lang='lat' dir='ltr'>veritas</span> <span class='ocrx_word' id='word_1_267' title='bbox 675 1994 844 2026; x_wconf 87' lang='lat' dir='ltr'>nunquam</span> <span class='ocrx_word' id='word_1_268' title='bbox 867 1982 970 2016; x_wconf 86' lang='lat' dir='ltr'>caruit</span> <span class='ocrx_word' id='word_1_269' title='bbox 993 1979 1058 2015; x_wconf 85' lang='lat' dir='ltr'>suis</span> <span class='ocrx_word' id='word_1_270' title='bbox 1081 1993 1132 2024; x_wconf 87' lang='lat' dir='ltr'>pa-</span> 
     </span>
     <span class='ocr_line' id='line_1_41' title="bbox 251 2031 1132 2077; baseline -0.007 -7"><span class='ocrx_word' id='word_1_271' title='bbox 251 2035 375 2072; x_wconf 82' lang='lat' dir='ltr'>tronis.</span> <span class='ocrx_word' id='word_1_272' title='bbox 402 2033 448 2067; x_wconf 89' lang='lat' dir='ltr'>Et</span> <span class='ocrx_word' id='word_1_273' title='bbox 470 2034 562 2067; x_wconf 59' lang='lat' dir='ltr'>inter*</span> <span class='ocrx_word' id='word_1_274' title='bbox 577 2031 637 2067; x_wconf 87' lang='lat' dir='ltr'>hos</span> <span class='ocrx_word' id='word_1_275' title='bbox 659 2034 830 2077; x_wconf 87' lang='lat' dir='ltr'>generosus</span> <span class='ocrx_word' id='word_1_276' title='bbox 852 2032 989 2067; x_wconf 84' lang='lat' dir='ltr'>eminuit</span> <span class='ocrx_word' id='word_1_277' title='bbox 1001 2033 1132 2066; x_wconf 70' lang='lat' dir='ltr'>Sanetus</span> 
     </span>
     <span class='ocr_line' id='line_1_42' title="bbox 254 2082 1132 2125; baseline -0.007 -5"><span class='ocrx_word' id='word_1_278' title='bbox 254 2085 370 2120; x_wconf 82' lang='lat' dir='ltr'>Petrus</span> <span class='ocrx_word' id='word_1_279' title='bbox 389 2083 568 2125; x_wconf 76' lang='lat' dir='ltr'>Damiani.</span> <span class='ocrx_word' id='word_1_280' title='bbox 599 2084 643 2118; x_wconf 90' lang='lat' dir='ltr'>Et</span> <span class='ocrx_word' id='word_1_281' title='bbox 665 2083 699 2117; x_wconf 90' lang='lat' dir='ltr'>in</span> <span class='ocrx_word' id='word_1_282' title='bbox 721 2083 782 2117; x_wconf 85' lang='lat' dir='ltr'>suis</span> <span class='ocrx_word' id='word_1_283' title='bbox 806 2082 847 2117; x_wconf 90' lang='lat' dir='ltr'>ad</span> <span class='ocrx_word' id='word_1_284' title='bbox 873 2082 1132 2116; x_wconf 88' lang='lat' dir='ltr'>Constantinum</span> 
     </span>
     <span class='ocr_line' id='line_1_43' title="bbox 254 2131 1132 2177; baseline -0.005 -9"><span class='ocrx_word' id='word_1_285' title='bbox 254 2134 442 2170; x_wconf 86' lang='lat' dir='ltr'>Cabafilam</span> <span class='ocrx_word' id='word_1_286' title='bbox 475 2132 749 2177; x_wconf 85' lang='lat' dir='ltr'>Dyrrachiensem</span> <span class='ocrx_word' id='word_1_287' title='bbox 782 2132 1032 2176; x_wconf 83' lang='lat' dir='ltr'>Metropolitam</span> <span class='ocrx_word' id='word_1_288' title='bbox 1052 2131 1132 2165; x_wconf 84' lang='lat' dir='ltr'>Res·</span> 
     </span>
     <span class='ocr_line' id='line_1_44' title="bbox 254 2181 1133 2230; baseline -0.006 -11"><span class='ocrx_word' id='word_1_289' title='bbox 254 2184 361 2230; x_wconf 80' lang='lat' dir='ltr'>ponfis</span> <span class='ocrx_word' id='word_1_290' title='bbox 371 2183 492 2228; x_wconf 88' lang='lat' dir='ltr'>scripfit</span> <span class='ocrx_word' id='word_1_291' title='bbox 507 2184 606 2218; x_wconf 85' lang='lat' dir='ltr'>etiam</span> <span class='ocrx_word' id='word_1_292' title='bbox 621 2183 810 2218; x_wconf 87' lang='lat' dir='ltr'>Demetrius</span> <span class='ocrx_word' id='word_1_293' title='bbox 834 2181 1058 2216; x_wconf 89' lang='lat' dir='ltr'>Chomatenus</span> <span class='ocrx_word' id='word_1_294' title='bbox 1074 2181 1133 2215; x_wconf 85' lang='lat' dir='ltr'>Ar-</span> 
     </span>
     <span class='ocr_line' id='line_1_45' title="bbox 254 2232 1136 2279; baseline -0.008 -9"><span class='ocrx_word' id='word_1_295' title='bbox 254 2233 482 2278; x_wconf 86' lang='lat' dir='ltr'>chiepiscopus</span> <span class='ocrx_word' id='word_1_296' title='bbox 493 2234 672 2279; x_wconf 81' lang='lat' dir='ltr'>Bulgariae:</span> <span class='ocrx_word' id='word_1_297' title='bbox 699 2237 906 2268; x_wconf 79' lang='lat' dir='ltr'>Haereticorum</span> <span class='ocrx_word' id='word_1_298' title='bbox 923 2243 1038 2276; x_wconf 82' lang='lat' dir='ltr'>quoque</span> <span class='ocrx_word' id='word_1_299' title='bbox 1059 2232 1136 2264; x_wconf 78' lang='lat' dir='ltr'>ordi-</span> 
     </span>
     <span class='ocr_line' id='line_1_46' title="bbox 251 2283 1137 2326; baseline -0.006 -7"><span class='ocrx_word' id='word_1_300' title='bbox 251 2290 392 2319; x_wconf 62' lang='lat' dir='ltr'>nationes</span> <span class='ocrx_word' id='word_1_301' title='bbox 413 2283 454 2318; x_wconf 81' lang='lat' dir='ltr'>ab</span> <span class='ocrx_word' id='word_1_302' title='bbox 475 2283 656 2319; x_wconf 70' lang='lat' dir='ltr'>onbodoxis</span> <span class='ocrx_word' id='word_1_303' title='bbox 680 2290 862 2326; x_wconf 74' lang='lat' dir='ltr'>recipiuntur</span> <span class='ocrx_word' id='word_1_304' title='bbox 880 2285 977 2324; x_wconf 61' lang='lat' dir='ltr'>juxta</span> <span class='ocrx_word' id='word_1_305' title='bbox 1009 2285 1137 2315; x_wconf 75' lang='lat' dir='ltr'>Parrum</span> 
     </span>
     <span class='ocr_line' id='line_1_47' title="bbox 257 2331 1134 2376; baseline -0.006 -8"><span class='ocrx_word' id='word_1_306' title='bbox 257 2335 450 2368; x_wconf 72' lang='lat' dir='ltr'>traditionem</span> <span class='ocrx_word' id='word_1_307' title='bbox 465 2359 476 2375; x_wconf 91' lang='lat'><em>‚</em></span> <span class='ocrx_word' id='word_1_308' title='bbox 495 2333 526 2375; x_wconf 78' lang='lat' dir='ltr'><em>fi</em></span> <span class='ocrx_word' id='word_1_309' title='bbox 542 2334 708 2372; x_wconf 71' lang='lat' dir='ltr'>orthodoxi</span> <span class='ocrx_word' id='word_1_310' title='bbox 726 2334 788 2376; x_wconf 87' lang='lat' dir='ltr'>fint</span> <span class='ocrx_word' id='word_1_311' title='bbox 813 2335 866 2367; x_wconf 85' lang='lat' dir='ltr'>vel</span> <span class='ocrx_word' id='word_1_312' title='bbox 882 2333 963 2375; x_wconf 84' lang='lat' dir='ltr'>fiant</span> <span class='ocrx_word' id='word_1_313' title='bbox 986 2357 998 2372; x_wconf 91' lang='lat'><strong>,</strong></span> <span class='ocrx_word' id='word_1_314' title='bbox 1023 2338 1073 2375; x_wconf 69' lang='lat' dir='ltr'>qui</span> <span class='ocrx_word' id='word_1_315' title='bbox 1096 2331 1134 2363; x_wconf 84' lang='lat' dir='ltr'>ab</span> 
     </span>
     <span class='ocr_line' id='line_1_48' title="bbox 257 2381 1138 2428; baseline -0.003 -10"><span class='ocrx_word' id='word_1_316' title='bbox 257 2385 329 2418; x_wconf 75' lang='lat' dir='ltr'>alus</span> <span class='ocrx_word' id='word_1_317' title='bbox 339 2386 518 2421; x_wconf 64' lang='lat' dir='ltr'>ordinantur</span> <span class='ocrx_word' id='word_1_318' title='bbox 528 2409 536 2416; x_wconf 89' lang='lat'><strong>.</strong></span> <span class='ocrx_word' id='word_1_319' title='bbox 564 2385 609 2418; x_wconf 90' lang='lat' dir='ltr'>Et</span> <span class='ocrx_word' id='word_1_320' title='bbox 620 2383 776 2428; x_wconf 87' lang='lat' dir='ltr'>ejusmodi</span> <span class='ocrx_word' id='word_1_321' title='bbox 798 2385 903 2428; x_wconf 89' lang='lat' dir='ltr'>plures</span> <span class='ocrx_word' id='word_1_322' title='bbox 914 2383 1071 2416; x_wconf 61' lang='lat' dir='ltr'>Doilores</span> <span class='ocrx_word' id='word_1_323' title='bbox 1085 2381 1138 2415; x_wconf 85' lang='lat' dir='ltr'>ha·</span> 
     </span>
     <span class='ocr_line' id='line_1_49' title="bbox 257 2432 1137 2477; baseline -0.003 -9"><span class='ocrx_word' id='word_1_324' title='bbox 257 2434 331 2469; x_wconf 84' lang='lat' dir='ltr'>buit</span> <span class='ocrx_word' id='word_1_325' title='bbox 341 2444 420 2469; x_wconf 89' lang='lat' dir='ltr'>tunc</span> <span class='ocrx_word' id='word_1_326' title='bbox 432 2442 564 2477; x_wconf 86' lang='lat' dir='ltr'>utraque</span> <span class='ocrx_word' id='word_1_327' title='bbox 577 2435 740 2469; x_wconf 83' lang='lat' dir='ltr'>Ecclefia.</span> <span class='ocrx_word' id='word_1_328' title='bbox 769 2434 905 2468; x_wconf 87' lang='lat' dir='ltr'>Interim</span> <span class='ocrx_word' id='word_1_329' title='bbox 915 2432 1008 2477; x_wconf 88' lang='lat' dir='ltr'>plena</span> <span class='ocrx_word' id='word_1_330' title='bbox 1031 2433 1064 2466; x_wconf 91' lang='lat' dir='ltr'>in</span> <span class='ocrx_word' id='word_1_331' title='bbox 1079 2433 1137 2465; x_wconf 91' lang='lat' dir='ltr'>suo</span> 
     </span>
     <span class='ocr_line' id='line_1_50' title="bbox 259 2481 1138 2527; baseline -0.002 -10"><span class='ocrx_word' id='word_1_332' title='bbox 259 2484 356 2518; x_wconf 79' lang='lat' dir='ltr'>sensu</span> <span class='ocrx_word' id='word_1_333' title='bbox 367 2484 556 2518; x_wconf 87' lang='lat' dir='ltr'>abundandi</span> <span class='ocrx_word' id='word_1_334' title='bbox 578 2484 710 2520; x_wconf 85' lang='lat' dir='ltr'>licentia</span> <span class='ocrx_word' id='word_1_335' title='bbox 723 2484 892 2527; x_wconf 80' lang='lat' dir='ltr'>permansit</span> <span class='ocrx_word' id='word_1_336' title='bbox 902 2484 1003 2527; x_wconf 88' lang='lat' dir='ltr'>usque</span> <span class='ocrx_word' id='word_1_337' title='bbox 1019 2482 1059 2517; x_wconf 87' lang='lat' dir='ltr'>ad</span> <span class='ocrx_word' id='word_1_338' title='bbox 1072 2481 1138 2514; x_wconf 88' lang='lat' dir='ltr'>An-</span> 
     </span>
     <span class='ocr_line' id='line_1_51' title="bbox 259 2533 1140 2579; baseline -0.003 -12"><span class='ocrx_word' id='word_1_339' title='bbox 259 2533 403 2578; x_wconf 87' lang='lat' dir='ltr'>gelicum</span> <span class='ocrx_word' id='word_1_340' title='bbox 415 2535 617 2576; x_wconf 71' lang='lat' dir='ltr'>Dostorem,</span> <span class='ocrx_word' id='word_1_341' title='bbox 644 2534 701 2579; x_wconf 85' lang='lat' dir='ltr'>qui</span> <span class='ocrx_word' id='word_1_342' title='bbox 722 2535 846 2569; x_wconf 67' lang='lat' dir='ltr'>cunetis</span> <span class='ocrx_word' id='word_1_343' title='bbox 867 2533 999 2568; x_wconf 87' lang='lat' dir='ltr'>tandem</span> <span class='ocrx_word' id='word_1_344' title='bbox 1019 2533 1140 2576; x_wconf 89' lang='lat' dir='ltr'>persua-</span> 
     </span>
     <span class='ocr_line' id='line_1_52' title="bbox 263 2583 1140 2627; baseline -0.001 -11"><span class='ocrx_word' id='word_1_345' title='bbox 263 2584 301 2616; x_wconf 78' lang='lat' dir='ltr'>sit</span> <span class='ocrx_word' id='word_1_346' title='bbox 320 2583 478 2626; x_wconf 57' lang='lat' dir='ltr'>quaevis„</span> <span class='ocrx_word' id='word_1_347' title='bbox 515 2594 624 2627; x_wconf 82' lang='lat' dir='ltr'>praeter</span> <span class='ocrx_word' id='word_1_348' title='bbox 664 2584 986 2622; x_wconf 87' lang='lat' dir='ltr'>Reconciliationem</span> <span class='ocrx_word' id='word_1_349' title='bbox 1014 2607 1024 2623; x_wconf 94' lang='lat'>,</span> <span class='ocrx_word' id='word_1_350' title='bbox 1049 2583 1140 2615; x_wconf 71' lang='lat' dir='ltr'>extra</span> 
     </span>
     <span class='ocr_line' id='line_1_53' title="bbox 264 2632 1136 2670; baseline 0.001 -7"><span class='ocrx_word' id='word_1_351' title='bbox 264 2632 451 2666; x_wconf 77' lang='lat' dir='ltr'>Ecclesiam</span> <span class='ocrx_word' id='word_1_352' title='bbox 464 2632 539 2668; x_wconf 84' lang='lat' dir='ltr'>data</span> <span class='ocrx_word' id='word_1_353' title='bbox 561 2634 764 2669; x_wconf 81' lang='lat' dir='ltr'>Sacramenta</span> <span class='ocrx_word' id='word_1_354' title='bbox 789 2636 850 2670; x_wconf 82' lang='lat' dir='ltr'>effe</span> <span class='ocrx_word' id='word_1_355' title='bbox 872 2633 1136 2668; x_wconf 83' lang='lat' dir='ltr'>valida·&amp;rata.</span> 
     </span>
     <span class='ocr_line' id='line_1_54' title="bbox 266 2677 1139 2727; baseline -0.003 -9"><span class='ocrx_word' id='word_1_356' title='bbox 266 2680 312 2713; x_wconf 89' lang='lat' dir='ltr'>Et</span> <span class='ocrx_word' id='word_1_357' title='bbox 324 2677 452 2713; x_wconf 61' lang='lat' dir='ltr'>hoctst</span> <span class='ocrx_word' id='word_1_358' title='bbox 462 2686 565 2717; x_wconf 71' lang='lat' dir='ltr'>unum</span> <span class='ocrx_word' id='word_1_359' title='bbox 582 2694 626 2717; x_wconf 79' lang='lat' dir='ltr'>ex</span> <span class='ocrx_word' id='word_1_360' title='bbox 637 2684 707 2727; x_wconf 71' lang='lat' dir='ltr'>ejus</span> <span class='ocrx_word' id='word_1_361' title='bbox 717 2685 829 2719; x_wconf 88' lang='lat' dir='ltr'>multis</span> <span class='ocrx_word' id='word_1_362' title='bbox 852 2684 886 2717; x_wconf 88' lang='lat' dir='ltr'>in</span> <span class='ocrx_word' id='word_1_363' title='bbox 901 2683 1076 2717; x_wconf 83' lang='lat' dir='ltr'>Ecclesiam</span> <span class='ocrx_word' id='word_1_364' title='bbox 1088 2681 1139 2716; x_wconf 86' lang='lat' dir='ltr'>be-</span> 
     </span>
     <span class='ocr_line' id='line_1_55' title="bbox 267 2728 1167 2787; baseline -0.001 -23"><span class='ocrx_word' id='word_1_365' title='bbox 267 2729 410 2764; x_wconf 82' lang='lat' dir='ltr'>neficiis.</span> <span class='ocrx_word' id='word_1_366' title='bbox 436 2728 540 2763; x_wconf 78' lang='lat' dir='ltr'>Porro</span> <span class='ocrx_word' id='word_1_367' title='bbox 561 2731 705 2767; x_wconf 87' lang='lat' dir='ltr'>Michael</span> <span class='ocrx_word' id='word_1_368' title='bbox 727 2734 919 2770; x_wconf 85' lang='lat' dir='ltr'>Cerularius</span> <span class='ocrx_word' id='word_1_369' title='bbox 939 2744 1008 2766; x_wconf 90' lang='lat' dir='ltr'>non</span> <span class='ocrx_word' id='word_1_370' title='bbox 1035 2732 1140 2765; x_wconf 77' lang='lat' dir='ltr'>solum</span> <span class='ocrx_word' id='word_1_371' title='bbox 1154 2743 1167 2787; x_wconf 52' lang='grc' dir='ltr'>ἱ,</span> 
     </span>
     <span class='ocr_line' id='line_1_56' title="bbox 266 2778 1158 2830; baseline 0.002 -17"><span class='ocrx_word' id='word_1_372' title='bbox 266 2791 343 2815; x_wconf 90' lang='lat' dir='ltr'>cum</span> <span class='ocrx_word' id='word_1_373' title='bbox 356 2778 546 2814; x_wconf 87' lang='lat' dir='ltr'>Sacerdotio</span> <span class='ocrx_word' id='word_1_374' title='bbox 557 2780 757 2816; x_wconf 81' lang='lat' dir='ltr'>Sacrificium</span> <span class='ocrx_word' id='word_1_375' title='bbox 765 2793 786 2822; x_wconf 58' lang='lat' dir='ltr'>,s</span> <span class='ocrx_word' id='word_1_376' title='bbox 794 2783 856 2818; x_wconf 76' lang='lat' dir='ltr'>sed</span> <span class='ocrx_word' id='word_1_377' title='bbox 867 2784 964 2819; x_wconf 88' lang='lat' dir='ltr'>etiam</span> <span class='ocrx_word' id='word_1_378' title='bbox 980 2782 1142 2824; x_wconf 83' lang='lat' dir='ltr'>Baptisma</span> <span class='ocrx_word' id='word_1_379' title='bbox 1155 2790 1158 2830; x_wconf 59' lang='grc' dir='ltr'><strong>ι</strong></span> 
     </span>
     <span class='ocr_line' id='line_1_57' title="bbox 269 2827 1158 2872; baseline 0.001 -9"><span class='ocrx_word' id='word_1_380' title='bbox 269 2830 440 2866; x_wconf 83' lang='lat' dir='ltr'>blateravit</span> <span class='ocrx_word' id='word_1_381' title='bbox 451 2827 536 2872; x_wconf 90' lang='lat' dir='ltr'>apud</span> <span class='ocrx_word' id='word_1_382' title='bbox 548 2839 608 2863; x_wconf 87' lang='lat' dir='ltr'>nos</span> <span class='ocrx_word' id='word_1_383' title='bbox 617 2829 782 2865; x_wconf 80' lang='lat' dir='ltr'>defecisse:</span> <span class='ocrx_word' id='word_1_384' title='bbox 815 2833 963 2866; x_wconf 83' lang='lat' dir='ltr'>Imitatus</span> <span class='ocrx_word' id='word_1_385' title='bbox 974 2832 1144 2865; x_wconf 89' lang='lat' dir='ltr'>damnatos</span> <span class='ocrx_word' id='word_1_386' title='bbox 1156 2834 1158 2857; x_wconf 71' lang='lat' dir='ltr'>l</span> 
     </span>
     <span class='ocr_line' id='line_1_58' title="bbox 269 2879 1144 2916; baseline 0.001 -2"><span class='ocrx_word' id='word_1_387' title='bbox 269 2879 312 2915; x_wconf 88' lang='lat' dir='ltr'>ab</span> <span class='ocrx_word' id='word_1_388' title='bbox 333 2879 427 2913; x_wconf 90' lang='lat' dir='ltr'>omni</span> <span class='ocrx_word' id='word_1_389' title='bbox 449 2879 591 2913; x_wconf 82' lang='lat' dir='ltr'>Ecclesia</span> <span class='ocrx_word' id='word_1_390' title='bbox 612 2879 822 2915; x_wconf 83' lang='lat' dir='ltr'>Donatistas.</span> <span class='ocrx_word' id='word_1_391' title='bbox 854 2880 936 2914; x_wconf 91' lang='lat' dir='ltr'>Item</span> <span class='ocrx_word' id='word_1_392' title='bbox 958 2892 1073 2914; x_wconf 89' lang='lat' dir='ltr'>omnes</span> <span class='ocrx_word' id='word_1_393' title='bbox 1085 2893 1144 2916; x_wconf 93' lang='lat' dir='ltr'>nos</span> 
     </span>
     <span class='ocr_line' id='line_1_59' title="bbox 270 2928 1144 2973; baseline 0.001 -9"><span class='ocrx_word' id='word_1_394' title='bbox 270 2929 457 2964; x_wconf 78' lang='lat' dir='ltr'>asseveravit</span> <span class='ocrx_word' id='word_1_395' title='bbox 476 2928 642 2964; x_wconf 83' lang='lat' dir='ltr'>haereticos</span> <span class='ocrx_word' id='word_1_396' title='bbox 666 2955 673 2962; x_wconf 90' lang='lat'><strong><em>.</em></strong></span> <span class='ocrx_word' id='word_1_397' title='bbox 715 2930 795 2963; x_wconf 82' lang='lat' dir='ltr'>Haec</span> <span class='ocrx_word' id='word_1_398' title='bbox 817 2929 886 2973; x_wconf 86' lang='lat' dir='ltr'>ejus</span> <span class='ocrx_word' id='word_1_399' title='bbox 912 2929 979 2963; x_wconf 90' lang='lat' dir='ltr'>duo</span> <span class='ocrx_word' id='word_1_400' title='bbox 1000 2931 1144 2968; x_wconf 85' lang='lat' dir='ltr'>facinora</span> 
     </span>
    </p>
   </div>
   <div class='ocr_carea' id='block_1_4' title="bbox 272 2978 1045 3260">
    <p class='ocr_par' dir='ltr' id='par_1_5' title="bbox 272 2978 1045 3260">
     <span class='ocr_line' id='line_1_60' title="bbox 272 2978 1045 3028; baseline 0 -15"><span class='ocrx_word' id='word_1_401' title='bbox 272 2980 441 3028; x_wconf 79' lang='lat' dir='ltr'>praesertim</span> <span class='ocrx_word' id='word_1_402' title='bbox 450 2978 621 3017; x_wconf 84' lang='lat' dir='ltr'>damnavit</span> <span class='ocrx_word' id='word_1_403' title='bbox 632 2979 816 3018; x_wconf 78' lang='lat' dir='ltr'>Cardinali&#39;s</span> <span class='ocrx_word' id='word_1_404' title='bbox 825 2979 1045 3014; x_wconf 87' lang='lat' dir='ltr'>Humbertus.</span> 
     </span>
     <span class='ocr_line' id='line_1_61' title="bbox 596 3207 830 3260; baseline -0.009 0"><span class='ocrx_word' id='word_1_405' title='bbox 596 3207 830 3260; x_wconf 54' lang='lat' dir='ltr'>mss&amp;</span> 
     </span>
    </p>
   </div>
   <div class='ocr_carea' id='block_1_5' title="bbox 376 3376 829 3419">
    <p class='ocr_par' dir='ltr' id='par_1_6' title="bbox 376 3376 829 3419">
     <span class='ocr_line' id='line_1_62' title="bbox 376 3376 829 3419; baseline -0.007 -6"><span class='ocrx_word' id='word_1_406' title='bbox 376 3376 483 3419; x_wconf 71' lang='lat' dir='ltr'>Christ,</span> <span class='ocrx_word' id='word_1_407' title='bbox 496 3380 573 3419; x_wconf 76' lang='lat' dir='ltr'>Lupi</span> <span class='ocrx_word' id='word_1_408' title='bbox 586 3380 673 3419; x_wconf 80' lang='lat' dir='ltr'>oper.</span> <span class='ocrx_word' id='word_1_409' title='bbox 684 3379 765 3410; x_wconf 87' lang='lat' dir='ltr'>Tom.</span> <span class='ocrx_word' id='word_1_410' title='bbox 778 3381 829 3410; x_wconf 79' lang='lat' dir='ltr'>1r.</span> 
     </span>
    </p>
   </div>
   <div class='ocr_carea' id='block_1_6' title="bbox 1122 313 1160 2707">
    <p class='ocr_par' dir='ltr' id='par_1_7' title="bbox 1122 313 1160 2707">
     <span class='ocr_line' id='line_1_63' title="bbox 1122 313 1152 1804; baseline 0 -539"><span class='ocrx_word' id='word_1_411' title='bbox 1122 313 1152 1804; x_wconf 95' lang='lat' dir='ltr'>    </span> 
     </span>
     <span class='ocr_line' id='line_1_64' title="bbox 1136 1804 1160 2302; baseline 0 0"><span class='ocrx_word' id='word_1_412' title='bbox 1136 1804 1160 2302; x_wconf 95' lang='lat' dir='ltr'>  </span> 
     </span>
     <span class='ocr_line' id='line_1_65' title="bbox 1143 2302 1160 2707; baseline 0 1029"><span class='ocrx_word' id='word_1_413' title='bbox 1143 2302 1160 2707; x_wconf 95' lang='lat' dir='ltr'> </span> 
     </span>
    </p>
   </div>
   <div class='ocr_carea' id='block_1_7' title="bbox 1185 42 1791 109">
    <p class='ocr_par' dir='ltr' id='par_1_8' title="bbox 1185 42 1791 109">
     <span class='ocr_line' id='line_1_66' title="bbox 1185 42 1791 109; baseline -0.007 -9"><span class='ocrx_word' id='word_1_414' title='bbox 1185 56 1418 109; x_wconf 78' lang='lat' dir='ltr'>NoNi</span> <span class='ocrx_word' id='word_1_415' title='bbox 1488 42 1791 103; x_wconf 68' lang='lat' dir='ltr'>Acris.</span> 
     </span>
    </p>
   </div>
   <div class='ocr_carea' id='block_1_8' title="bbox 1879 68 1976 119">
    <p class='ocr_par' dir='ltr' id='par_1_9' title="bbox 1879 68 1976 119">
     <span class='ocr_line' id='line_1_67' title="bbox 1879 68 1976 119; baseline -0.041 0"><span class='ocrx_word' id='word_1_416' title='bbox 1879 68 1976 119; x_wconf 74' lang='lat'>417</span> 
     </span>
    </p>
   </div>
   <div class='ocr_carea' id='block_1_9' title="bbox 1338 210 1884 268">
    <p class='ocr_par' dir='ltr' id='par_1_10' title="bbox 1338 210 1884 268">
     <span class='ocr_line' id='line_1_68' title="bbox 1338 210 1884 268; baseline -0.009 -1"><span class='ocrx_word' id='word_1_417' title='bbox 1338 210 1755 268; x_wconf 85' lang='lat' dir='ltr'>CRIMEN</span> <span class='ocrx_word' id='word_1_418' title='bbox 1824 214 1884 262; x_wconf 77' lang='lat' dir='ltr'>V.</span> 
     </span>
    </p>
   </div>
   <div class='ocr_carea' id='block_1_10' title="bbox 1243 366 1980 631">
    <p class='ocr_par' dir='ltr' id='par_1_11' title="bbox 1243 366 1980 579">
     <span class='ocr_line' id='line_1_69' title="bbox 1243 366 1980 434; baseline -0.009 -13"><span class='ocrx_word' id='word_1_419' title='bbox 1243 377 1366 421; x_wconf 75' lang='lat' dir='ltr'>Graeci</span> <span class='ocrx_word' id='word_1_420' title='bbox 1400 409 1413 432; x_wconf 82' lang='grc'>,</span> <span class='ocrx_word' id='word_1_421' title='bbox 1450 387 1491 417; x_wconf 83' lang='lat' dir='ltr'>ut</span> <span class='ocrx_word' id='word_1_422' title='bbox 1526 368 1749 434; x_wconf 60' lang='lat' dir='ltr'>Nicolaitae</span> <span class='ocrx_word' id='word_1_423' title='bbox 1765 404 1778 428; x_wconf 83' lang='grc'>,</span> <span class='ocrx_word' id='word_1_424' title='bbox 1814 366 1980 415; x_wconf 76' lang='lat' dir='ltr'>carnales</span> 
     </span>
     <span class='ocr_line' id='line_1_70' title="bbox 1311 437 1913 510; baseline -0.008 -21"><span class='ocrx_word' id='word_1_425' title='bbox 1311 447 1460 510; x_wconf 75' lang='lat' dir='ltr'>nuptias</span> <span class='ocrx_word' id='word_1_426' title='bbox 1495 439 1687 487; x_wconf 76' lang='lat' dir='ltr'>concedunt</span> <span class='ocrx_word' id='word_1_427' title='bbox 1704 450 1721 498; x_wconf 78' lang='grc'>’,</span> <span class='ocrx_word' id='word_1_428' title='bbox 1758 443 1817 484; x_wconf 68' lang='lat'>&lt;9⁸</span> <span class='ocrx_word' id='word_1_429' title='bbox 1851 437 1913 485; x_wconf 68' lang='lat' dir='ltr'>tile.-r</span> 
     </span>
     <span class='ocr_line' id='line_1_71' title="bbox 1357 506 1843 579; baseline -0.008 -21"><span class='ocrx_word' id='word_1_430' title='bbox 1357 509 1535 579; x_wconf 52' lang='lat' dir='ltr'>⁴&#39;findunt</span> <span class='ocrx_word' id='word_1_431' title='bbox 1560 506 1669 574; x_wconf 76' lang='lat' dir='ltr'>flicri</span> <span class='ocrx_word' id='word_1_432' title='bbox 1708 506 1843 562; x_wconf 59' lang='lat' dir='ltr'>altarii</span> 
     </span>
    </p>

    <p class='ocr_par' dir='ltr' id='par_1_12' title="bbox 1381 578 1724 631">
     <span class='ocr_line' id='line_1_72' title="bbox 1381 578 1724 631; baseline -0.009 -4"><span class='ocrx_word' id='word_1_433' title='bbox 1381 580 1384 583; x_wconf 68' lang='grc'>’</span> <span class='ocrx_word' id='word_1_434' title='bbox 1498 578 1694 631; x_wconf 69' lang='lat' dir='ltr'>Miniflris</span> <span class='ocrx_word' id='word_1_435' title='bbox 1711 612 1724 625; x_wconf 86' lang='lat'><strong>.</strong></span> 
     </span>
    </p>
   </div>
   <div class='ocr_carea' id='block_1_11' title="bbox 1181 738 2071 1779">
    <p class='ocr_par' dir='ltr' id='par_1_13' title="bbox 1277 738 2052 776">
     <span class='ocr_line' id='line_1_73' title="bbox 1277 738 2052 776; baseline 0 -1"><span class='ocrx_word' id='word_1_436' title='bbox 1277 742 1305 775; x_wconf 88' lang='lat' dir='ltr'>E</span> <span class='ocrx_word' id='word_1_437' title='bbox 1329 740 1537 775; x_wconf 84' lang='lat' dir='ltr'>schismaticis</span> <span class='ocrx_word' id='word_1_438' title='bbox 1563 738 1913 775; x_wconf 68' lang='lat' dir='ltr'>Pseudo-patriarchae</span> <span class='ocrx_word' id='word_1_439' title='bbox 1937 741 2052 776; x_wconf 85' lang='lat' dir='ltr'>Photii</span> 
     </span>
    </p>

    <p class='ocr_par' dir='ltr' id='par_1_14' title="bbox 1181 790 2071 1779">
     <span class='ocr_line' id='line_1_74' title="bbox 1302 790 2054 832; baseline -0.003 -6"><span class='ocrx_word' id='word_1_440' title='bbox 1302 793 1334 826; x_wconf 89' lang='lat' dir='ltr'>in</span> <span class='ocrx_word' id='word_1_441' title='bbox 1346 801 1406 825; x_wconf 85' lang='lat' dir='ltr'>nos</span> <span class='ocrx_word' id='word_1_442' title='bbox 1419 791 1556 826; x_wconf 89' lang='lat' dir='ltr'>Latinos</span> <span class='ocrx_word' id='word_1_443' title='bbox 1577 790 1749 824; x_wconf 85' lang='lat' dir='ltr'>calumniis</span> <span class='ocrx_word' id='word_1_444' title='bbox 1762 790 1879 832; x_wconf 73' lang='lat' dir='ltr'>scripsit</span> <span class='ocrx_word' id='word_1_445' title='bbox 1896 791 1935 824; x_wconf 88' lang='lat' dir='ltr'>ad</span> <span class='ocrx_word' id='word_1_446' title='bbox 1949 792 2054 824; x_wconf 86' lang='lat' dir='ltr'>Hinc·</span> 
     </span>
     <span class='ocr_line' id='line_1_75' title="bbox 1181 839 2054 882; baseline -0.005 -6"><span class='ocrx_word' id='word_1_447' title='bbox 1181 854 1305 877; x_wconf 86' lang='lat' dir='ltr'>marum</span> <span class='ocrx_word' id='word_1_448' title='bbox 1331 841 1526 875; x_wconf 89' lang='lat' dir='ltr'>Remensem</span> <span class='ocrx_word' id='word_1_449' title='bbox 1552 841 1584 874; x_wconf 85' lang='lat'>&amp;</span> <span class='ocrx_word' id='word_1_450' title='bbox 1611 841 1692 874; x_wconf 88' lang='lat' dir='ltr'>alios</span> <span class='ocrx_word' id='word_1_451' title='bbox 1719 839 1835 873; x_wconf 86' lang='lat' dir='ltr'>Galliae</span> <span class='ocrx_word' id='word_1_452' title='bbox 1874 840 2054 882; x_wconf 80' lang='lat' dir='ltr'>Episcopos</span> 
     </span>
     <span class='ocr_line' id='line_1_76' title="bbox 1182 890 2057 933; baseline -0.008 -6"><span class='ocrx_word' id='word_1_453' title='bbox 1182 894 1311 927; x_wconf 68' lang='lat' dir='ltr'>Sanetus</span> <span class='ocrx_word' id='word_1_454' title='bbox 1324 890 1476 924; x_wconf 86' lang='lat' dir='ltr'>Pontifex</span> <span class='ocrx_word' id='word_1_455' title='bbox 1507 891 1667 924; x_wconf 89' lang='lat' dir='ltr'>Nicolaus</span> <span class='ocrx_word' id='word_1_456' title='bbox 1681 891 1822 933; x_wconf 81' lang='lat' dir='ltr'>primus.-</span> <span class='ocrx_word' id='word_1_457' title='bbox 1851 890 1992 922; x_wconf 81' lang='lat' dir='ltr'>Photiani</span> <span class='ocrx_word' id='word_1_458' title='bbox 2013 890 2057 921; x_wconf 76' lang='lat' dir='ltr'>di-</span> 
     </span>
     <span class='ocr_line' id='line_1_77' title="bbox 1181 938 2058 982; baseline -0.008 -5"><span class='ocrx_word' id='word_1_459' title='bbox 1181 953 1252 976; x_wconf 85' lang='lat' dir='ltr'>cunt</span> <span class='ocrx_word' id='word_1_460' title='bbox 1264 953 1315 974; x_wconf 86' lang='lat' dir='ltr'>nos</span> <span class='ocrx_word' id='word_1_461' title='bbox 1326 940 1489 974; x_wconf 76' lang='lat' dir='ltr'>abominari</span> <span class='ocrx_word' id='word_1_462' title='bbox 1509 946 1630 982; x_wconf 82' lang='lat' dir='ltr'>nuptias</span> <span class='ocrx_word' id='word_1_463' title='bbox 1649 964 1660 980; x_wconf 88' lang='lat'>‚</span> <span class='ocrx_word' id='word_1_464' title='bbox 1686 946 1755 982; x_wconf 80' lang='lat' dir='ltr'>quia</span> <span class='ocrx_word' id='word_1_465' title='bbox 1766 940 1950 978; x_wconf 72' lang='lat' dir='ltr'>Presbyteris</span> <span class='ocrx_word' id='word_1_466' title='bbox 1969 938 2058 982; x_wconf 74' lang='lat' dir='ltr'>sorti-</span> 
     </span>
     <span class='ocr_line' id='line_1_78' title="bbox 1181 990 2057 1035; baseline -0.005 -9"><span class='ocrx_word' id='word_1_467' title='bbox 1181 999 1209 1025; x_wconf 77' lang='lat' dir='ltr'>ri</span> <span class='ocrx_word' id='word_1_468' title='bbox 1229 995 1366 1035; x_wconf 80' lang='lat' dir='ltr'>conjuges</span> <span class='ocrx_word' id='word_1_469' title='bbox 1381 990 1568 1033; x_wconf 78' lang='lat' dir='ltr'>prohibemus</span> <span class='ocrx_word' id='word_1_470' title='bbox 1586 1015 1592 1022; x_wconf 87' lang='lat'><em>.</em></span> <span class='ocrx_word' id='word_1_471' title='bbox 1622 990 1769 1024; x_wconf 86' lang='lat' dir='ltr'>Eandem</span> <span class='ocrx_word' id='word_1_472' title='bbox 1791 990 1988 1024; x_wconf 76' lang='lat' dir='ltr'>calumniam</span> <span class='ocrx_word' id='word_1_473' title='bbox 2012 999 2057 1022; x_wconf 83' lang='lat' dir='ltr'>re·</span> 
     </span>
     <span class='ocr_line' id='line_1_79' title="bbox 1185 1038 2058 1086; baseline -0.006 -10"><span class='ocrx_word' id='word_1_474' title='bbox 1185 1043 1314 1086; x_wconf 75' lang='lat' dir='ltr'>sumpsit</span> <span class='ocrx_word' id='word_1_475' title='bbox 1336 1038 1481 1074; x_wconf 88' lang='lat' dir='ltr'>Michael</span> <span class='ocrx_word' id='word_1_476' title='bbox 1503 1040 1701 1073; x_wconf 87' lang='lat' dir='ltr'>Cerularius.</span> <span class='ocrx_word' id='word_1_477' title='bbox 1731 1040 1823 1073; x_wconf 88' lang='lat' dir='ltr'>Licet</span> <span class='ocrx_word' id='word_1_478' title='bbox 1856 1039 1923 1081; x_wconf 87' lang='lat' dir='ltr'>ejus</span> <span class='ocrx_word' id='word_1_479' title='bbox 1949 1038 2058 1073; x_wconf 88' lang='lat' dir='ltr'>necin</span> 
     </span>
     <span class='ocr_line' id='line_1_80' title="bbox 1185 1089 2058 1134; baseline -0.005 -9"><span class='ocrx_word' id='word_1_480' title='bbox 1185 1092 1299 1127; x_wconf 79' lang='lat' dir='ltr'>litteris</span> <span class='ocrx_word' id='word_1_481' title='bbox 1309 1090 1348 1124; x_wconf 85' lang='lat' dir='ltr'>ad</span> <span class='ocrx_word' id='word_1_482' title='bbox 1360 1091 1520 1134; x_wconf 81' lang='lat' dir='ltr'>Ioannem</span> <span class='ocrx_word' id='word_1_483' title='bbox 1533 1089 1735 1122; x_wconf 85' lang='lat' dir='ltr'>Tranensem</span> <span class='ocrx_word' id='word_1_484' title='bbox 1750 1089 1947 1133; x_wconf 82' lang='lat' dir='ltr'>Episcopum</span> <span class='ocrx_word' id='word_1_485' title='bbox 1958 1114 1968 1128; x_wconf 94' lang='lat'>‚</span> <span class='ocrx_word' id='word_1_486' title='bbox 1996 1098 2058 1122; x_wconf 84' lang='lat' dir='ltr'>nec</span> 
     </span>
     <span class='ocr_line' id='line_1_81' title="bbox 1185 1138 2059 1176; baseline -0.006 0"><span class='ocrx_word' id='word_1_487' title='bbox 1185 1144 1219 1176; x_wconf 91' lang='lat' dir='ltr'>in</span> <span class='ocrx_word' id='word_1_488' title='bbox 1230 1141 1345 1176; x_wconf 90' lang='lat' dir='ltr'>litteris</span> <span class='ocrx_word' id='word_1_489' title='bbox 1360 1139 1400 1174; x_wconf 82' lang='lat' dir='ltr'>ad</span> <span class='ocrx_word' id='word_1_490' title='bbox 1410 1139 1542 1174; x_wconf 88' lang='lat' dir='ltr'>Petrum</span> <span class='ocrx_word' id='word_1_491' title='bbox 1557 1138 1742 1173; x_wconf 84' lang='lat' dir='ltr'>Antiochiae</span> <span class='ocrx_word' id='word_1_492' title='bbox 1755 1138 1971 1173; x_wconf 79' lang='lat' dir='ltr'>patriarcham</span> <span class='ocrx_word' id='word_1_493' title='bbox 1995 1148 2059 1171; x_wconf 64' lang='lat' dir='ltr'>me⁴</span> 
     </span>
     <span class='ocr_line' id='line_1_82' title="bbox 1185 1184 2059 1232; baseline -0.006 -6"><span class='ocrx_word' id='word_1_494' title='bbox 1185 1192 1336 1230; x_wconf 87' lang='lat' dir='ltr'>minerit‚</span> <span class='ocrx_word' id='word_1_495' title='bbox 1362 1202 1403 1224; x_wconf 86' lang='lat' dir='ltr'>ex</span> <span class='ocrx_word' id='word_1_496' title='bbox 1425 1189 1492 1232; x_wconf 85' lang='lat' dir='ltr'>ejus</span> <span class='ocrx_word' id='word_1_497' title='bbox 1516 1199 1625 1223; x_wconf 90' lang='lat' dir='ltr'>tamen</span> <span class='ocrx_word' id='word_1_498' title='bbox 1651 1199 1758 1222; x_wconf 89' lang='lat' dir='ltr'>mente</span> <span class='ocrx_word' id='word_1_499' title='bbox 1785 1190 1819 1222; x_wconf 75' lang='grc' dir='ltr'>δε</span> <span class='ocrx_word' id='word_1_500' title='bbox 1840 1200 1895 1222; x_wconf 89' lang='lat' dir='ltr'>ore</span> <span class='ocrx_word' id='word_1_501' title='bbox 1918 1184 2059 1222; x_wconf 78' lang='lat' dir='ltr'>omnino</span> 
     </span>
     <span class='ocr_line' id='line_1_83' title="bbox 1186 1237 2062 1286; baseline -0.009 -10"><span class='ocrx_word' id='word_1_502' title='bbox 1186 1242 1303 1286; x_wconf 88' lang='lat' dir='ltr'>scripfit</span> <span class='ocrx_word' id='word_1_503' title='bbox 1317 1241 1451 1274; x_wconf 85' lang='lat' dir='ltr'>Nicetas</span> <span class='ocrx_word' id='word_1_504' title='bbox 1468 1240 1654 1273; x_wconf 72' lang='lat' dir='ltr'>Pestoratus</span> <span class='ocrx_word' id='word_1_505' title='bbox 1668 1253 1678 1272; x_wconf 85' lang='lat' dir='ltr'>i</span> <span class='ocrx_word' id='word_1_506' title='bbox 1707 1241 1789 1281; x_wconf 72' lang='lat' dir='ltr'>,Quis</span> <span class='ocrx_word' id='word_1_507' title='bbox 1807 1239 1856 1272; x_wconf 81' lang='lat' dir='ltr'>illc</span> <span class='ocrx_word' id='word_1_508' title='bbox 1882 1237 1920 1278; x_wconf 83' lang='lat' dir='ltr'>ost</span> <span class='ocrx_word' id='word_1_509' title='bbox 1941 1243 1992 1280; x_wconf 78' lang='lat' dir='ltr'>qui</span> <span class='ocrx_word' id='word_1_510' title='bbox 2013 1247 2062 1269; x_wconf 86' lang='lat' dir='ltr'>vo-</span> 
     </span>
     <span class='ocr_line' id='line_1_84' title="bbox 1185 1287 2063 1332; baseline -0.005 -8"><span class='ocrx_word' id='word_1_511' title='bbox 1185 1292 1230 1324; x_wconf 70' lang='lat' dir='ltr'>bis</span> <span class='ocrx_word' id='word_1_512' title='bbox 1252 1292 1382 1324; x_wconf 77' lang='lat' dir='ltr'>tradidit</span> <span class='ocrx_word' id='word_1_513' title='bbox 1403 1288 1554 1332; x_wconf 80' lang='lat' dir='ltr'>probibere</span> <span class='ocrx_word' id='word_1_514' title='bbox 1580 1290 1615 1322; x_wconf 65' lang='grc'>(9·</span> <span class='ocrx_word' id='word_1_515' title='bbox 1637 1287 1807 1331; x_wconf 69' lang='lat' dir='ltr'>abstindere</span> <span class='ocrx_word' id='word_1_516' title='bbox 1829 1294 1950 1331; x_wconf 76' lang='lat' dir='ltr'>nuptias</span> <span class='ocrx_word' id='word_1_517' title='bbox 1964 1290 2063 1320; x_wconf 66' lang='lat' dir='ltr'>Sacer«</span> 
     </span>
     <span class='ocr_line' id='line_1_85' title="bbox 1186 1338 2063 1383; baseline -0.005 -9"><span class='ocrx_word' id='word_1_518' title='bbox 1186 1342 1286 1374; x_wconf 83' lang='lat' dir='ltr'>dotum</span> <span class='ocrx_word' id='word_1_519' title='bbox 1307 1342 1320 1374; x_wconf 85' lang='lat'>?</span> <span class='ocrx_word' id='word_1_520' title='bbox 1347 1340 1529 1383; x_wconf 86' lang='lat' dir='ltr'>Legitimas</span> <span class='ocrx_word' id='word_1_521' title='bbox 1554 1339 1683 1382; x_wconf 87' lang='lat' dir='ltr'>nuptias</span> <span class='ocrx_word' id='word_1_522' title='bbox 1705 1338 1748 1371; x_wconf 89' lang='lat' dir='ltr'>ob</span> <span class='ocrx_word' id='word_1_523' title='bbox 1783 1339 2063 1382; x_wconf 88' lang='lat' dir='ltr'>supervenientem</span> 
     </span>
     <span class='ocr_line' id='line_1_86' title="bbox 1187 1386 2064 1431; baseline -0.006 -7"><span class='ocrx_word' id='word_1_524' title='bbox 1187 1392 1308 1424; x_wconf 84' lang='lat' dir='ltr'>sacrum</span> <span class='ocrx_word' id='word_1_525' title='bbox 1321 1389 1481 1424; x_wconf 84' lang='lat' dir='ltr'>Ordinem</span> <span class='ocrx_word' id='word_1_526' title='bbox 1495 1390 1632 1422; x_wconf 84' lang='lat' dir='ltr'>affirmat</span> <span class='ocrx_word' id='word_1_527' title='bbox 1654 1389 1671 1421; x_wconf 76' lang='lat' dir='ltr'>a</span> <span class='ocrx_word' id='word_1_528' title='bbox 1684 1388 1779 1422; x_wconf 87' lang='lat' dir='ltr'>nobis</span> <span class='ocrx_word' id='word_1_529' title='bbox 1791 1388 1870 1422; x_wconf 91' lang='lat' dir='ltr'>solvi</span> <span class='ocrx_word' id='word_1_530' title='bbox 1885 1402 1892 1421; x_wconf 72' lang='grc' dir='ltr'>ε</span> <span class='ocrx_word' id='word_1_531' title='bbox 1919 1386 2064 1431; x_wconf 86' lang='lat' dir='ltr'>Infringi</span> 
     </span>
     <span class='ocr_line' id='line_1_87' title="bbox 1188 1436 2065 1481; baseline -0.007 -7"><span class='ocrx_word' id='word_1_532' title='bbox 1188 1443 1205 1474; x_wconf 77' lang='lat' dir='ltr'>a</span> <span class='ocrx_word' id='word_1_533' title='bbox 1219 1441 1337 1474; x_wconf 62' lang='lat' dir='ltr'>Saneto</span> <span class='ocrx_word' id='word_1_534' title='bbox 1362 1438 1533 1473; x_wconf 85' lang='lat' dir='ltr'>Clemente</span> <span class='ocrx_word' id='word_1_535' title='bbox 1553 1438 1708 1472; x_wconf 88' lang='lat' dir='ltr'>Romano</span> <span class='ocrx_word' id='word_1_536' title='bbox 1730 1436 1876 1478; x_wconf 71' lang='lat' dir='ltr'>laudatos</span> <span class='ocrx_word' id='word_1_537' title='bbox 1898 1436 2065 1481; x_wconf 83' lang='lat' dir='ltr'>Apostoli·</span> 
     </span>
     <span class='ocr_line' id='line_1_88' title="bbox 1189 1485 2066 1532; baseline -0.007 -9"><span class='ocrx_word' id='word_1_538' title='bbox 1189 1502 1244 1523; x_wconf 89' lang='lat' dir='ltr'>cos</span> <span class='ocrx_word' id='word_1_539' title='bbox 1256 1514 1267 1530; x_wconf 92' lang='lat'><strong>,</strong></span> <span class='ocrx_word' id='word_1_540' title='bbox 1292 1491 1310 1522; x_wconf 78' lang='grc' dir='ltr'>ὸ.</span> <span class='ocrx_word' id='word_1_541' title='bbox 1333 1489 1448 1522; x_wconf 64' lang='lat' dir='ltr'>Sancto</span> <span class='ocrx_word' id='word_1_542' title='bbox 1462 1489 1550 1531; x_wconf 82' lang='lat' dir='ltr'>Papa</span> <span class='ocrx_word' id='word_1_543' title='bbox 1573 1486 1752 1532; x_wconf 90' lang='lat' dir='ltr'>Agathone</span> <span class='ocrx_word' id='word_1_544' title='bbox 1770 1487 1922 1530; x_wconf 89' lang='lat' dir='ltr'>probatos</span> <span class='ocrx_word' id='word_1_545' title='bbox 1936 1485 2066 1520; x_wconf 84' lang='lat' dir='ltr'>Trulla-</span> 
     </span>
     <span class='ocr_line' id='line_1_89' title="bbox 1191 1535 2070 1580; baseline -0.007 -8"><span class='ocrx_word' id='word_1_546' title='bbox 1191 1549 1269 1575; x_wconf 78' lang='lat'><strong>110⁵,</strong></span> <span class='ocrx_word' id='word_1_547' title='bbox 1294 1538 1326 1569; x_wconf 76' lang='grc' dir='ltr'>ὅ(</span> <span class='ocrx_word' id='word_1_548' title='bbox 1340 1537 1421 1569; x_wconf 86' lang='lat' dir='ltr'>alios</span> <span class='ocrx_word' id='word_1_549' title='bbox 1437 1538 1541 1578; x_wconf 89' lang='lat' dir='ltr'>plures</span> <span class='ocrx_word' id='word_1_550' title='bbox 1554 1537 1729 1576; x_wconf 84' lang='lat' dir='ltr'>Canones,</span> <span class='ocrx_word' id='word_1_551' title='bbox 1756 1537 1896 1580; x_wconf 89' lang='lat' dir='ltr'>ideoque</span> <span class='ocrx_word' id='word_1_552' title='bbox 1925 1547 1985 1570; x_wconf 87' lang='lat' dir='ltr'>nos</span> <span class='ocrx_word' id='word_1_553' title='bbox 2006 1535 2070 1567; x_wconf 81' lang='lat' dir='ltr'>effe</span> 
     </span>
     <span class='ocr_line' id='line_1_90' title="bbox 1192 1583 2070 1630; baseline -0.005 -10"><span class='ocrx_word' id='word_1_554' title='bbox 1192 1587 1358 1630; x_wconf 85' lang='lat' dir='ltr'>proximos</span> <span class='ocrx_word' id='word_1_555' title='bbox 1383 1584 1619 1619; x_wconf 85' lang='lat' dir='ltr'>Anti-Christi</span> <span class='ocrx_word' id='word_1_556' title='bbox 1641 1587 1846 1628; x_wconf 70' lang='lat' dir='ltr'>praecursores</span> <span class='ocrx_word' id='word_1_557' title='bbox 1866 1611 1877 1627; x_wconf 93' lang='lat'>‚</span> <span class='ocrx_word' id='word_1_558' title='bbox 1902 1585 1920 1618; x_wconf 75' lang='grc' dir='ltr'>ὲ</span> <span class='ocrx_word' id='word_1_559' title='bbox 1950 1583 2070 1628; x_wconf 86' lang='lat' dir='ltr'>quibus</span> 
     </span>
     <span class='ocr_line' id='line_1_91' title="bbox 1193 1632 2071 1678; baseline -0.002 -11"><span class='ocrx_word' id='word_1_560' title='bbox 1193 1633 1409 1677; x_wconf 82' lang='lat' dir='ltr'>prohibendas</span> <span class='ocrx_word' id='word_1_561' title='bbox 1422 1633 1550 1675; x_wconf 84' lang='lat' dir='ltr'>nuptias</span> <span class='ocrx_word' id='word_1_562' title='bbox 1560 1634 1707 1676; x_wconf 80' lang='lat' dir='ltr'>praedixit</span> <span class='ocrx_word' id='word_1_563' title='bbox 1720 1636 1919 1678; x_wconf 84' lang='lat' dir='ltr'>Apostolus.</span> <span class='ocrx_word' id='word_1_564' title='bbox 1945 1636 1987 1668; x_wconf 89' lang='lat' dir='ltr'>Et</span> <span class='ocrx_word' id='word_1_565' title='bbox 2004 1632 2071 1666; x_wconf 80' lang='lat' dir='ltr'>haec</span> 
     </span>
     <span class='ocr_line' id='line_1_92' title="bbox 1192 1682 2071 1728; baseline -0.003 -10"><span class='ocrx_word' id='word_1_566' title='bbox 1192 1684 1338 1728; x_wconf 86' lang='lat' dir='ltr'>imperita</span> <span class='ocrx_word' id='word_1_567' title='bbox 1368 1682 1593 1717; x_wconf 86' lang='lat' dir='ltr'>maledicentia</span> <span class='ocrx_word' id='word_1_568' title='bbox 1623 1684 1832 1720; x_wconf 84' lang='lat' dir='ltr'>Cardinalern</span> <span class='ocrx_word' id='word_1_569' title='bbox 1847 1684 2071 1718; x_wconf 88' lang='lat' dir='ltr'>Humbertum</span> 
     </span>
     <span class='ocr_line' id='line_1_93' title="bbox 1191 1732 2071 1779; baseline 0 -13"><span class='ocrx_word' id='word_1_570' title='bbox 1191 1735 1329 1779; x_wconf 83' lang='lat' dir='ltr'>graviter</span> <span class='ocrx_word' id='word_1_571' title='bbox 1355 1734 1388 1766; x_wconf 88' lang='lat'>&amp;</span> <span class='ocrx_word' id='word_1_572' title='bbox 1411 1733 1529 1766; x_wconf 77' lang='lat' dir='ltr'>merito</span> <span class='ocrx_word' id='word_1_573' title='bbox 1552 1732 1688 1767; x_wconf 88' lang='lat' dir='ltr'>offendit</span> <span class='ocrx_word' id='word_1_574' title='bbox 1712 1759 1718 1765; x_wconf 94' lang='lat'><strong><em>.</em></strong></span> <span class='ocrx_word' id='word_1_575' title='bbox 1750 1735 1896 1769; x_wconf 84' lang='lat' dir='ltr'>Noverat</span> <span class='ocrx_word' id='word_1_576' title='bbox 1921 1734 2071 1767; x_wconf 69' lang='lat' dir='ltr'>Graecum</span> 
     </span>
    </p>
   </div>
   <div class='ocr_carea' id='block_1_12' title="bbox 1149 1781 2071 1827">
    <p class='ocr_par' dir='ltr' id='par_1_15' title="bbox 1149 1781 2071 1827">
     <span class='ocr_line' id='line_1_94' title="bbox 1149 1781 2071 1827; baseline -0.001 -10"><span class='ocrx_word' id='word_1_577' title='bbox 1149 1822 1151 1826; x_wconf 21' lang='lat' dir='ltr'><strong>f</strong></span> <span class='ocrx_word' id='word_1_578' title='bbox 1192 1782 1398 1825; x_wconf 83' lang='lat' dir='ltr'>Clerumjam</span> <span class='ocrx_word' id='word_1_579' title='bbox 1415 1781 1537 1826; x_wconf 86' lang='lat' dir='ltr'>pridem</span> <span class='ocrx_word' id='word_1_580' title='bbox 1552 1783 1656 1816; x_wconf 88' lang='lat' dir='ltr'>vivere</span> <span class='ocrx_word' id='word_1_581' title='bbox 1671 1783 1847 1817; x_wconf 89' lang='lat' dir='ltr'>secundum</span> <span class='ocrx_word' id='word_1_582' title='bbox 1862 1784 2071 1827; x_wconf 75' lang='lat' dir='ltr'>praescriptam</span> 
     </span>
    </p>
   </div>
   <div class='ocr_carea' id='block_1_13' title="bbox 1192 1831 2086 3425">
    <p class='ocr_par' dir='ltr' id='par_1_16' title="bbox 1192 1831 2080 2320">
     <span class='ocr_line' id='line_1_95' title="bbox 1192 1831 2072 1878; baseline -0.002 -11"><span class='ocrx_word' id='word_1_583' title='bbox 1192 1835 1209 1867; x_wconf 75' lang='lat' dir='ltr'>a</span> <span class='ocrx_word' id='word_1_584' title='bbox 1224 1833 1409 1878; x_wconf 86' lang='lat' dir='ltr'>vulgaribus</span> <span class='ocrx_word' id='word_1_585' title='bbox 1423 1831 1656 1875; x_wconf 86' lang='lat' dir='ltr'>Apostolorum</span> <span class='ocrx_word' id='word_1_586' title='bbox 1668 1833 1850 1867; x_wconf 91' lang='lat' dir='ltr'>canonibus</span> <span class='ocrx_word' id='word_1_587' title='bbox 1876 1833 1910 1866; x_wconf 89' lang='lat'>&amp;</span> <span class='ocrx_word' id='word_1_588' title='bbox 1933 1832 2072 1867; x_wconf 85' lang='lat' dir='ltr'>novellis</span> 
     </span>
     <span class='ocr_line' id='line_1_96' title="bbox 1195 1882 2074 1928; baseline -0.003 -10"><span class='ocrx_word' id='word_1_589' title='bbox 1195 1882 1501 1928; x_wconf 70' lang='lat' dir='ltr'>Iustinianilegibus</span> <span class='ocrx_word' id='word_1_590' title='bbox 1512 1882 1777 1922; x_wconf 86' lang='lat' dir='ltr'>continentiam,</span> <span class='ocrx_word' id='word_1_591' title='bbox 1804 1882 1915 1916; x_wconf 76' lang='lat' dir='ltr'>verum</span> <span class='ocrx_word' id='word_1_592' title='bbox 1942 1883 2074 1926; x_wconf 85' lang='lat' dir='ltr'>insuper</span> 
     </span>
     <span class='ocr_line' id='line_1_97' title="bbox 1195 1932 2074 1969; baseline -0.006 0"><span class='ocrx_word' id='word_1_593' title='bbox 1195 1944 1327 1969; x_wconf 88' lang='lat' dir='ltr'>noverat</span> <span class='ocrx_word' id='word_1_594' title='bbox 1341 1934 1494 1967; x_wconf 57' lang='lat' dir='ltr'>Sanctum</span> <span class='ocrx_word' id='word_1_595' title='bbox 1506 1932 1653 1966; x_wconf 80' lang='lat' dir='ltr'>Leonem</span> <span class='ocrx_word' id='word_1_596' title='bbox 1676 1943 1803 1965; x_wconf 89' lang='lat' dir='ltr'>nonum</span> <span class='ocrx_word' id='word_1_597' title='bbox 1821 1932 1973 1966; x_wconf 76' lang='lat' dir='ltr'>acerrime</span> <span class='ocrx_word' id='word_1_598' title='bbox 1995 1942 2074 1965; x_wconf 89' lang='lat' dir='ltr'>tunc</span> 
     </span>
     <span class='ocr_line' id='line_1_98' title="bbox 1195 1979 2075 2030; baseline -0.006 -11"><span class='ocrx_word' id='word_1_599' title='bbox 1195 1979 1337 2030; x_wconf 81' lang='lat' dir='ltr'>pugnare</span> <span class='ocrx_word' id='word_1_600' title='bbox 1348 1980 1498 2016; x_wconf 73' lang='lat' dir='ltr'>adversus</span> <span class='ocrx_word' id='word_1_601' title='bbox 1514 1982 1626 2016; x_wconf 89' lang='lat' dir='ltr'>Latini</span> <span class='ocrx_word' id='word_1_602' title='bbox 1639 1981 1727 2015; x_wconf 88' lang='lat' dir='ltr'>Cleri</span> <span class='ocrx_word' id='word_1_603' title='bbox 1742 1982 2014 2016; x_wconf 88' lang='lat' dir='ltr'>incontinentiam</span> <span class='ocrx_word' id='word_1_604' title='bbox 2039 1980 2075 2014; x_wconf 78' lang='grc' dir='ltr'>δε</span> 
     </span>
     <span class='ocr_line' id='line_1_99' title="bbox 1196 2031 2075 2080; baseline -0.003 -12"><span class='ocrx_word' id='word_1_605' title='bbox 1196 2034 1369 2080; x_wconf 72' lang='lat' dir='ltr'>grassantes</span> <span class='ocrx_word' id='word_1_606' title='bbox 1386 2032 1535 2074; x_wconf 83' lang='lat' dir='ltr'>nuptias.-</span> <span class='ocrx_word' id='word_1_607' title='bbox 1563 2031 1640 2074; x_wconf 86' lang='lat' dir='ltr'>Ejus</span> <span class='ocrx_word' id='word_1_608' title='bbox 1661 2032 1799 2066; x_wconf 90' lang='lat' dir='ltr'>Decreta</span> <span class='ocrx_word' id='word_1_609' title='bbox 1823 2033 1949 2065; x_wconf 86' lang='lat' dir='ltr'>censuit</span> <span class='ocrx_word' id='word_1_610' title='bbox 1966 2056 1977 2071; x_wconf 91' lang='lat'><strong><em>,</em></strong></span> <span class='ocrx_word' id='word_1_611' title='bbox 2004 2042 2075 2065; x_wconf 84' lang='lat' dir='ltr'>non</span> 
     </span>
     <span class='ocr_line' id='line_1_100' title="bbox 1197 2080 2078 2121; baseline -0.007 -2"><span class='ocrx_word' id='word_1_612' title='bbox 1197 2086 1366 2119; x_wconf 85' lang='lat' dir='ltr'>dumtaxat</span> <span class='ocrx_word' id='word_1_613' title='bbox 1379 2083 1412 2115; x_wconf 90' lang='lat' dir='ltr'>in</span> <span class='ocrx_word' id='word_1_614' title='bbox 1427 2082 1607 2121; x_wconf 88' lang='lat' dir='ltr'>Latinum,</span> <span class='ocrx_word' id='word_1_615' title='bbox 1634 2082 1685 2114; x_wconf 90' lang='lat' dir='ltr'>sed</span> <span class='ocrx_word' id='word_1_616' title='bbox 1699 2083 1798 2116; x_wconf 89' lang='lat' dir='ltr'>etiam</span> <span class='ocrx_word' id='word_1_617' title='bbox 1812 2082 1845 2115; x_wconf 91' lang='lat' dir='ltr'>in</span> <span class='ocrx_word' id='word_1_618' title='bbox 1857 2082 2003 2115; x_wconf 64' lang='lat' dir='ltr'>Graecum</span> <span class='ocrx_word' id='word_1_619' title='bbox 2029 2080 2078 2114; x_wconf 86' lang='lat' dir='ltr'>di-</span> 
     </span>
     <span class='ocr_line' id='line_1_101' title="bbox 1198 2130 2079 2180; baseline -0.008 -11"><span class='ocrx_word' id='word_1_620' title='bbox 1198 2133 1332 2180; x_wconf 89' lang='lat' dir='ltr'>rigenda</span> <span class='ocrx_word' id='word_1_621' title='bbox 1349 2131 1481 2166; x_wconf 80' lang='lat' dir='ltr'>clerum</span> <span class='ocrx_word' id='word_1_622' title='bbox 1494 2157 1504 2172; x_wconf 92' lang='lat'>‚</span> <span class='ocrx_word' id='word_1_623' title='bbox 1530 2131 1667 2174; x_wconf 92' lang='lat' dir='ltr'>ideoque</span> <span class='ocrx_word' id='word_1_624' title='bbox 1679 2132 1726 2164; x_wconf 91' lang='lat' dir='ltr'>eis</span> <span class='ocrx_word' id='word_1_625' title='bbox 1739 2132 1975 2166; x_wconf 87' lang='lat' dir='ltr'>recalcitrantes</span> <span class='ocrx_word' id='word_1_626' title='bbox 1992 2130 2079 2163; x_wconf 70' lang='lat' dir='ltr'>Grae-</span> 
     </span>
     <span class='ocr_line' id='line_1_102' title="bbox 1198 2180 2079 2225; baseline -0.008 -5"><span class='ocrx_word' id='word_1_627' title='bbox 1198 2195 1310 2220; x_wconf 88' lang='lat' dir='ltr'>corum</span> <span class='ocrx_word' id='word_1_628' title='bbox 1324 2182 1504 2225; x_wconf 89' lang='lat' dir='ltr'>Episcopos</span> <span class='ocrx_word' id='word_1_629' title='bbox 1514 2181 1597 2215; x_wconf 88' lang='lat' dir='ltr'>dixit</span> <span class='ocrx_word' id='word_1_630' title='bbox 1612 2181 1794 2215; x_wconf 87' lang='lat' dir='ltr'>Nicolaitas</span> <span class='ocrx_word' id='word_1_631' title='bbox 1807 2206 1814 2213; x_wconf 92' lang='lat'><strong>.</strong></span> <span class='ocrx_word' id='word_1_632' title='bbox 1843 2183 1895 2215; x_wconf 86' lang='lat' dir='ltr'>Sic</span> <span class='ocrx_word' id='word_1_633' title='bbox 1915 2182 2004 2221; x_wconf 80' lang='lat' dir='ltr'>enim</span> <span class='ocrx_word' id='word_1_634' title='bbox 2027 2180 2079 2213; x_wconf 89' lang='lat' dir='ltr'>in-</span> 
     </span>
     <span class='ocr_line' id='line_1_103' title="bbox 1199 2230 2080 2275; baseline -0.008 -5"><span class='ocrx_word' id='word_1_635' title='bbox 1199 2235 1406 2270; x_wconf 85' lang='lat' dir='ltr'>continentes</span> <span class='ocrx_word' id='word_1_636' title='bbox 1430 2231 1581 2266; x_wconf 87' lang='lat' dir='ltr'>Clericos</span> <span class='ocrx_word' id='word_1_637' title='bbox 1600 2231 1760 2275; x_wconf 87' lang='lat' dir='ltr'>appellare</span> <span class='ocrx_word' id='word_1_638' title='bbox 1783 2231 1863 2266; x_wconf 92' lang='lat' dir='ltr'>solet</span> <span class='ocrx_word' id='word_1_639' title='bbox 1888 2232 1989 2266; x_wconf 86' lang='lat' dir='ltr'>latina</span> <span class='ocrx_word' id='word_1_640' title='bbox 2017 2230 2080 2264; x_wconf 66' lang='lat' dir='ltr'>Ecv</span> 
     </span>
     <span class='ocr_line' id='line_1_104' title="bbox 1199 2286 1307 2320; baseline -0.028 0"><span class='ocrx_word' id='word_1_641' title='bbox 1199 2286 1307 2320; x_wconf 89' lang='lat' dir='ltr'>clesia.</span> 
     </span>
    </p>

    <p class='ocr_par' dir='ltr' id='par_1_17' title="bbox 1200 2332 2086 3372">
     <span class='ocr_line' id='line_1_105' title="bbox 1249 2332 2081 2376; baseline -0.001 -8"><span class='ocrx_word' id='word_1_642' title='bbox 1249 2335 1292 2368; x_wconf 90' lang='lat' dir='ltr'>Et</span> <span class='ocrx_word' id='word_1_643' title='bbox 1320 2332 1406 2368; x_wconf 69' lang='lat' dir='ltr'>certe</span> <span class='ocrx_word' id='word_1_644' title='bbox 1432 2333 1630 2376; x_wconf 84' lang='lat' dir='ltr'>iniquiffima</span> <span class='ocrx_word' id='word_1_645' title='bbox 1662 2334 1707 2368; x_wconf 88' lang='lat' dir='ltr'>est</span> <span class='ocrx_word' id='word_1_646' title='bbox 1733 2334 1791 2368; x_wconf 87' lang='lat' dir='ltr'>ista</span> <span class='ocrx_word' id='word_1_647' title='bbox 1818 2334 2004 2368; x_wconf 79' lang='lat' dir='ltr'>Graecorum</span> <span class='ocrx_word' id='word_1_648' title='bbox 2028 2344 2081 2367; x_wconf 84' lang='lat' dir='ltr'>ca-</span> 
     </span>
     <span class='ocr_line' id='line_1_106' title="bbox 1202 2383 2081 2427; baseline -0.002 -9"><span class='ocrx_word' id='word_1_649' title='bbox 1202 2384 1320 2418; x_wconf 89' lang='lat' dir='ltr'>lumnia</span> <span class='ocrx_word' id='word_1_650' title='bbox 1336 2408 1345 2423; x_wconf 89' lang='lat'>,</span> <span class='ocrx_word' id='word_1_651' title='bbox 1373 2395 1430 2417; x_wconf 89' lang='lat' dir='ltr'>nec</span> <span class='ocrx_word' id='word_1_652' title='bbox 1453 2383 1508 2417; x_wconf 88' lang='lat' dir='ltr'>fibi</span> <span class='ocrx_word' id='word_1_653' title='bbox 1530 2384 1586 2427; x_wconf 88' lang='lat' dir='ltr'>ipfi</span> <span class='ocrx_word' id='word_1_654' title='bbox 1611 2383 1764 2419; x_wconf 70' lang='lat' dir='ltr'>cohaeret.</span> <span class='ocrx_word' id='word_1_655' title='bbox 1795 2386 1927 2419; x_wconf 88' lang='lat' dir='ltr'>Etenim</span> <span class='ocrx_word' id='word_1_656' title='bbox 1954 2395 1990 2418; x_wconf 89' lang='lat' dir='ltr'>ut</span> <span class='ocrx_word' id='word_1_657' title='bbox 2018 2394 2081 2417; x_wconf 90' lang='lat' dir='ltr'>nos</span> 
     </span>
     <span class='ocr_line' id='line_1_107' title="bbox 1201 2430 2081 2477; baseline -0.002 -8"><span class='ocrx_word' id='word_1_658' title='bbox 1201 2436 1311 2470; x_wconf 87' lang='lat' dir='ltr'>Latini</span> <span class='ocrx_word' id='word_1_659' title='bbox 1333 2436 1468 2468; x_wconf 60' lang='lat' dir='ltr'>cunaos</span> <span class='ocrx_word' id='word_1_660' title='bbox 1491 2430 1626 2475; x_wconf 67' lang='lat' dir='ltr'>majores</span> <span class='ocrx_word' id='word_1_661' title='bbox 1649 2436 1796 2469; x_wconf 86' lang='lat' dir='ltr'>Clericos</span> <span class='ocrx_word' id='word_1_662' title='bbox 1820 2459 1830 2475; x_wconf 88' lang='lat'>‚</span> <span class='ocrx_word' id='word_1_663' title='bbox 1858 2435 1903 2469; x_wconf 89' lang='lat' dir='ltr'>ita</span> <span class='ocrx_word' id='word_1_664' title='bbox 1924 2435 1980 2477; x_wconf 85' lang='lat' dir='ltr'>ipfi</span> <span class='ocrx_word' id='word_1_665' title='bbox 2006 2434 2081 2467; x_wconf 85' lang='lat' dir='ltr'>suos</span> 
     </span>
     <span class='ocr_line' id='line_1_108' title="bbox 1202 2482 2080 2529; baseline -0.003 -10"><span class='ocrx_word' id='word_1_666' title='bbox 1202 2486 1379 2529; x_wconf 89' lang='lat' dir='ltr'>Episcopos</span> <span class='ocrx_word' id='word_1_667' title='bbox 1405 2485 1439 2518; x_wconf 75' lang='grc' dir='ltr'>δε</span> <span class='ocrx_word' id='word_1_668' title='bbox 1463 2482 1724 2519; x_wconf 75' lang='lat' dir='ltr'>acontrahendis</span> <span class='ocrx_word' id='word_1_669' title='bbox 1750 2495 1859 2519; x_wconf 85' lang='lat' dir='ltr'>arcent</span> <span class='ocrx_word' id='word_1_670' title='bbox 1876 2484 1995 2527; x_wconf 86' lang='lat' dir='ltr'>nuptiis</span> <span class='ocrx_word' id='word_1_671' title='bbox 2011 2509 2021 2523; x_wconf 88' lang='lat'>,</span> <span class='ocrx_word' id='word_1_672' title='bbox 2046 2483 2080 2516; x_wconf 78' lang='grc' dir='ltr'>δε</span> 
     </span>
     <span class='ocr_line' id='line_1_109' title="bbox 1201 2534 2083 2578; baseline -0.005 -9"><span class='ocrx_word' id='word_1_673' title='bbox 1201 2536 1240 2569; x_wconf 90' lang='lat' dir='ltr'>ab</span> <span class='ocrx_word' id='word_1_674' title='bbox 1266 2534 1360 2568; x_wconf 73' lang='lat' dir='ltr'>antea</span> <span class='ocrx_word' id='word_1_675' title='bbox 1382 2534 1553 2567; x_wconf 68' lang='lat' dir='ltr'>contractis</span> <span class='ocrx_word' id='word_1_676' title='bbox 1584 2535 1784 2578; x_wconf 89' lang='lat' dir='ltr'>compellunt</span> <span class='ocrx_word' id='word_1_677' title='bbox 1810 2534 1966 2568; x_wconf 88' lang='lat' dir='ltr'>abstinere</span> <span class='ocrx_word' id='word_1_678' title='bbox 1988 2559 1994 2564; x_wconf 91' lang='lat'><em>.</em></span> <span class='ocrx_word' id='word_1_679' title='bbox 2032 2534 2083 2565; x_wconf 88' lang='lat' dir='ltr'>Ita</span> 
     </span>
     <span class='ocr_line' id='line_1_110' title="bbox 1200 2581 2082 2627; baseline -0.006 -9"><span class='ocrx_word' id='word_1_680' title='bbox 1200 2584 1357 2621; x_wconf 86' lang='lat' dir='ltr'>mandant</span> <span class='ocrx_word' id='word_1_681' title='bbox 1379 2585 1518 2627; x_wconf 88' lang='lat' dir='ltr'>ipsorum</span> <span class='ocrx_word' id='word_1_682' title='bbox 1552 2581 1738 2627; x_wconf 87' lang='lat' dir='ltr'>Apostolici</span> <span class='ocrx_word' id='word_1_683' title='bbox 1763 2585 1916 2618; x_wconf 89' lang='lat' dir='ltr'>Canones</span> <span class='ocrx_word' id='word_1_684' title='bbox 1946 2608 1956 2623; x_wconf 92' lang='lat'>‚</span> <span class='ocrx_word' id='word_1_685' title='bbox 1994 2583 2082 2626; x_wconf 85' lang='lat' dir='ltr'>leges</span> 
     </span>
     <span class='ocr_line' id='line_1_111' title="bbox 1202 2632 2083 2678; baseline -0.005 -10"><span class='ocrx_word' id='word_1_686' title='bbox 1202 2634 1376 2678; x_wconf 72' lang='lat' dir='ltr'>Iustiniani</span> <span class='ocrx_word' id='word_1_687' title='bbox 1396 2656 1407 2671; x_wconf 85' lang='lat'>,</span> <span class='ocrx_word' id='word_1_688' title='bbox 1433 2632 1594 2666; x_wconf 88' lang='lat' dir='ltr'>Trullana</span> <span class='ocrx_word' id='word_1_689' title='bbox 1618 2633 1770 2675; x_wconf 85' lang='lat' dir='ltr'>Synodus</span> <span class='ocrx_word' id='word_1_690' title='bbox 1795 2657 1804 2671; x_wconf 94' lang='lat'>‚</span> <span class='ocrx_word' id='word_1_691' title='bbox 1829 2633 1936 2676; x_wconf 87' lang='lat' dir='ltr'>Leges</span> <span class='ocrx_word' id='word_1_692' title='bbox 1957 2632 2083 2664; x_wconf 81' lang='lat' dir='ltr'>Leonis</span> 
     </span>
     <span class='ocr_line' id='line_1_112' title="bbox 1203 2681 2084 2726; baseline -0.005 -9"><span class='ocrx_word' id='word_1_693' title='bbox 1203 2683 1352 2726; x_wconf 88' lang='lat' dir='ltr'>sapientis</span> <span class='ocrx_word' id='word_1_694' title='bbox 1372 2706 1382 2721; x_wconf 93' lang='lat'><strong>,</strong></span> <span class='ocrx_word' id='word_1_695' title='bbox 1410 2682 1443 2714; x_wconf 72' lang='grc' dir='ltr'>ὃς</span> <span class='ocrx_word' id='word_1_696' title='bbox 1466 2692 1616 2724; x_wconf 85' lang='lat' dir='ltr'>perpetua</span> <span class='ocrx_word' id='word_1_697' title='bbox 1641 2682 1844 2715; x_wconf 90' lang='lat' dir='ltr'>consuetudo</span> <span class='ocrx_word' id='word_1_698' title='bbox 1873 2706 1879 2712; x_wconf 93' lang='lat'>.</span> <span class='ocrx_word' id='word_1_699' title='bbox 1919 2682 1997 2716; x_wconf 92' lang='lat' dir='ltr'>Non</span> <span class='ocrx_word' id='word_1_700' title='bbox 2021 2681 2084 2714; x_wconf 84' lang='lat' dir='ltr'>sol-</span> 
     </span>
     <span class='ocr_line' id='line_1_113' title="bbox 1205 2728 2084 2774; baseline -0.002 -9"><span class='ocrx_word' id='word_1_701' title='bbox 1205 2744 1284 2767; x_wconf 88' lang='lat' dir='ltr'>vunt</span> <span class='ocrx_word' id='word_1_702' title='bbox 1310 2731 1535 2765; x_wconf 87' lang='lat' dir='ltr'>autdirimunt</span> <span class='ocrx_word' id='word_1_703' title='bbox 1551 2732 1822 2771; x_wconf 86' lang='lat' dir='ltr'>matrimonium,</span> <span class='ocrx_word' id='word_1_704' title='bbox 1847 2730 1900 2764; x_wconf 90' lang='lat' dir='ltr'>sed</span> <span class='ocrx_word' id='word_1_705' title='bbox 1929 2728 2084 2774; x_wconf 65' lang='lat' dir='ltr'>perpetu&amp;</span> 
     </span>
     <span class='ocr_line' id='line_1_114' title="bbox 1203 2779 2084 2824; baseline -0.005 -7"><span class='ocrx_word' id='word_1_706' title='bbox 1203 2784 1373 2817; x_wconf 85' lang='lat' dir='ltr'>dumtaxat</span> <span class='ocrx_word' id='word_1_707' title='bbox 1414 2779 1623 2824; x_wconf 88' lang='lat' dir='ltr'>suspendunt.</span> <span class='ocrx_word' id='word_1_708' title='bbox 1651 2781 1746 2815; x_wconf 87' lang='lat' dir='ltr'>Hinc</span> <span class='ocrx_word' id='word_1_709' title='bbox 1787 2783 1920 2824; x_wconf 81' lang='lat' dir='ltr'>praefatae</span> <span class='ocrx_word' id='word_1_710' title='bbox 1954 2779 2084 2823; x_wconf 83' lang='lat' dir='ltr'>synodi</span> 
     </span>
     <span class='ocr_line' id='line_1_115' title="bbox 1205 2830 2084 2877; baseline -0.006 -10"><span class='ocrx_word' id='word_1_711' title='bbox 1205 2831 1464 2877; x_wconf 75' lang='lat' dir='ltr'>quadragesimus</span> <span class='ocrx_word' id='word_1_712' title='bbox 1487 2833 1614 2864; x_wconf 70' lang='lat' dir='ltr'>ostavus</span> <span class='ocrx_word' id='word_1_713' title='bbox 1636 2832 1753 2866; x_wconf 90' lang='lat' dir='ltr'>Canon</span> <span class='ocrx_word' id='word_1_714' title='bbox 1777 2831 1919 2874; x_wconf 88' lang='lat' dir='ltr'>prom0ti</span> <span class='ocrx_word' id='word_1_715' title='bbox 1943 2831 1976 2864; x_wconf 90' lang='lat' dir='ltr'>in</span> <span class='ocrx_word' id='word_1_716' title='bbox 2005 2830 2084 2873; x_wconf 83' lang='lat' dir='ltr'>Epi·</span> 
     </span>
     <span class='ocr_line' id='line_1_116' title="bbox 1206 2879 2084 2926; baseline -0.006 -9"><span class='ocrx_word' id='word_1_717' title='bbox 1206 2888 1336 2926; x_wconf 90' lang='lat' dir='ltr'>scopum</span> <span class='ocrx_word' id='word_1_718' title='bbox 1355 2881 1461 2913; x_wconf 87' lang='lat' dir='ltr'>mariti</span> <span class='ocrx_word' id='word_1_719' title='bbox 1482 2891 1616 2914; x_wconf 85' lang='lat' dir='ltr'>uxorem</span> <span class='ocrx_word' id='word_1_720' title='bbox 1640 2880 1772 2915; x_wconf 87' lang='lat' dir='ltr'>mandat</span> <span class='ocrx_word' id='word_1_721' title='bbox 1787 2881 1895 2914; x_wconf 88' lang='lat' dir='ltr'>claudi</span> <span class='ocrx_word' id='word_1_722' title='bbox 1922 2892 1958 2914; x_wconf 90' lang='lat' dir='ltr'>ac</span> <span class='ocrx_word' id='word_1_723' title='bbox 1983 2879 2084 2914; x_wconf 84' lang='lat' dir='ltr'>velari</span> 
     </span>
     <span class='ocr_line' id='line_1_117' title="bbox 1207 2930 2085 2970; baseline -0.006 -3"><span class='ocrx_word' id='word_1_724' title='bbox 1207 2935 1240 2967; x_wconf 92' lang='lat' dir='ltr'>in</span> <span class='ocrx_word' id='word_1_725' title='bbox 1264 2931 1461 2966; x_wconf 89' lang='lat' dir='ltr'>monasterio</span> <span class='ocrx_word' id='word_1_726' title='bbox 1483 2954 1493 2970; x_wconf 86' lang='lat'>‚</span> <span class='ocrx_word' id='word_1_727' title='bbox 1520 2940 1577 2964; x_wconf 88' lang='lat' dir='ltr'>aut</span> <span class='ocrx_word' id='word_1_728' title='bbox 1597 2931 1682 2965; x_wconf 76' lang='lat' dir='ltr'>certe</span> <span class='ocrx_word' id='word_1_729' title='bbox 1707 2930 1883 2965; x_wconf 84' lang='lat' dir='ltr'>consecrari</span> <span class='ocrx_word' id='word_1_730' title='bbox 1904 2931 1936 2963; x_wconf 90' lang='lat' dir='ltr'>in</span> <span class='ocrx_word' id='word_1_731' title='bbox 1961 2931 2085 2964; x_wconf 72' lang='lat' dir='ltr'>Diaco⁴</span> 
     </span>
     <span class='ocr_line' id='line_1_118' title="bbox 1209 2978 2084 3024; baseline -0.003 -8"><span class='ocrx_word' id='word_1_732' title='bbox 1209 2984 1319 3016; x_wconf 76' lang='lat' dir='ltr'>nissam</span> <span class='ocrx_word' id='word_1_733' title='bbox 1341 2994 1350 3024; x_wconf 88' lang='lat'>;</span> <span class='ocrx_word' id='word_1_734' title='bbox 1376 2981 1416 3014; x_wconf 87' lang='lat' dir='ltr'>ad</span> <span class='ocrx_word' id='word_1_735' title='bbox 1438 2981 1576 3015; x_wconf 87' lang='lat' dir='ltr'>securam</span> <span class='ocrx_word' id='word_1_736' title='bbox 1600 2981 1732 3014; x_wconf 86' lang='lat' dir='ltr'>tutelam</span> <span class='ocrx_word' id='word_1_737' title='bbox 1756 2980 1797 3014; x_wconf 89' lang='lat' dir='ltr'>ab</span> <span class='ocrx_word' id='word_1_738' title='bbox 1817 2978 1976 3014; x_wconf 87' lang='lat' dir='ltr'>adulterio</span> <span class='ocrx_word' id='word_1_739' title='bbox 1997 3005 2003 3013; x_wconf 92' lang='lat'><strong><em>.</em></strong></span> <span class='ocrx_word' id='word_1_740' title='bbox 2039 2979 2084 3013; x_wconf 76' lang='lat' dir='ltr'>Et</span> 
     </span>
     <span class='ocr_line' id='line_1_119' title="bbox 1209 3030 2086 3077; baseline -0.003 -12"><span class='ocrx_word' id='word_1_741' title='bbox 1209 3031 1283 3077; x_wconf 86' lang='lat' dir='ltr'>quia</span> <span class='ocrx_word' id='word_1_742' title='bbox 1297 3030 1453 3074; x_wconf 86' lang='lat' dir='ltr'>conjuges</span> <span class='ocrx_word' id='word_1_743' title='bbox 1465 3031 1538 3064; x_wconf 91' lang='lat' dir='ltr'>sunt</span> <span class='ocrx_word' id='word_1_744' title='bbox 1549 3042 1612 3064; x_wconf 87' lang='lat' dir='ltr'>una</span> <span class='ocrx_word' id='word_1_745' title='bbox 1623 3042 1699 3064; x_wconf 90' lang='lat' dir='ltr'>caro</span> <span class='ocrx_word' id='word_1_746' title='bbox 1713 3055 1724 3071; x_wconf 92' lang='lat'>‚</span> <span class='ocrx_word' id='word_1_747' title='bbox 1750 3030 1889 3073; x_wconf 90' lang='lat' dir='ltr'>ideoque</span> <span class='ocrx_word' id='word_1_748' title='bbox 1901 3040 1984 3063; x_wconf 90' lang='lat' dir='ltr'>unus</span> <span class='ocrx_word' id='word_1_749' title='bbox 2007 3039 2086 3063; x_wconf 80' lang='lat' dir='ltr'>-non</span> 
     </span>
     <span class='ocr_line' id='line_1_120' title="bbox 1211 3078 2084 3125; baseline -0.002 -11"><span class='ocrx_word' id='word_1_750' title='bbox 1211 3081 1302 3125; x_wconf 85' lang='lat' dir='ltr'>poffit</span> <span class='ocrx_word' id='word_1_751' title='bbox 1325 3080 1472 3114; x_wconf 88' lang='lat' dir='ltr'>converti</span> <span class='ocrx_word' id='word_1_752' title='bbox 1496 3081 1561 3114; x_wconf 86' lang='lat' dir='ltr'>fine</span> <span class='ocrx_word' id='word_1_753' title='bbox 1580 3081 1683 3114; x_wconf 87' lang='lat' dir='ltr'>altero</span> <span class='ocrx_word' id='word_1_754' title='bbox 1714 3105 1720 3112; x_wconf 91' lang='lat'>.</span> <span class='ocrx_word' id='word_1_755' title='bbox 1748 3080 1814 3114; x_wconf 90' lang='lat' dir='ltr'>Sub</span> <span class='ocrx_word' id='word_1_756' title='bbox 1840 3080 1937 3114; x_wconf 84' lang='lat' dir='ltr'>Isaaci</span> <span class='ocrx_word' id='word_1_757' title='bbox 1959 3078 2084 3123; x_wconf 80' lang='lat' dir='ltr'>Angeli</span> 
     </span>
     <span class='ocr_line' id='line_1_121' title="bbox 1211 3127 2085 3173; baseline -0.005 -8"><span class='ocrx_word' id='word_1_758' title='bbox 1211 3131 1348 3173; x_wconf 84' lang='lat' dir='ltr'>Imperio</span> <span class='ocrx_word' id='word_1_759' title='bbox 1358 3127 1502 3172; x_wconf 79' lang='lat' dir='ltr'>quaedam</span> <span class='ocrx_word' id='word_1_760' title='bbox 1515 3130 1748 3173; x_wconf 84' lang='lat' dir='ltr'>Episcoporum</span> <span class='ocrx_word' id='word_1_761' title='bbox 1761 3141 1876 3164; x_wconf 87' lang='lat' dir='ltr'>uxores</span> <span class='ocrx_word' id='word_1_762' title='bbox 1904 3141 1964 3164; x_wconf 89' lang='lat' dir='ltr'>nec</span> <span class='ocrx_word' id='word_1_763' title='bbox 1977 3131 2085 3163; x_wconf 65' lang='lat' dir='ltr'>»intra-</span> 
     </span>
     <span class='ocr_line' id='line_1_122' title="bbox 1212 3178 2083 3223; baseline -0.005 -9"><span class='ocrx_word' id='word_1_764' title='bbox 1212 3182 1288 3215; x_wconf 90' lang='lat' dir='ltr'>bant</span> <span class='ocrx_word' id='word_1_765' title='bbox 1314 3179 1505 3213; x_wconf 79' lang='lat' dir='ltr'>monasteria</span> <span class='ocrx_word' id='word_1_766' title='bbox 1528 3205 1538 3218; x_wconf 94' lang='lat'><strong>,</strong></span> <span class='ocrx_word' id='word_1_767' title='bbox 1567 3191 1625 3214; x_wconf 90' lang='lat' dir='ltr'>nec</span> <span class='ocrx_word' id='word_1_768' title='bbox 1657 3181 1873 3214; x_wconf 88' lang='lat' dir='ltr'>Diaconalem</span> <span class='ocrx_word' id='word_1_769' title='bbox 1891 3178 2083 3223; x_wconf 51' lang='lat' dir='ltr'>profiteban*</span> 
     </span>
     <span class='ocr_line' id='line_1_123' title="bbox 1213 3225 2083 3269; baseline -0.007 -3"><span class='ocrx_word' id='word_1_770' title='bbox 1213 3243 1264 3266; x_wconf 89' lang='lat' dir='ltr'>tur</span> <span class='ocrx_word' id='word_1_771' title='bbox 1276 3229 1477 3269; x_wconf 87' lang='lat' dir='ltr'>castitatem,</span> <span class='ocrx_word' id='word_1_772' title='bbox 1506 3229 1558 3264; x_wconf 86' lang='lat' dir='ltr'>sed</span> <span class='ocrx_word' id='word_1_773' title='bbox 1569 3230 1771 3264; x_wconf 89' lang='lat' dir='ltr'>mundanum</span> <span class='ocrx_word' id='word_1_774' title='bbox 1787 3229 1971 3264; x_wconf 83' lang='lat' dir='ltr'>retinebant</span> <span class='ocrx_word' id='word_1_775' title='bbox 1994 3225 2083 3260; x_wconf 59' lang='lat' dir='ltr'>habi*</span> 
     </span>
     <span class='ocr_line' id='line_1_124' title="bbox 1214 3274 2083 3323; baseline -0.005 -8"><span class='ocrx_word' id='word_1_776' title='bbox 1214 3292 1281 3315; x_wconf 89' lang='lat' dir='ltr'>tum</span> <span class='ocrx_word' id='word_1_777' title='bbox 1308 3304 1318 3319; x_wconf 80' lang='lat'>,</span> <span class='ocrx_word' id='word_1_778' title='bbox 1343 3279 1582 3322; x_wconf 86' lang='lat' dir='ltr'>manebantque</span> <span class='ocrx_word' id='word_1_779' title='bbox 1603 3281 1638 3314; x_wconf 89' lang='lat' dir='ltr'>in</span> <span class='ocrx_word' id='word_1_780' title='bbox 1661 3280 1798 3323; x_wconf 80' lang='lat' dir='ltr'>propriis</span> <span class='ocrx_word' id='word_1_781' title='bbox 1820 3277 1939 3313; x_wconf 82' lang='lat' dir='ltr'>aedibus</span> <span class='ocrx_word' id='word_1_782' title='bbox 1961 3302 1968 3307; x_wconf 91' lang='lat'><em>-</em></span> <span class='ocrx_word' id='word_1_783' title='bbox 1997 3274 2083 3308; x_wconf 76' lang='lat' dir='ltr'>Rem</span> 
     </span>
     <span class='ocr_line' id='line_1_125' title="bbox 1214 3323 2083 3372; baseline -0.008 -7"><span class='ocrx_word' id='word_1_784' title='bbox 1214 3330 1252 3365; x_wconf 88' lang='lat' dir='ltr'>ad</span> <span class='ocrx_word' id='word_1_785' title='bbox 1274 3339 1491 3372; x_wconf 70' lang='lat' dir='ltr'>memoratum</span> <span class='ocrx_word' id='word_1_786' title='bbox 1517 3329 1704 3371; x_wconf 67' lang='lat' dir='ltr'>Principem</span> <span class='ocrx_word' id='word_1_787' title='bbox 1723 3353 1736 3369; x_wconf 89' lang='lat'>‚</span> <span class='ocrx_word' id='word_1_788' title='bbox 1762 3328 1797 3363; x_wconf 74' lang='grc' dir='ltr'>δε</span> <span class='ocrx_word' id='word_1_789' title='bbox 1820 3330 1875 3372; x_wconf 87' lang='lat' dir='ltr'>ipsi</span> <span class='ocrx_word' id='word_1_790' title='bbox 1897 3323 2083 3365; x_wconf 73' lang='lat' dir='ltr'>allidentem</span> 
     </span>
    </p>

    <p class='ocr_par' dir='ltr' id='par_1_18' title="bbox 1611 3373 2034 3425">
     <span class='ocr_line' id='line_1_126' title="bbox 1611 3373 2034 3425; baseline -0.005 -17"><span class='ocrx_word' id='word_1_791' title='bbox 1611 3378 1644 3412; x_wconf 90' lang='lat' dir='ltr'>G</span> <span class='ocrx_word' id='word_1_792' title='bbox 1669 3389 1692 3423; x_wconf 90' lang='lat' dir='ltr'>g</span> <span class='ocrx_word' id='word_1_793' title='bbox 1715 3389 1740 3425; x_wconf 87' lang='lat' dir='ltr'>g</span> <span class='ocrx_word' id='word_1_794' title='bbox 1934 3373 2034 3411; x_wconf 74' lang='lat' dir='ltr'>trium</span> 
     </span>
    </p>
   </div>
  </div>
 </body>
</html>
