2352 3736
328 111 402 155 '45
415 111 442 140 2

325 192 408 216 nus.
447 179 526 228 263.
553 187 624 216 1.2.
649 173 870 210 Canonizavit
895 175 925 207 S.
957 173 1149 217 Cyprianus
1171 201 1183 217 ,

299 256 301 262 ,
326 231 446 276 aliique
457 258 463 264 ‚
474 229 552 273 264.
572 237 598 262 1.
612 225 837 260 Canonizatio
850 224 869 257 εὶ
881 224 998 268 quovis
1007 224 1091 259 olim
1102 236 1171 269 pe,-

325 283 395 318 asta
408 280 573 322 Episcopo
587 300 595 308 .
632 274 708 311 ibid.
725 273 852 308 Verum
874 286 951 309 cum
973 276 1112 319 populus
1134 277 1168 310 in

326 332 416 367 cultu
430 327 620 362 Samstorum
633 337 702 359 non
725 325 800 359 raro
823 325 1006 359 excesserit.
1034 329 1113 373 264.
1138 337 1169 361 2.

329 382 440 423 Atque
449 378 549 412 etiam
562 377 618 421 ipfi
633 377 805 420 Episcopi.
831 378 910 422 265.
930 387 958 411 1.
981 375 1168 410 Canoniza-

327 430 379 464 tio
389 429 430 463 ab
442 426 635 462 Alexandro
642 427 741 461 tertio
754 426 814 460 soli
827 425 986 460 Pontifici
1011 425 1169 460 Romano

323 479 370 515 est
393 480 550 513 reservata
566 504 574 512 .
607 477 685 511 ibid.
707 478 744 511 ln
765 476 879 511 Africa
902 476 964 511 soli
997 476 1170 521 Carthagi-

323 530 473 565 nensium
491 529 654 572 Episcopo
668 528 824 561 reservata
843 537 910 561 erat
923 552 930 560 .
960 526 1039 573 265.
1052 539 1083 564 2.
1108 528 1169 562 Ca·

323 579 533 614 nonizationi
558 578 598 613 ab
621 578 757 612 Ecclefia
781 578 935 611 Romana
947 577 1171 620 Synodaleju-

325 629 684 674 diciumimpenditur.
713 627 794 665 266.
810 639 839 664 1.
865 627 1035 673 Eugenius
1058 627 1170 662 tertius

323 681 367 715 est
397 682 517 724 primus
554 681 610 724 qui
646 680 711 714 fine
744 677 901 714 Concilio
939 674 1168 713 canonizavit:

325 732 427 779 Qod
440 732 496 766 al.i
509 733 583 765 sunt
596 731 734 765 imitati.
747 730 836 764 Solet
848 737 955 762 tamen
975 729 1083 773 ampla
1097 729 1171 772 Epi-

324 780 652 825 scoporumSynodus
666 781 699 815 in
712 779 979 814 Canonizatione
992 790 1170 824 congrega-

324 835 350 867 ri
364 857 371 864 .
401 831 478 867 ibid.
502 834 596 875 Opus
606 832 652 864 est
664 841 718 874 per
732 830 882 864 oculatos
902 830 1001 863 testes
1023 829 1171 872 probatis

324 883 492 918 miraculis
502 907 510 915 .
539 881 652 916 Sancta
667 881 733 914 vita
746 904 757 919 ,
770 880 888 924 ingens
901 880 1094 914 miraculum
1105 905 1116 922 ,
1129 878 1170 914 ad

327 933 631 968 Canonizationem
654 930 799 973 sufficit..
821 929 901 967 266.
926 941 956 966 2·
978 929 1171 974 Requiritur

322 984 474 1018 eminens
499 981 667 1016 miraculis
686 980 842 1014 illustrata
865 979 996 1023 justitia.
1035 980 1115 1028 267.
1140 990 1169 1016 1.

324 1033 526 1070 Canonizati
542 1030 760 1067 'beatitudine
783 1031 974 1075 potiuntur.
1002 1031 1056 1065 De
1075 1033 1171 1066 Seve-

328 1086 404 1119 rino
430 1084 568 1118 allatum
595 1082 822 1117 testimonium
850 1081 896 1115 est
925 1081 1167 1125 apocryphum.

322 1138 450 1180 267.2.
474 1134 632 1168 Haeretici
648 1132 766 1167 vetusti
782 1131 1086 1166 Canonizationem
1099 1143 1168 1167 non

322 1185 560 1229 impugnarunt
573 1198 584 1218 .·
612 1184 696 1217 Eam
709 1183 851 1226 Joannes
863 1181 1004 1216 Wicleff
1007 1182 1147 1226 explosit
1162 1207 1170 1214 .

324 1234 404 1269 ibid.
432 1236 470 1268 ln
505 1234 778 1269 Canonizatione
805 1232 961 1266 Pontifex
994 1232 1171 1268 Romanus

323 1296 506 1329 numquam
524 1283 678 1319 erravit.''
700 1281 781 1320 268.
809 1294 837 1319 1.
877 1282 1107 1327 Respondetur
1127 1283 1168 1317 ad

323 1335 476 1379 exempla
490 1335 522 1369 in
538 1335 724 1379 oppofitum
735 1333 841 1368 allata.
1091 1332 1169 1368 ibid.

271 1386 393 1420 Canon
407 1398 515 1420 nonus
536 1387 735 1428 Ancyranus
746 1383 944 1427 exponitur.
1070 1394 1121 1432 32-
1149 1396 1168 1420 2

269 1437 392 1471 Canon
407 1438 531 1482 primus
546 1436 815 1471 Neocaesareenfis
827 1434 1004 1479 exponitur
1014 1460 1022 1468 .
1074 1444 1131 1480 32.
1146 1445 1166 1470 2

270 1485 498 1531 Capharnaitae
513 1487 611 1531 Judaei
625 1486 822 1531 primisuere
836 1484 1050 1520 Eucharistiae
1060 1484 1171 1519 adver·

321 1539 412 1572 sarii.
441 1540 568 1573 Eorum
580 1536 864 1581 errorexponitur.
907 1534 965 1571 Ab
981 1534 1034 1570 his
1045 1535 1171 1569 transiit

330 1589 371 1622 ad
383 1589 555 1633 Paganos.
618 1606 625 1611 ·
1024 1578 1119 1631 '‘235.
1151 1594 1166 1619 1

270 1639 427 1683 Capitula
439 1650 478 1674 ac
492 1635 711 1676 monasteria,
742 1646 788 1674 aaa
798 1633 956 1668 Decimas
967 1631 1166 1675 percipiunt,

321 1698 475 1723 tenentur
487 1683 687 1719 Parochoss
788 1692 860 1715 are.
1063 1679 1121 1727 67.
1151 1688 1166 1713 1

271 1737 464 1774 Cardinales
475 1736 629 1779 Episcopi
645 1758 656 1775 ‚
681 1733 783 1768 etiam
796 1728 965 1771 Dia'coni,
986 1729 1170 1774 Episcopos

323 1791 358 1824 in
383 1787 550 1824 Conciliis
572 1783 795 1820 antecedunt,
838 1782 963 1816 Eorum
988 1779 1167 1814 eminentia

320 1840 367 1878 est
391 1837 613 1881 antiquissima
639 1860 646 1867 .
690 1843 771 1880 203·
799 1841 826 1868 1.
862 1831 946 1864 Sunt
970 1829 1169 1865 Patriarchis

320 1890 514 1923 Graecorum
538 1883 728 1919 inferiores.
768 1881 849 1916 ibid.
877 1879 1096 1920 Cardinales,
1123 1889 1166 1914 et·

321 1941 401 1975 tiam
414 1932 780 1979 Diaconi‚generalibus
789 1930 934 1974 synodis
945 1931 1167 1974 priesederunt.

322 1999 400 2034 204.
417 1997 446 2023 1.
460 1988 588 2030 Septem
601 1983 756 2028 Episcopi
770 1981 962 2016 Cardinales
974 1982 1099 2016 varium
1112 1981 1169 2014 ali-

322 2037 456 2082 quando
469 2036 652 2071 habuerunt
679 2034 791 2068 locum
802 2058 809 2064 .
821 2032 953 2076 Semper
962 2032 1093 2066 fuerunt
1105 2032 1170 2075 sep·

320 2100 388 2125 tem
402 2087 556 2133 Episcopi
568 2084 760 2120 Cardinales
776 2108 782 2115 .
798 2092 913 2124 204.-2.
928 2082 997 2115 Hic
1014 2091 1167 2116 numerus

321 2141 424 2175 hodie
445 2138 581 2173 evanuit
596 2161 604 2169 .
641 2139 720 2172 206.
743 2146 772 2171 2.
803 2131 995 2169 Cardiuales
1015 2129 1164 2167 officium

323 2194 358 2226 in
385 2190 535 2226 Ecclesiis
558 2188 663 2222 facere
683 2186 748 2229 jam
770 2183 896 2231 pridem
909 2183 1167 2218 consueverunt.

326 2252 406 2289 205.
432 2253 460 2278 1.
497 2239 585 2274 Inter
619 2234 817 2280 Episcoposs‘
836 2233 1027 2267 Cardinales
1046 2234 1169 2276 semper

325 2295 469 2327 servatus
507 2288 679 2324 titulorum
703 2312 714 2328 ,
753 2296 821 2319 non
843 2283 1101 2319 consecrationis
1119 2294 1171 2317 or·

325 2344 389 2378 do.
418 2341 496 2380 206·
518 2351 550 2377 2·
578 2338 653 2372 Nec
669 2336 776 2371 obstat
788 2335 893 2369 varius
905 2334 1070 2370 conseffus
1089 2359 1100 2375 ‚
1126 2333 1168 2368 de

326 2404 415 2438 quo.
441 2399 562 2437 2042.
587 2383 891 2423 Cardinaleshodie
901 2385 1027 2420 sedium
1037 2385 1167 2419 suarum

326 2447 454 2479 servant
470 2439 622 2477 ordinem
637 2463 644 2471 .
671 2440 748 2475 206.
762 2448 794 2473 2.
823 2435 1014 2470 Cardinales
1030 2460 1041 2476 ,
1069 2435 1169 2469 etiam

326 2494 474 2530 Diaconi
487 2516 498 2533 ‚
523 2490 596 2536 post
609 2487 787 2524 nonnullas
799 2487 1036 2520 contentiones
1056 2509 1068 2526 ,
1095 2483 1171 2528 Epi-

320 2545 435 2587 scopis
457 2544 493 2579 δε
516 2538 783 2587 Αλτσὶιὶερὶῐεορίε
803 2535 965 2581 dignitate
982 2545 1171 2581 praeponun-

329 2605 401 2630 tur.
561 2598 602 2634 ζ’..)
1058 2597 1103 2621 20
1130 2594 1176 2621 ,Γ

280 2642 442 2680 Carnium
452 2643 523 2677 esus
538 2639 608 2685 post
623 2638 786 2674 diluvium
799 2637 970 2671 dumtaxat
983 2596 1168 2679 permistim.

332 2701 411 2744 334
421 2703 454 2730 2.
479 2682 597 2729 Uti&
609 2690 760 2734 piscium.
786 2687 863 2721 ibid.
889 2686 998 2728 Hujus
1020 2685 1167 2719 mutatio·

331 2748 383 2780 nis
403 2744 498 2778 causa
518 2741 566 2776 est
592 2739 676 2774 vatia
690 2764 697 2771 .
734 2746 816 2784 355.
843 2747 869 2772 1.
909 2736 1001 2770 Deus
1021 2735 1170 2769 carnium

328 2795 421 2830 esum
443 2792 631 2838 permittens
655 2814 667 2830 ‚
703 2788 896 2833 sanguinem
922 2787 956 2820 δε
978 2787 1172 2821 suffocatum

330 2844 451 2890 excipit
477 2868 485 2876 .
518 2840 598 2890 356.
627 2852 654 2876 1.
695 2838 786 2874 Vide
818 2836 958 2870 'Monacht
978 2838 1047 2871 olim
1074 2841 1171 2870 carni-

329 2896 382 2930 bus
395 2921 402 2928 .

285 2947 424 2982 Castitas
437 2943 643 2980 Clericorum
655 2965 662 2972 .
690 2939 780 2974 Vide
794 2942 989 2971 Continentia
1000 2963 1007 2971 .

286 2997 449 3031 Castratio
464 2993 609 3028 Walesiis
620 2990 779 3026 haereticis
799 2988 969 3023 familiaris
984 3012 991 3020 .
1021 2986 1171 3022 Crimina

336 3047 485 3091 quaedam
497 3043 692 3079 castratione
704 3040 818 3085 punita
831 3064 839 3072 .
865 3049 945 3085 405,
964 3050 991 3074 1.
1030 3037 1172 3072 Castrati

339 3098 378 3129 ad
390 3098 622 3141 Episcopatum
637 3091 778 3137 promoti
794 3116 800 3122 .
827 3099 907 3136 405.
921 3101 950 3125 2.
973 3088 1115 3122 Castrati
1132 3086 1173 3120 ab

339 3145 430 3187 aliis,
456 3146 573 3180 aclero
586 3139 900 3178 nonexcluduntur.
927 3137 1005 3173 ibid.
1036 3139 1171 3172 Crimen

341 3195 408 3234 est,
444 3196 532 3238 quod
555 3194 662 3229 Graeci
685 3192 852 3236 Augustos
875 3190 1041 3232 Principes
1065 3187 1173 3223 castra-

343 3252 414 3280 rent
427 3267 434 3275 .
460 3245 502 3278 Et
512 3246 602 3288 quod
615 3243 718 3279 nimia
729 3244 764 3277 in
777 3237 1121 3276 evehendiseunuchis
1131 3238 1174 3271 es-

346 3296 392 3329 set
407 3293 558 3327 facilitas.
1043 3288 1122 3336 406.
1155 3299 1171 3324 1

294 3343 465 3379 Cathedrae
480 3341 706 3379 Ecclefiasticae
729 3343 747 3378 ὲ
771 3342 920 3389 Regibus
944 3353 1011 3378 non
1045 3338 1174 3427 Pogum

345 3393 495 3431 institui.
1054 3401 1088 3428 21
1119 3414 1125 3423 .
1155 3401 1176 3427 2

1233 1488 1405 1524 Clericalis
1425 1490 1584 1526 castitatis
1604 1490 1639 1524 in
1661 1489 1769 1524 Gallia
1790 1490 1898 1534 lapsus
1917 1490 2113 1532 exponitur.

1208 1508 1232 2483 ξ
1248 1532 1256 1546 ’
1285 1538 1338 1575 16.
1354 1549 1380 1574 1.
1396 1540 1526 1584 &seqq.
1548 1541 1719 1585 Tempore
1739 1540 1880 1576 Martini
1900 1539 1925 1573 1.
1945 1547 2113 1583 coeperunt

955 83 1028 148 ’1>
1094 90 1145 135 N
1216 87 1515 139 DEX.

1282 238 1351 262 tur.
1913 271 1916 274 ‚
1982 239 2064 286 435-
2092 251 2114 276 2

1282 329 1419 364 nasseria
1431 330 1466 364 in
1477 331 1640 375 Hispania
1650 331 1692 367 ab
1705 345 1745 367 eo
1757 344 1856 381 onere
1866 336 2000 378 ex6pta.
2024 338 2079 383 9'7.
2090 347 2114 373 ι

1234 378 1419 414 Celestinus
1435 381 1567 424 quintus
1579 393 1657 417 ante
1670 384 1703 417 se
1717 383 1834 419 habuit
1846 384 1986 429 Papatus
1999 397 2117 420 renun-

1282 430 1434 465 tiatorem
1448 432 1609 474 Joannem
1621 433 1748 468 xvlu.
2010 434 2066 481 48.
2096 448 2114 473 1

1235 479 1387 515 Censurae
1395 481 1435 516 ad
1447 485 1708 528 extorquendam
1721 485 1893 529 pecuniam
1915 486 1950 520 in
1973 486 2117 521 Ecclesia

1281 530 1394 565 Graeca
1418 531 1508 566 latae:
1546 534 1600 568 Ac
1619 534 1735 569 itidem
1755 535 1918 570 relaxatae.
1956 535 2049 571 Idem
2070 538 2116 571 vi-

1281 580 1366 615 tium
1377 583 1557 618 Ecclesiam
1568 580 1844 620 latinaminfe'cit:
1871 587 1935 621 Per
1959 586 2115 624 Canones

1271 634 1420 675 -graviter
1432 633 1681 678 reprehensum.
2000 648 2055 685 73.
2082 646 2113 671 2.

1232 678 1382 717 Chrisma
1393 685 1411 717 a
1422 684 1590 728 Baptismo
1602 691 1770 722 removere
1781 712 1792 727 ,
1813 686 1984 722 illicitum.
2016 696 2072 732 25.
2086 697 2114 723 1.

1233 730 1389 768 Clemens
1401 734 1455 768 111.
1469 736 1596 781 purgari
1609 735 1739 780 potest,
1760 737 1899 782 aliique,
1924 737 1942 771 ὲ
1953 737 2114 772 libertinis

1281 780 1487 835 striptoribus
1523 787 1678 821 Simoniae
1724 788 1903 823 insimulati
1929 813 1937 822 .
1984 787 2039 835 76.
2079 797 2110 823 2.

1282 843 1336 877 77.
1367 846 1395 871 1.
1418 846 1449 872 2.

1232 881 1403 919 Clericalis
1411 886 1554 930 antiquae
1562 887 1760 923 castimoniae
1780 889 1867 933 apud
1890 888 2029 924 Latinos
2045 886 2115 921 vul-

1282 941 1357 968 nera
1380 946 1612 978 exponuntur.
1641 948 1691 983 14
1705 950 1734 974 1.
1756 940 1790 973 δε
1810 941 1895 982 seqq.
1921 939 2114 982 Jovinianus

1281 985 1404 1027 primus
1416 984 1593 1019 Ecclesiam
1604 986 1764 1020 Latinam
1783 989 1837 1021 sua
1856 987 1995 1022 libidine
2015 986 2115 1022 foeda-

1283 1035 1350 1069 vit.
1381 1046 1433 1082 15·
1453 1045 1484 1070 2.
1512 1035 1703 1070 Monachus
1726 1035 1810 1077 fuit,
1846 1036 1923 1071 dein
1945 1037 2111 1077 Clericus.

1287 1095 1338 1131 ¹4.
1355 1097 1428 1123 1·2-
1470 1085 1599 1120 Docuit
1623 1086 1846 1131 virginitatem
1878 1080 2041 1130 pudicitiae
2060 1098 2114 1120 co-

1284 1136 1408 1181 njugali
1420 1147 1487 1170 non
1501 1137 1642 1180 praestare
1653 1162 1660 1169 .
1673 1137 1752 1171 ibid.
1779 1137 1995 1179 Voluptatem
2007 1137 2115 1180 predi-

1276 1186 1553 1230 ,cavit,jejunlum
1565 1187 1764 1222 existimavit
1775 1187 1972 1231 superfluum
1985 1211 1992 1219 .
2020 1199 2030 1221 1
2038 1197 2069 1232 ς.
2084 1185 2115 1223 ι’.

1284 1237 1353 1272 Hic
1373 1248 1450 1271 cum
1470 1237 1663 1283 Vigilantio
1689 1238 1910 1282 Hispaniam,
1947 1236 2090 1271 Galliam
2103 1260 2115 1278 ‚

1282 1299 1321 1321 ac
1352 1287 1483 1322 ltaliam
1503 1287 1683 1323 Monachis
1701 1287 1892 1333 Apostatis,
1917 1299 1957 1322 ac
1977 1286 2115 1321 Clericis

1281 1338 1467 1383 conjugatis
1479 1338 1594 1373 infecit
1607 1364 1614 1372 .
1641 1337 1732 1373 ibid.
1746 1339 1830 1373 Sunt
1841 1336 1978 1373 Lutheri
1991 1349 2030 1372 ac
2039 1336 2116 1372 Cal·

1283 1389 1352 1422 vini
1366 1390 1592 1431 praecursores.
1624 1400 1677 1437 15.
1698 1401 1735 1427 2.
1761 1388 1880 1423 Ariani
1903 1387 2114 1423 incontinen-

1233 175 1402 212 Cathedrae
1435 178 1672 215 Patriarchales
1704 180 1863 232 Romanae
1902 187 2114 225 subordinan-

1285 1448 1352 1473 tes.
1383 1438 1517 1474 Unde?

2009 1448 2063 1484 15·
2090 1448 2115 1474 2

1282 1588 1316 1621 in
1331 1589 1442 1621 Gallia
1455 1590 1490 1622 &
1503 1590 1623 1632 Belgio
1635 1590 1789 1634 sacrilega
1810 1589 2015 1625 sacerdotum
2034 1599 2114 1624 con-

1281 1636 1402 1683 nubia.
1433 1636 1487 1672 16.
1499 1649 1530 1674 2.
1555 1637 1727 1680 Tempore
1747 1636 2029 1682 Zachariaehpae
2043 1638 2115 1683 ale·

1282 1690 1337 1717 rus
1358 1680 1552 1718 Gallicanus
1570 1685 1704 1733 libidini
1719 1687 1876 1728 reqbat.
1901 1687 1979 1722 ibid.
2005 1688 2110 1722 Causa

1282 1734 1373 1768 illius
1387 1733 1465 1768 mali
1477 1734 1628 1769 refertur.
1658 1745 1711 1778 17.
1729 1739 1757 1768 1:
1779 1734 1809 1768 S.
1826 1734 2027 1779 Rigobemie
2036 1737 2112 1770 Cle-

1285 1795 1358 1819 rum
1369 1784 1676 1828 coepit'restaurare:
1703 1782 1757 1818 Ac
1766 1781 1860 1819 variae
1880 1783 2027 1828 Synodi.
2058 1795 2113 1832 17.

1281 1847 1314 1872 2.
1342 1836 1372 1870 S.
1387 1834 1580 1870 Bonifacius
1592 1834 1782 1870 coelibatum
1804 1835 2004 1880 pedetentim
2027 1835 2113 1869 resti-

1280 1885 1345 1920 tuit
1357 1909 1367 1925 ,
1380 1885 1577 1927 tandemque
1590 1887 1648 1920 suo
1660 1886 1818 1930 sanguine
1829 1884 1999 1930 sigillavit.
2029 1884 2109 1919 ibid.

1281 1937 1312 1971 S.
1336 1935 1538 1981 Rigobertus
1563 1946 1618 1979 per
1638 1935 1814 1970 claustrum
1831 1936 1867 1970 δε
1897 1946 2112 1970 communem

1281 1986 1534 2021 Canonicorum
1545 1985 1797 2029 vitamzequicos
1810 1985 1851 2020 ad
1863 1984 2043 2020 castitatem
2064 1995 2112 2019 re-

1258 2039 1261 2043 '
1280 2036 1393 2072 duxit.
1714 2033 1716 2035 ’
1777 2033 1779 2035 ’
2009 2036 2061 2072 18.
2090 2045 2108 2070 1

1233 2086 1559 2132 Clericalisdignitas
1571 2086 1688 2121 statum
1699 2083 1936 2120 Monachalem
1956 2084 2039 2119 olim
2059 2083 2111 2118 de-

1281 2137 1414 2171 struxit.
1445 2146 1498 2182 13·
1515 2148 1543 2174 1.
1572 2137 1703 2172 Votum
1713 2146 1822 2171 tamen
1845 2147 1915 2172 non
1935 2135 2110 2169 exstinxit.

1285 2199 1339 2233 13.
1355 2198 1384 2224 1.
1412 2187 1486 2221 Nec
1497 2188 1606 2222 obstat
1622 2186 1775 2230 Synodus
1786 2186 1955 2220 Toletum
1967 2184 2007 2219 11.
2020 2184 2111 2228 cujus

1282 2239 1404 2272 Canon
1417 2238 1532 2272 tertius
1543 2237 1715 2283 castigatur
1727 2237 1761 2271 ὃ(
1771 2236 1967 2280 explicatur.
2009 2244 2060 2283 13.
2087 2247 2111 2273 2

1232 2288 1594 2331 ClericiEvangelicum
1606 2287 1695 2322 verbi
1706 2299 1744 2321 ac
1754 2285 1955 2322 sacramenti
1968 2285 2113 2320 ministe-

1281 2339 1367 2373 rium
1377 2349 1446 2373 non
1459 2338 1532 2373 raro
1544 2335 1722 2372 Monachis
1744 2336 1951 2371 inviderunt.
1976 2344 2057 2371 220.
2083 2344 2110 2370 2

1283 2389 1321 2422 In
1334 2388 1474 2423 claustro
1485 2388 1577 2432 juxta
1592 2388 1770 2423 Ecclesiam
1780 2386 1970 2422 constituti.
1997 2382 2076 2423 228-
2091 2394 2107 2419 1

1234 2440 1358 2485 Clerici
1372 2451 1413 2473 ex
1425 2450 1466 2474 eo
1478 2438 1569 2483 quod
1581 2438 1674 2482 juxta
1685 2438 1843 2473 Canones
1852 2436 2000 2472 viverent
2011 2434 2111 2475 ,dieti

1219 2484 1224 2508 ¹
1283 2490 1449 2524 Canonici
1462 2514 1469 2523 .
1499 2487 1552 2527 18.
1573 2501 1603 2527 2.
1639 2488 1728 2524 Vide
1745 2489 1874 2532 Regula.

1237 2540 1357 2575 Clerici
1368 2541 1615 2575 incontinentes
1624 2539 1667 2574 ab
1678 2539 1819 2577 Ecclelia
1829 2537 1931 2572 latina
1942 2534 2110 2571 solentNi·

1284 2590 1412 2626 colaitae
1431 2590 1584 2634 appellari
1606 2615 1614 2623 .
1650 2601 1735 2638 417.
1756 2599 1783 2624 1.
1821 2587 1942 2622 Clerici
1973 2585 2110 2628 majores

1284 2640 1371 2685 apud
1383 2640 1521 2675 Latinos
1530 2641 1548 2674 a
1561 2640 1684 2684 nuptiis
1692 2647 1842 2674 arcentur
1851 2659 1862 2675 ‚
1871 2635 1955 2678 apud
1964 2634 2110 2674 Graecos,

1282 2692 1456 2736 Episcopi.
1485 2691 1564 2725 ibid.
1587 2690 1738 2726 Licentia
1748 2711 1759 2727 ,
1784 2696 1856 2730 quae
1865 2684 2003 2725 Clericis
2012 2683 2111 2727 majo-

1284 2741 1372 2776 ribus
1385 2742 1527 2786 permisit
1539 2741 1650 2774 uxotis
1659 2739 1771 2774 usum,
1798 2735 1920 2777 semper
1932 2733 1996 2767 fuit
2015 2732 2114 2768 odio-

1282 2793 1329 2825 sa.
1354 2800 1434 2839 417.
1448 2803 1476 2827 2.
1502 2782 1795 2823 Diaconis'uxores
1803 2783 1920 2819 ducere
1930 2782 2017 2828 apud
2029 2783 2115 2817 Grae·

1280 2841 1506 2875 cosabolitum
1519 2863 1528 2871 .
1986 2830 2065 2881 418·
2092 2844 2112 2870 1

1266 2890 1353 2924 lerici
1366 2888 1631 2924 Mediolanenses
1639 2886 1744 2930 jurare
1756 2884 1914 2929 compulsi
1924 2909 1935 2926 ,
1966 2885 1999 2918 se
2009 2884 2041 2917 se
2052 2887 2113 2927 pro

1281 2939 1490 2974 ordinatione
1498 2937 1583 2973 nihil
1593 2936 1730 2972 dedisse:
1745 2933 2007 2970 SecusMonachi
2020 2934 2112 2977 quip-

1282 3001 1322 3034 pe
1332 2988 1500 3034 quialabe
1509 2989 1764 3023 Simoniaeerant
1776 2987 1956 3020 immunes.
2007 2993 2063 3031 79.
2091 2994 2108 3019 1

1233 3041 1351 3076 Clerici
1362 3040 1531 3084 quondam
1542 3040 1575 3073 δε
1587 3040 1618 3072 se
1628 3039 1662 3072 δε
1673 3037 1760 3072 bona
1785 3037 1839 3070 sua
1859 3034 2028 3070 tradebant
2051 3033 2113 3067 Ec·

1281 3090 1378 3125 clefiae
1391 3116 1398 3123 .
1426 3100 1522 3139 79.2.
1556 3090 1653 3126 80.1.
1670 3100 1703 3125 2.
1731 3086 1871 3121 Oblatio
1892 3085 1947 3119 illa
1968 3094 2046 3118 ante
2058 3094 2113 3117 eo·

1283 3151 1355 3174 rum
1378 3141 1573 3175 electionem
1595 3141 1677 3175 faeta
1700 3137 1880 3172 simoniam
1890 3134 1971 3178 sapit
1984 3158 1996 3175 ‚
2023 3134 2112 3167 secus

1281 3192 1361 3225 fasta
1373 3190 1442 3235 post
1454 3191 1644 3224 electionem
1655 3215 1663 3223 .
2012 3181 2064 3220 80-
2089 3192 2116 3218 2

1233 3241 1370 3275 Clericis
1391 3242 1550 3276 familiare
1567 3239 1613 3275 est
1634 3236 1910 3274 Monasteriorum
1935 3234 2004 3279 jura
2024 3233 2117 3267 invo-

1246 3327 1252 3334 ,
1283 3292 1363 3326 late.
2012 3294 2064 3330 51.
2096 3293 2112 3317 1

1239 3341 1375 3376 clericis
1386 3340 1570 3376 minoribus
1583 3339 1678 3374 licuit
1691 3337 1880 3381 plerumque
1892 3346 2011 3370 uxores
2020 3333 2116 3367 duce·

1289 3404 1336 3428 fe·
1360 3402 1409 3440 13·
1424 3402 1450 3428 ¹·
1464 3390 1600 3428 Alicubi
1614 3401 1684 3426 non
1698 3388 1792 3426 licuit
1804 3381 2115 3471 Exercissgbfisefio·

1226 2928 1230 2936 ι

1233 276 1500 313 Cathedraticum
1516 280 1680 325 Episcopo
1694 281 1848 317 debetur.
1877 293 1929 330 97.
1944 288 1972 321 t.
1985 297 2016 322 2.
2037 288 2114 322 Mo·
2183 299 2187 302 ·
