2352 3736
480 169 1012 214 C⁴0NC1L1um
1081 164 1664 211 PARISIENSE.

235 261 319 295 quem
330 249 466 284 Vercellis
476 255 509 287 in
515 251 654 292 plenaria
664 249 771 288 synodo
782 250 961 284 damnatum
970 273 979 289 ‚
1005 255 1035 284 re
1047 258 1115 288 quo-

234 308 418 342 quopropter
427 311 493 336 ,eum
503 299 615 338 haerefis
626 301 741 336 macula
763 308 898 335 notatum
922 296 1094 334 audivimus
1107 322 1117 335 .,

236 351 367 394 Semper
385 350 529 392 abjurare
547 349 707 394 haeresim,
732 360 772 386 ac
795 349 896 391 ipsam
918 359 996 381 mox
1023 348 1118 381 resor-

234 400 308 434 bere
331 425 342 441 ,
368 411 434 434 erat
458 401 622 444 proprium
647 398 798 436 versatilis
821 398 1010 442 Berengarii
1029 399 1118 441 inge-

237 452 347 484 nium.
376 449 533 484 Eusebius
562 451 676 484 Bruno
697 447 873 491 Episcopus
894 449 957 482 fuit
979 445 1120 481 melioris

238 502 357 537 mentis
370 525 377 532 .
404 500 506 548 Qd
516 499 602 540 enim
616 511 671 546 per
682 498 747 541 ipsa
759 496 825 531 haec
838 497 987 532 scandala
1010 498 1120 533 admo-

238 551 325 584 nitus
347 551 526 594 resipuerit,
551 545 666 586 erroris
685 558 723 580 ac
748 547 883 581 Erronis
901 548 1119 596 patrocinium

238 600 408 634 deseruerit
420 625 431 641 ,
456 598 711 642 quin&famam
724 598 814 630 suam
839 597 1038 631 solemniter
1050 606 1121 638 pur·

239 651 364 696 gaverit
385 674 396 690 ,
424 643 516 683 vlucet
541 658 582 680 ex
608 645 677 688 ejus
703 645 922 690 Apologetica
949 645 1119 688 Epistola,

240 710 339 743 quam
360 708 460 740 nuper
478 695 629 741 vulgavit
650 695 831 734 Menardus
857 694 1121 739 Amdegavensis.

242 750 311 783 Hic
327 747 372 781 est
393 746 448 784 ille
469 745 628 779 Eusebius
638 745 775 784 Bruno,
802 745 943 788 quem&
963 743 1032 787 ejus
1053 743 1124 777 Tu-

240 797 411 835 ronensem
433 795 683 839 Metropolitam
697 793 910 837 Radulphum
922 792 1100 828 humilibus
1113 817 1123 832 ‚

242 858 321 891 quas
345 846 379 883 in
403 846 466 881 suis
486 845 526 879 ad
549 845 683 882 Petrum
705 843 746 878 de
769 844 883 878 Marca
906 842 1039 880 scholiis
1059 843 1124 877 edi-

241 896 291 933 dit
311 894 492 939 Stephanus
518 892 673 931 Baluzius
695 917 706 934 ,
740 893 855 931 litteris
875 893 1054 928 obtestatus
1079 892 1123 926 est

242 945 415 980 Gebuinus
425 943 698 990 Archiepiscopus
709 943 935 988 Lugdunensis
946 968 957 984 ‚
970 955 1011 979 ne
1025 943 1124 976 Ama-

242 1006 313 1030 tum
340 995 533 1029 olorensem
561 994 764 1038 Episcopum
784 994 976 1039 ,Gregorii
998 993 1125 1037 septimi

241 1045 414 1084 Pontificis
449 1044 612 1091 Legatum
633 1069 646 1085 ,
681 1045 859 1087 reciperent
899 1045 935 1077 in
969 1045 1023 1078 sua
1049 1042 1124 1078 Pro·

242 1095 349 1130 vincia
373 1119 384 1135 ‚
409 1095 444 1130 &
467 1106 558 1128 novo
580 1094 641 1128 isto
667 1094 838 1129 Vicariatu
867 1103 992 1128 novum
1018 1092 1125 1128 adhuc

240 1147 274 1181 ὅ(
297 1156 445 1180 tenerum
472 1144 702 1189 Lugdunensis
729 1143 1067 1181 EcclefiaePrimatum
1079 1144 1127 1177 of-

242 1195 333 1229 fendi
345 1207 382 1234 ac
404 1195 543 1237 deprimi
562 1203 746 1241 paterentur
760 1219 767 1225 .
796 1194 908 1228 Bruno
933 1194 1035 1239 igitur
1057 1205 1123 1228 non

244 1243 649 1286 solummOrthodoxus,
677 1244 731 1277 sed
752 1244 784 1277 &
805 1244 854 1277 uti
878 1254 994 1288 potens
1013 1245 1047 1278 in
1072 1244 1125 1277 sua

244 1295 418 1332 Provincia
432 1304 529 1337 atque
542 1295 667 1338 integer
679 1294 857 1338 Episcopus
880 1303 958 1328 tunc
978 1293 1105 1328 sedebat
1121 1323 1125 1326 .

246 1345 350 1380 Porro
361 1344 587 1389 Lugdunensis
610 1344 664 1377 ille
684 1343 844 1378 primatus
857 1344 916 1381 fuit
934 1347 1054 1381 err-stus
1073 1355 1126 1377 an-

247 1407 294 1429 no
317 1396 387 1438 post
410 1394 615 1428 millesimum
635 1394 866 1439 septuagesimo
889 1406 1003 1435 nono,
1030 1404 1126 1437 atque

248 1446 294 1478 ita
307 1445 419 1481 Bruno
431 1444 539 1478 vitam⁴
554 1444 712 1487 protraxit
733 1444 772 1477 ad
794 1444 915 1478 multos
934 1455 1055 1481 annos.
1084 1443 1129 1476 Et'

248 1495 267 1528 a
287 1494 378 1529 nulla
395 1494 525 1529 interim
546 1492 685 1541 Synodo
707 1493 824 1538 legitur
844 1494 886 1528 de
903 1505 1013 1530 errore
1035 1492 1127 1528 fuisse

249 1555 397 1580 notatus.
1128 1576 1131 1582 ,

300 1595 354 1631 De
366 1593 493 1633 laudata
505 1592 702 1626 Theoduini
714 1592 861 1636 Epistola
884 1591 992 1626 scribit
1010 1590 1129 1626 Domi-

248 1656 310 1679 nus
330 1642 516 1678 Cardinalis
528 1641 706 1676 Batonius:
737 1644 827 1676 Vides
845 1667 856 1684 ‚
880 1642 1004 1683 Ledor,
1031 1647 1129 1683 prima

248 1693 366 1739 spicula
393 1699 425 1727 in
452 1693 632 1726 virulentum
670 1696 837 1726 Draconem
862 1693 987 1725 vibrata
997 1691 1087 1734 fuiffe
1113 1692 1131 1720 ἃ

66 926 129 957 1³12.
158 929 187 954 ⁶.

64 967 142 1005 eap-
162 975 206 1003 30.

252 1745 419 1784 nobiliffima
430 1742 553 1785 Ecclefia
567 1740 719 1782 Leodi'cnfi
725 1767 735 1782 ,
756 1741 916 1774 Catholicae
923 1741 998 1783 fidei
1009 1738 1133 1782 tenacis-

246 1794 347 1838 fima,
373 1798 522 1835 imprImis
550 1795 622 1825 vero
648 1790 685 1824 ab
705 1794 771 1833 ejus
798 1790 941 1834 Episcopo
968 1791 1132 1830 nummio,

255 1856 305 1879 nec
328 1855 384 1876 non
404 1843 443 1875 ab
464 1840 592 1887 ejusdem
614 1840 747 1883 Ecclefiae
770 1840 934 1880 scholastico
957 1867 963 1873 .
1002 1840 1134 1884 Utique

255 1893 489 1933 Adelmanno,
516 1891 672 1928 Brixienfi
698 1891 806 1934 postea¹
844 1890 1007 1935 Episcopo
1027 1916 1034 1925 .
1074 1890 1133 1923 Re-

254 1945 377 1980 &insin
390 1941 528 1979 secunda
542 1940 770 1978 Francicarum
789 1952 895 1975 rerum
918 1939 1052 1975 Decade
1072 1941 1136 1975 exi-

253 1995 339 2028 mins
349 1992 547 2036 virloannes
560 1991 700 2025 Rivius.-
728 1993 906 2037 Berengarii
926 1990 1056 2032 haerefim
1075 1995 1135 2032 pri-

254 2056 319 2077 mus
331 2048 460 2076 omnium
483 2041 584 2085 infigni
603 2040 758 2082 Epistola,
786 2043 831 2075 ad
851 2044 1008 2075 Hem-icum
1028 2044 1137 2083 Regem

249 2093 364 2138 scripta
375 2118 385 2133 ,
411 2091 594 2125 Theoduinus
609 2089 774 2132 Leodicnfis
787 2089 953 2133 Episcopus
966 2102 1004 2126 ex
1019 2092 1138 2131 Praepo-

250 2143 305 2187 fito
315 2142 417 2176 Sanlli
441 2145 603 2175 Domitiani
625 2143 762 2185 Brugis,
788 2152 845 2173 non
870 2141 1034 2176 Durandus
1056 2164 1067 2180 ,
1093 2145 1137 2173 uti

258 2195 412 2227 voluerunt
423 2191 563 2226 hac‘lenus
586 2192 740 2231 nonnulli,
766 2190 953 2231 confutavit..
985 2190 1138 2232 Uterque

257 2243 388 2278 interim
424 2241 504 2277 reite
527 2242 664 2277 affirmat
686 2239 770 2276 hanc
790 2240 971 2282 Epistolam
996 2241 1058 2276 effe
1080 2238 1137 2282 pri-

258 2303 349 2326 mum
387 2291 577 2335 Magistrale
614 2290 766 2332 scriptum
804 2290 838 2322 in
886 2289 1138 2333 Berengarium.

258 2340 501 2381 Theoduinum
528 2340 637 2384 postea
663 2339 761 2375 secuti
787 2341 862 2373 sunt
889 2339 1021 2373 Sanctus
1047 2338 1139 2372 Guit-

256 2391 403 2426 mundus
415 2389 545 2425 Aversae
556 2390 757 2434 Episcopus,
783 2390 917 2424 sanstus,
939 2389 1140 2424 Lanfrancus

259 2440 535 2484 Archiepiscopus
555 2438 797 2473 Cantuarienfis
808 2463 818 2478 ,
847 2437 989 2482 Algerus
1002 2450 1044 2472 ex
1059 2438 1142 2471 Leo-

259 2492 361 2526 diensi
384 2490 560 2524 Canonico
581 2488 806 2523 Cluniacensis
828 2486 1015 2522 Monachus
1035 2513 1045 2527 ,
1070 2487 1144 2521 Hu-

252 2553 306 2586 ,go
317 2553 356 2575 ex
368 2540 569 2584 Lingonensi
583 2540 748 2583 Episcopo
761 2537 950 2574 Monachus
958 2536 1143 2572 Virdunen-

234 2606 244 2619 ·
263 2592 320 2632 sis,
345 2590 460 2627 Petrus
483 2589 689 2623 Venerabilis
710 2613 722 2629 ,
760 2587 938 2625 Durandus
956 2587 1144 2621 Troarnen·

264 2640 342 2673 sium
364 2639 495 2680 Abbas,
523 2639 702 2673 Guibertus
722 2638 762 2672 de
784 2638 1003 2683 Novigento,
1029 2649 1143 2672 omnes

265 2700 307 2723 ex
319 2689 422 2722 Sancti
444 2689 613 2726 Benediffi
633 2689 783 2728 Ordine,
809 2688 928 2731 aliique
949 2688 1079 2730 plures,
1105 2688 1145 2721 de

267 2736 386 2779 quibus
407 2738 552 2774 videatur
573 2740 608 2773 in
632 2738 789 2782 Sigeberti
813 2737 1056 2786 Gemblacensis
1078 2739 1146 2781 sup-

267 2789 434 2831 plemento
447 2788 609 2824 Robertus
623 2788 734 2823 Abbas
744 2788 929 2822 Montensis
940 2812 948 2820 .

260 2877 261 2880 Ἴ
317 2838 422 2872 Porro
433 2837 522 2878 quod
539 2837 578 2873 ,δε
599 2839 749 2872 Sanctum
773 2839 919 2874 Leonem
946 2837 1143 2872 Pontificem

267 2887 413 2930 &ipsam
437 2886 622 2920 Romanam
650 2887 825 2921 Ecclesiam
845 2887 1070 2931 blasphemarit
1090 2888 1149 2921 Be-

267 2937 455 2982 rengarius,
476 2936 619 2972 affirmat
640 2947 708 2970 non
731 2937 817 2970 solus
836 2937 1014 2971 Durandus
1029 2938 1150 2973 Troar-

271 2988 391 3025 nensis,
419 2986 471 3020 sed
485 2987 584 3029 etiam
596 2986 628 3018 in
642 2985 730 3019 edito
743 2985 898 3029 adipsum
912 2986 1144 3030 Berengarium

271 3038 355 3071 libro
381 3037 513 3070 Sanstus
545 3035 746 3069 Lanfrancus
774 3050 784 3068 :
821 3038 967 3069 Traditus
995 3041 1027 3068 in
1053 3045 1148 3078 repro-

270 3087 339 3122 bum
357 3085 471 3130 sensum
497 3110 508 3125 ‚
533 3085 670 3119 SanHam
695 3087 861 3119 Romanam
881 3084 1038 3127 Ecclefiam
1062 3098 1149 3119 vocas

272 3135 426 3177 Ecclesiam
449 3137 702 3182 Malignantium,
728 3135 889 3166 Concilium
912 3140 1061 3168 vanitatis
1075 3160 1085 3175 ,
1103 3135 1147 3178 se.

102 3183 172 3222 cal>-
194 3186 220 3214 ὗε
274 3188 341 3220 dem
362 3184 503 3219 sathana
525 3211 531 3217 .
560 3185 602 3218 Et
628 3185 760 3219 Sanstus
781 3183 1019 3220 Guitmundus:
1044 3187 1150 3218 Beren-

269 3242 372 3280 garius
387 3237 457 3275 jam
476 3235 646 3275 dcfunllum
657 3235 793 3268 Sanc‘lum
814 3236 939 3265 Leonem
952 3236 1091 3275 Papam,
1117 3237 1151 3269 Θ·

276 3285 398 3320 ,ςαηέῖω
423 3288 507 3317 Viros
531 3308 542 3324 ,
565 3292 616 3326 qui
637 3284 797 3326 interfuere
822 3284 974 3323 Concilio,
1001 3284 1150 3318 maledicis

262 3336 380 3375 'verbis
404 3336 438 3368 (θ’
456 3332 576 3377 scriptis
597 3336 724 3369 lacerare
739 3344 794 3367 non
816 3331 918 3373 desiit,
943 3333 1150 3374 sanc‘liffimum

277 3387 353 3419 illud
370 3396 403 3417 ac
428 3384 701 3424 Rcverendiffimum
725 3382 855 3425 Ecclcfiae
874 3381 1021 3424 speculum
1042 3408 1052 3423 ‚
1073 3384 1151 3425 ficm-

276 3448 356 3472 mum
379 3446 435 3469 non
458 3432 646 3476 Pontificem,
665 3432 723 3476 sed
744 3432 928 3476 Pompificcm
950 3442 1040 3476 atque
1053 3435 1150 3476 Pulpi-

91 2591 126 2618 Α·
163 2595 211 2623 105
221 2598 226 2605 '

1190 2456 1196 2549 φ

1890 174 2000 212 261.

1171 248 1254 290 ficem
1280 259 1389 282 vocans
1411 272 1422 291 ‚
1459 259 1580 291 eumque
1602 248 1802 290 infamatione
1823 248 1990 290 unfranci
2010 254 2057 284 in·

1192 306 1330 332 amatum
1354 323 1364 339 ‚
1402 301 1564 333 concilium
1591 305 1743 333 vanitatis
1765 300 1903 342 adunaffb
1925 298 2059 342 blaspbe-

1176 359 1280 380 mans.
1310 349 1378 382 Cur
1400 348 1525 391 Papam
1538 349 1656 386 dixerit
1678 348 1895 395 Pulpificem,
1920 350 2058 394 exponit

1179 398 1366 442 marginalis
1377 399 1416 433 ad
1437 399 1590 444 Gregorii
1611 399 1739 445 septimi
1760 399 1778 432 a
1799 399 1959 434 Bennone
1981 400 2058 435 Car-

1178 447 1288 481 dinaie
1310 449 1460 492 scriptam
1486 450 1585 483 vitam
1605 447 1798 484 Scholiastes
1823 463 1830 482 ε
1859 447 2058 494 Berengams

1182 498 1352 539 Pontificem
1378 502 1543 531 Romanum
1563 511 1620 532 non
1643 507 1760 534 veritus
1781 498 1819 540 est
1829 511 1932 535 vocare
1958 498 2060 543 Pulpi-

1176 547 1276 589 ficem,
1303 548 1382 590 quod
1403 549 1531 589 Pulpam
1545 572 1556 589 ,
1584 551 1620 580 id
1638 549 1674 589 est
1695 575 1706 591 ,
1733 554 1864 584 Carnem
1881 556 1915 584 in
1942 550 2060 584 Eucha-

1179 597 1260 637 ristia
1281 598 1334 640 effi·
1356 597 1504 638 definierit
1517 623 1524 630 .
1554 597 1610 630 Est
1638 595 1857 642 antiquissima
1873 600 2063 634 ‘Haereticoe

1181 658 1252 680 rum
1263 656 1362 690 atque
1377 647 1538 681 Erronum
1551 647 1700 680 audacia.
1727 649 1860 682 Etenim
1873 650 1955 684 utin
1977 660 2063 684 erro-

1181 707 1214 729 re
1236 696 1277 729 de
1297 696 1503 731 exsufflando
1523 696 1763 730 Haereticorum
1791 699 1959 741 Baptismo
1985 700 2062 733 San-

1181 747 1268 778 stum
1282 744 1503 792 Cyprianum,
1531 745 1681 778 adversus
1693 747 1846 781 Sanstum
1859 747 2064 791 Stephanum

1184 795 1351 837 Papamin
1374 793 1568 838 Apostolica
1595 794 1772 829 traditione
1794 797 1824 830 se
1847 797 2064 839 fundantem,

1182 845 1325 878 'firmaret
1339 843 1550 881 Firmilianus
1570 844 1778 879 Caesareenlis
1798 843 1833 877 in
1855 846 2067 890 Cappadocia

1186 894 1364 937 Episcopus
1389 917 1400 934 ,
1430 894 1588 929 clamavit
1614 896 1800 929 Romanam
1827 895 2005 930 Ecclesiam
2032 899 2069 930 in

1187 944 1296 978 multis
1306 942 1433 978 deviare
1447 944 1487 978 ab
1499 942 1700 988 Apostolicis
1710 945 1867 979 institutis
1878 969 1888 985 ,
1908 947 1942 980 &
1954 945 2019 980 hoc
2033 946 2071 980 in

1187 996 1305 1039 punito
1324 993 1458 1029 sanctos
1480 994 1614 1029 Petrum
1636 997 1679 1030 ·&
1701 995 1841 1030 Paulum
1864 996 1882 1029 a
1904 996 2071 1039 Stephano

1187 1044 1337 1080 infamari
1360 1069 1367 1076 .
1404 1044 1505 1091 Qod
1542 1046 1647 1089 ipsum
1669 1045 1820 1081 adversus
1843 1045 2075 1090 zephyrinum

1190 1095 1386 1129 Pontificem
1412 1093 1610 1131 blaterarunt
1633 1095 1778 1131 Nestorii
1800 1095 1959 1142 Magister
1980 1097 2077 1131 Arte-

1188 1156 1289 1184 mon,
1311 1144 1541 1187 montanista,
1569 1157 1606 1180 ac
1617 1145 1863 1180 Tertullianus.
1893 1146 1982 1180 Cum
1994 1146 2080 1191 dog÷

1191 1205 1276 1230 mate
1290 1193 1518 1239 Apostolicam
1530 1207 1660 1240 quoque
1671 1195 1878 1240 disciplinam
1890 1196 2077 1232 clamarunt

1189 1245 1296 1279 abillo
1317 1254 1501 1290 corruptam
1513 1270 1521 1278 .
1550 1246 1620 1281 Era
1634 1245 1788 1281 Romana
1801 1246 1941 1282 Ecclesia
1952 1271 1974 1290 ,γ
1988 1244 2080 1290 quod

1191 1305 1365 1338 pervertere
1385 1307 1453 1330 non
1474 1297 1577 1339 posset
1597 1322 1608 1338 ,
1646 1298 1678 1330 se
1709 1296 1882 1331 manifesto
1910 1294 2081 1330 schismate

1192 1348 1367 1388 separatura
1391 1345 1573 1381 Eusebiana
1596 1346 1796 1381 Arianorum
1812 1346 1933 1387 factio,
1960 1347 1995 1379 in
2006 1343 2083 1378 Phi-

1193 1395 1451 1439 lippo-Politano
1481 1397 1730 1432 Conventiculo
1762 1396 1893 1431 definiit
1922 1395 1963 1430 ab
1994 1395 2087 1439 ipsa,

1191 1445 1404 1489 degradatum
1433 1444 1475 1478 ab
1506 1446 1672 1480 Orientali
1699 1445 1838 1488 synodo
1866 1443 2085 1480 Athanasium

1192 1503 1361 1536 reparante
1385 1518 1395 1533 ‚
1433 1494 1497 1529 esse
1524 1494 1686 1529 violatum
1709 1494 1947 1539 Evangelicum
1975 1506 2013 1529 ac
2040 1493 2087 1528 A-

1194 1543 1389 1586 postolicum
1411 1543 1588 1578 Canonem
1609 1569 1621 1584 ,
1659 1545 1693 1578 &
1719 1544 1842 1588 Julium
1862 1544 1988 1578 Pontifi
1998 1553 2090 1584 cern,

1193 1593 1241 1626 uti
1263 1590 1359 1635 hujus
1381 1593 1654 1636 praevaricationis
1673 1595 1856 1635 auitorem,
1881 1593 2090 1628 communio-

1196 1653 1236 1676 ne
1257 1642 1410 1684 privavit.
1440 1643 1495 1678 Ut
1519 1642 1538 1676 ὲ
1560 1640 1750 1678 Melchiade
1775 1642 1888 1679 datum
1912 1645 1947 1678 in
1975 1643 2091 1678 Dona-

1196 1703 1266 1725 tum
1286 1691 1477 1735 Casaenigrae
1503 1692 1727 1736 Episcopum,
1754 1704 1792 1726 ac
1814 1693 1884 1736 ejus
1912 1694 2092 1728 factionem

1197 1742 1419 1776 damnationis
1456 1741 1617 1784 judicium
1653 1753 1847 1777 evacuarent
1885 1743 2095 1787 Donatistae,

1199 1791 1431 1825 Marcellinum
1457 1803 1494 1825 ac
1515 1791 1683 1826 laudatum
1709 1790 1935 1827 Melchiadem
1967 1794 2094 1828 accusa·

1199 1851 1314 1876 verunt
1337 1841 1549 1876 idololatricae
1572 1841 1630 1876 sub
1663 1842 1879 1877 Diocletiano
1907 1840 2096 1878 Thurifica-

1199 1892 1324 1931 tionis,
1353 1891 1578 1934 Apostolicarn
1601 1893 1828 1927 successionem
1851 1892 2004 1927 dixerunt
2027 1893 2098 1927 Ro-

1200 1953 1260 1975 mae
1280 1941 1493 1982 exstinctam,
1520 1941 1662 1985 ideoque
1680 1944 1714 1977 δε
1736 1954 1862 1976 novum
1889 1942 1908 1976 ὲ
1929 1944 1981 1977 sua
2006 1954 2098 1978 corn·

1200 1992 1361 2025 munione
1385 1991 1453 2024 illic
1478 1991 1711 2026 ordinaverunt
1732 2003 1825 2026 novae
1846 1993 1985 2036 originis
2007 1993 2098 2036 Epis-

1200 2051 1343 2084 copum,
1371 2052 1469 2083 quem
1491 2042 1526 2077 in
1550 2042 1659 2075 nescio
1685 2054 1748 2086 qua
1770 2041 1952 2076 suburbana
1968 2053 2046 2084 rupe
2059 2043 2101 2076 la·

1201 2092 1355 2125 titantem
1379 2090 1553 2126 Romanus
1572 2092 1714 2135 populus
1740 2103 1795 2135 per
1818 2092 1959 2126 ironiam
1982 2091 2095 2126 titula-

1202 2141 1257 2176 bat
1281 2140 1478 2183 Episcopum
1506 2141 1729 2184 Rupitanum.
1759 2143 1837 2189 Qa
1849 2140 1883 2174 in
1898 2142 2098 2176 maledicen-

1201 2190 1245 2224 tia
1257 2189 1340 2223 adeo
1352 2191 1489 2232 profecit
1502 2191 1644 2234 ipsorum
1656 2191 1940 2228 Constantinensis
1961 2192 2097 2236 Episco-

1203 2251 1259 2283 pus
1284 2239 1466 2273 Petilianus
1489 2264 1500 2280 ,
1527 2251 1563 2274 ut
1591 2240 1822 2283 Apostolicam
1849 2241 2015 2276 Romanae
2032 2242 2095 2276 Ec-

1202 2289 1301 2324 clefiae
1313 2289 1513 2325 Cathedram
1527 2290 1619 2325 fuisse
1630 2291 1752 2335 abipso
1764 2292 1959 2335 appellatam
1985 2291 2098 2327 Cathe-

1204 2341 1292 2373 dram
1309 2338 1484 2381 pestilentia·
1502 2363 1513 2378 ,
1552 2341 1684 2377 testetur
1710 2343 1842 2377 Sanctus
1868 2342 2095 2387 Augustinus.

1203 2391 1390 2432 Zozymum
1427 2390 1507 2426 item
1535 2402 1612 2425 cum
1645 2392 1702 2426 suo
1731 2391 1831 2426 Clero
1864 2391 2092 2434 Pontificem,

1190 2434 1294 2482 'quod
1316 2439 1403 2483 prius
1425 2441 1555 2483 paterne
1574 2441 1614 2474 ad
1636 2442 1774 2478 meliora
1792 2449 1957 2478 tentatum
1987 2441 2095 2477 Coele-

1203 2489 1301 2523 stium
1323 2489 1455 2524 tandem
1477 2490 1656 2525 damnasset
1679 2516 1689 2532 ,
1725 2491 2026 2527 maledicentissime
2052 2492 2096 2527 de

1191 2539 1464 2581 ›praevaricatione
1486 2540 1666 2575 defamavit
1688 2541 1836 2585 Julianus
1850 2540 2067 2586 Pelagianista
2079 2567 2095 2585 ,

1205 2589 1365 2622 blaterans
1388 2587 1468 2623 hinc
1489 2590 1506 2624 a
1531 2590 1662 2625 vindice
1694 2592 1769 2625 Deo
1790 2590 1883 2626 fuisse
1915 2591 2097 2626 immissum

1206 2637 1351 2672 Schisma
1380 2639 1588 2674 Eulalianum
1611 2664 1619 2672 .
1659 2639 1757 2675 Plura
1781 2642 1855 2675 sunt
1882 2639 1977 2684 hujus
1998 2642 2096 2674 auda-

1207 2689 1262 2722 ciae
1287 2690 1435 2731 exempla
1459 2714 1466 2721 .
1507 2691 1643 2723 Sanetus
1670 2691 1825 2725 Seleucus
1849 2690 2030 2725 Amasenus
2052 2691 2095 2724 E-

1209 2737 1359 2781 piscopus
1379 2761 1390 2776 ‚
1429 2738 1659 2783 Helenoponti
1682 2739 1901 2784 Metropolita
1924 2763 1936 2778 ,
1974 2740 2010 2773 in
2031 2741 2095 2774 suae

1209 2787 1335 2831 Synodi
1358 2787 1399 2821 de
1421 2787 1685 2823 Chalcedonensi
1718 2790 1876 2824 Concilio
1906 2789 1941 2822 &
1969 2789 2094 2824 intruso

1211 2839 1244 2872 in
1269 2837 1526 2872 Alexandrinam
1548 2837 1749 2877 Cathedram
1778 2838 1965 2875 Timotheo
1997 2839 2094 2873 AElu-

1210 2887 1299 2937 road
1323 2888 1468 2922 Leonem
1488 2888 1672 2933 Augustum
1693 2891 1810 2925 litteris
1832 2891 1886 2924 dat
1906 2889 2069 2924 rationem
2082 2902 2093 2923 z

1211 2941 1242 2971 51·
1258 2939 1349 2970 lucem
1362 2944 1430 2971 caeci
1443 2964 1452 2978 ,
1479 2940 1511 2972 ὦ·
1524 2945 1683 2972 veritatem
1696 2942 1850 2974 mendaces
1874 2937 2033 2982 accusant,
2058 2940 2094 2972 il-

1211 2989 1232 3020 li
1254 2988 1372 3029 quidem
1392 2997 1513 3029 propter
1535 2995 1694 3023 caecitatem
1717 2989 1801 3032 visus
1822 3013 1833 3030 ,
1854 2990 1898 3022 illi
1919 2993 1993 3024 vero
2013 2990 2095 3033 quod

1213 3049 1310 3070 eorum
1321 3048 1399 3069 error
1412 3040 1444 3071 (9
1457 3039 1572 3070 malitia
1591 3045 1708 3079 pariter
1729 3047 1918 3081 arguantur,
1955 3045 2093 3072 novimus

1214 3091 1284 3128 quia
1305 3097 1400 3118 omnes
1424 3088 1700 3120 HaereticisanHas
1710 3090 1856 3129 synodos,
1883 3099 1981 3122 eorum
1992 3091 2091 3123 malas

1210 3135 1306 3179 sedas
1328 3136 1505 3174 destruentes
1521 3161 1532 3176 ‚
1560 3136 1696 3179 accusant
1718 3163 1725 3170 .
1763 3140 1809 3172 Sic
1827 3144 1906 3174 enim
1926 3143 2032 3172 Ariani
2055 3141 2091 3173 (θ’

1215 3189 1396 3218 Eunomiani
1420 3186 1455 3217 de
1475 3189 1613 3220 Nicaenis
1641 3188 1782 3221 Patribus
1808 3198 1922 3233 agunt,
1959 3189 2093 3223 Macedo·

1217 3241 1297 3268 niani
1322 3236 1357 3267 de
1378 3242 1560 3279 congregatis
1580 3243 1612 3269 in
1640 3237 1711 3270 urbe
1741 3238 2089 3282 Constantinopolitana‚

1219 3285 1384 3325 Nestoi-iani
1406 3285 1540 3327 Ephesi‘ae·
1560 3289 1681 3326 synodo,
1708 3288 1937 3330 Eutychianistae
1947 3292 2017 3323 vero
2032 3290 2090 3319 Pa»

1216 3335 1310 3367 tribus
1335 3334 1515 3370 Chalcedone
1536 3338 1774 3379 convenientibus
1794 3338 2013 3382 adversantur.
2041 3336 2091 3368 Ita,
2111 3380 2129 3387 .-

1218 3386 1249 3417 in
1277 3386 1427 3419 Sanctum
1452 3385 1596 3421 Leonem
1621 3399 1659 3421 ac
1683 3388 1871 3423 Romanam
1894 3385 2094 3426 Ecclesiam,
2111 3386 2158 3417 ΒΡ·
2181 3385 2227 3414 53·

1217 3433 1305 3479 quod
1326 3433 1367 3470 ab
1386 3435 1458 3480 ipsis
1475 3438 1643 3480 praesertim
1661 3438 1854 3480 damnatus,
1879 3446 2013 3471 omnem
2030 3435 2091 3469 suae

1950 3483 2045 3518 male·

2117 2268 2175 2299 Lib.
2201 2282 2226 2300 2.

2115 2310 2187 2349 Cap.
2207 2316 2255 2348 514
