2352 3736
138 2920 295 2953 Λιιιιοόιιι.

337 144 622 284 Μῇξιῖίεκιω.
650 211 754 250 Utin
766 210 883 260 plene’
873 225 941 259 ‚am
951 213 1128 252 Catholica
1141 217 1221 252 His·

334 277 433 324 pania
457 268 633 308 aliitrina,
657 264 715 302 alii
741 266 839 301 unica
851 265 1014 301 mersione
1025 277 1215 310 uterentur,

333 338 402 363 non
415 317 656 358 conveniebam
683 327 744 356 nec
766 316 847 356 item
874 326 913 354 ut
923 316 1069 361 Hispani
1090 318 1136 357 ad
1146 319 1215 360 Go-

332 377 466 412 thoi-um
478 379 621 409 morem
618 364 825 408 accederent.
851 367 905 402 Sic
917 367 1008 413 enim
1023 368 1091 406 illis
1102 369 1216 414 praebe-

329 433 428 463 mur
425 419 685 462 fundamentum
694 441 705 459 ‚
730 428 773 452 ex
783 427 852 460 quo
863 429 933 454 non
943 419 978 461 se
989 408 1032 467 ab
1042 418 1213 464 Hispanis,

329 473 383 513 sed
394 471 564 516 Hispanos
585 469 649 503 ase
659 465 816 502 correctos
825 467 1022 515 Jaaitarent
1047 469 1113 520 Sic
1121 471 1214 506 enim

326 522 486 565 Haeretici
510 519 774 562 consueverunt.
799 507 894 564 Hinc
904 530 984 565 ergo
1008 517 1112 555 etiam
1138 514 1213 565 ipfis'

325 574 462 614 ‚unicam
484 570 680 613 mersionem
701 561 836 604 Sanctus
860 569 1010 605 Leander
1035 570 1213 615 imposuit.

327 625 408 666 Erat
432 633 481 657 res
506 631 622 666 magni
647 618 825 668 ponderis.
853 616 988 655 Etenir'n
999 620 1214 671 Gothorum,

326 672 404 716 licet
427 672 471 708 ab
495 671 571 725 iplis
590 670 748 712 vitiatus,
773 670 933 721 ,ι’ἰιιιςειιιι
943 666 1081 708 traditio
1105 683 1145 708 ac
1159 672 1213 708 lex
1235 697 1237 702 f

326 717 526 769 Apostolic‘a
539 745 551 763 ,
575 715 803 770 Hispanorum
817 715 928 756 autern
938 733 1011 765 ιιιο,3
1023 731 1092 759 erat
1101 718 1213 763 novel-

324 774 396 817 lum
420 771 634 816 institutum,
661 764 804 822 ideoque
824 771 880 807 hic
897 769 1129 819 potiusquam
1134 763 1212 808 ille

322 814 494 869 videbatur
503 821 698 870 mutandum
728 817 823 856 Hinc
834 833 969 873 gravem
994 835 1032 859 ac
1041 818 1210 859 difficilem

320 866 535 916 ¹quaestionem
551 864 697 922 δαιιόἰιις
724 867 889 907 Leander
900 873 1014 913 retulit
1040 874 1097 909 ad
1104 867 1211 925 sedem

323 923 577 981 Apostolicam,
601 921 636 956 δε
661 917 728 965 ejus
733 918 902 965 judicium
927 923 974 958 ob
986 922 1140 959 addustas
1163 937 1213 960 ra·

327 975 436 1009 tiones
463 969 630 1022 probavit
642 983 680 1006 ac
705 971 1001 1024 firmavitMaguus
1011 974 1209 1020 Gregorius.

320 1024 450 1065 Primi
440 1024 592 1071 igiture
581 1014 766 1068 Catholicis
778 1018 921 1074 Hispani
941 1025 1037 1079 istam
1064 1025 1211 1088 Aposto-

323 1076 424 1115 licam
447 1062 680 1122 ιιιιᾱὶιὶφιιειιι·
671 1083 906 1115 immutarunt.

373 1125 419 1159 Et
434 1124 522 1166 haec,
548 1116 721 1173 praesertim
731 1125 802 1170 post
816 1121 990 1173 obtentam
1012 1128 1104 1164 Sedis
1116 1127 1204 1172 Apo-

317 1175 441 1213 stolicae
451 1170 764 1224 confirmationem,
790 1175 981 1228 ¹immutatio
1003 1190 1074 1214 non
1101 1179 1207 1214 caruit

316 1226 469 1261 obicibus
495 1218 884 1261 &contradietionibus.
888 1223 1037 1264 Etenim
1061 1229 1102 1265 de
1112 1228 1207 1272 Joan·

316 1287 359 1310 ne
372 1287 490 1321 quarto
501 1268 879 1324 Constantinopolitano
902 1279 1069 1324 Episcopo
1094 1279 1204 1316 scribit

318 1328 352 1359 in
367 1329 515 1362 virorum
529 1326 703 1372 illustrium
714 1329 870 1374 catalogo
880 1331 989 1366 Sancti
1008 1330 1177 1366 Leandri
1168 1327 1201 1366 ιιι

315 1377 502 1422 Hispalenfi
510 1368 682 1420 Cathedra
695 1378 853 1415 succeffor
863 1403 874 1421 ,
900 1381 936 1429 ὃς
947 1391 1124 1429 germanus
1143 1371 1202 1418 fra-

314 1438 385 1469 ter,
411 1430 549 1463 Sanstus
560 1423 718 1463 isidorus:
739 1433 987 1476 Joannesgraeco
997 1434 1107 1476 eloquio
1136 1434 1204 1467 edi·

313 1479 361 1511 dit
374 1477 557 1521 Rescriptum
575 1480 613 1513 de
626 1481 817 1515 sacramento
826 1482 1031 1527 Baptismatis
1040 1484 1087 1516 ad
1095 1485 1201 1517 Beatae

313 1530 522 1564 recordationis
531 1533 693 1563 Dominum
702 1541 798 1564 meum
813 1534 847 1578 <tf
856 1534 1094 1577 Praedecefforem
1105 1537 1199 1572 Lean-

312 1580 401 1612 drum
415 1571 578 1627 Antistium
589 1602 600 1619 ‚
625 1584 658 1612 in
668 1591 726 1622 quo
738 1579 815 1613 nihil
830 1586 918 1622 ponit
933 1587 1092 1624 proprium
1108 1606 1121 1623 ,
1140 1581 1202 1627 sed

311 1631 435 1671 replicat
456 1624 681 1674 tantummodo
689 1632 820 1662 Parrum
842 1636 1033 1674 antiquorum
1056 1633 1094 1664 de
1114 1637 1199 1664 trina

312 1678 448 1720 mersione
463 1678 651 1723 finientias.
678 1677 822 1710 Trinam
845 1674 1039 1725 mersionem
1052 1679 1198 1725 Ioannes¹

312 1730 373 1764 urs
363 1739 390 1764 t
410 1728 474 1763 effe
494 1725 724 1772 Apostolicam
754 1726 969 1771 traditionem
1002 1740 1042 1763 ac
1054 1726 1197 1773 legem,

309 1780 454 1823 ideoque
480 1776 525 1822 ob
538 1775 743 1822 blasphemas
764 1776 816 1810 illi
826 1776 868 1811 ab
877 1776 1013 1822 Arianis
1034 1778 1196 1813 subintru-

310 1831 358 1864 sas
381 1840 485 1873 nugas
510 1838 570 1872 nec
581 1835 688 1860 vitiari
700 1826 864 1869 potuisse
887 1838 949 1861 nec
971 1826 1115 1863 debuisse
1126 1839 1195 1874 rnu-

309 1879 391 1914 tari.
418 1868 532 1922 Pergit
543 1875 680 1911 Ilidorus
707 1875 749 1909 de
761 1877 880 1923 Sandto
894 1876 1068 1912 Leandro:
1095 1882 1195 1914 Lean-

309 1930 363 1963 der
377 1926 503 1972 scripfit
515 1925 648 1969 epistolar
661 1925 776 1969 multas
799 1928 846 1959 ad
866 1921 987 1972 Papam
999 1932 1190 1974 Gregorium.

309 1982 354 2013 De
374 1976 533 2021 baptismo
537 1986 630 2019 unam
654 2000 661 2008 .
689 1976 740 2009 Ad
758 1985 879 2010 caeteros
900 1989 1012 2020 quoque
1034 1978 1195 2022 Episcopos

302 2030 510 2079 promulgavit
526 2028 677 2069 plurimas
693 2026 872 2070 familiares
892 2029 1028 2071 epistolas
1041 2053 1052 2070 ,
1078 2029 1133 2072 etsi*
1138 2041 1196 2064 non

302 2080 385 2127 satis
401 2078 583 2123 splendidas
604 2077 707 2110 verbis
722 2100 733 2116 ‚
763 2087 870 2121 acutas}
882 2106 884 2108 ,
897 2088 1001 2122 tamen
1014 2079 1190 2126 sententiis.v

303 2128 352 2165 'Et
363 2131 405 2165 de
417 2129 610 2164 Luciniano
624 2129 787 2172 Spartana:
801 2127 1014 2174 Carthaginis
1026 2130 1194 2175 Meti-opo<

306 2183 412 2215 lirano
425 2180 590 2224 Episcopo
603 2192 615 2212 .·
642 2181 806 2223 Luciniani
826 2181 987 2223 nonnullas
1001 2182 1122 2225 legimus
1135 2187 1195 2224 epte

301 2232 412 2280 stolas.
444 2234 490 2264 De
502 2232 692 2263 sacramento
714 2226 906 2271 baptismatis
915 2243 1024 2264 unam.
1050 2232 1193 2266 Leandri

305 2281 348 2318 ad
360 2281 562 2326 Gregorium
573 2280 710 2324 epistola
739 2279 868 2316 videtur
889 2281 983 2324 fuiffe
994 2283 1035 2317 de
1047 2283 1129 2316 fasta
1141 2283 1194 2319 tri-

305 2345 355 2369 nae
377 2331 544 2366 mersionis
563 2330 783 2381 abrogatione
805 2332 946 2373 relatio,
973 2344 1029 2377 per
1052 2333 1194 2367 aliarum

304 2384 451 2428 ¹aliquam
472 2380 671 2425 hauddubie
691 2381 896 2426 responderit
908 2383 1031 2430 Joanni
1055 2383 1194 2428 Patriar·

305 2433 392 2468 chae.
421 2434 465 2473 Et
484 2441 522 2466 ut
541 2433 600 2467 suo
626 2432 713 2467 fatto
735 2433 867 2479 pondus
885 2433 1042 2478 adderet,
1068 2434 1193 2469 curavit

305 2483 400 2517 scribi
421 2484 521 2518 etiam
546 2494 603 2527 per
626 2483 850 2518 Lucinianum
873 2508 881 2516 .
918 2484 963 2522 Et
986 2485 1167 2530 Gregorius
1181 2509 1192 2527 ‚

305 2534 341 2569 &
368 2533 536 2576 Ioannes,
566 2534 601 2577 δι
628 2532 780 2575 Leander
807 2534 955 2569 viderant
982 2536 1060 2572 stese
1063 2535 1191 2569 mutuo

305 2582 392 2627 apud
406 2573 757 2627 Constantinopolim,
783 2586 976 2628 fuerantque
996 2585 1191 2619 familiares.

304 2634 526 2670 otcafionem
548 2632 650 2666 edicit
661 2657 672 2673 ,
699 2632 742 2667 de
753 2642 873 2668 vexato
888 2645 944 2678 per
956 2626 1117 2677 Arianum
1129 2634 1194 2669 Re-,

307 2695 384 2730 gem
415 2682 629 2727 Levigildum
659 2682 778 2726 Sancto
804 2684 958 2719 Leandro
992 2695 1093 2730 agens
1118 2710 1129 2727 ‚
1156 2685 1192 2718 in

308 2733 427 2770 mundi
440 2733 613 2768 Chronico
626 2733 733 2767 Lucas
743 2733 910 2775 Tudensis
922 2746 931 2766 ι
944 2736 1082 2778 Leander
1091 2759 1102 2774 ,
1127 2746 1192 2769 cum

310 2790 433 2819 Arianae
456 2781 730 2826 baerefisftrvorent
749 2793 882 2827 tempore
894 2787 1052 2830 Levigildi
1073 2784 1111 2818 ab
1127 2784 1194 2829 His·

303 2841 409 2880 paniis
428 2835 576 2878 quondam
597 2834 752 2875 confutare
775 2836 918 2877 radicitus
944 2836 1095 2879 nequiisset
1108 2860 1119 2875 ‚
1136 2844 1194 2878 pro,

304 2882 519 2930 ‘conservandis
537 2883 652 2928 sanc‘lae
671 2886 918 2926 &immaculatae
933 2889 1098 2927 Trinitatis
1113 2892 1195 2928 capi-

312 2935 384 2970 tulis
395 2938 442 2976 ad
450 2933 800 2976 Constantinopolitanum
812 2934 976 2979 Praeficlum
984 2945 1090 2977 tuf-turn
1098 2934 1193 2979 trans

312 2993 425 3020 meavit
447 3012 455 3019 .
482 2986 575 3025 Hinc
597 2985 767 3029 quaestioni
796 2985 876 3020 huic
899 2987 929 3020 se
972 2987 1114 3030 Joannes
1134 2986 1195 3023 rni-

314 3037 409 3070 scuit.
437 3036 503 3077 Pro
526 3034 659 3080 superbo
671 3035 857 3080 Universalis
869 3035 1012 3080 Episcopi
1036 3035 1137 3070 titulo
1149 3036 1196 3078 lu-

314 3086 454 3120 &abatur
477 3099 557 3121 tunc
577 3086 727 3127 adversus
738 3087 957 3133 Gregorium:
983 3087 1076 3121 Hinc
1095 3087 1194 3121 etiam

318 3134 413 3178 poffit
432 3136 520 3170 hunc
539 3136 813 3179 contradiffionis
835 3138 996 3175 talionem
1018 3137 1066 3171 illi
1093 3137 1194 3178 reddi-

313 3184 395 3218 disse
406 3207 414 3214 .

363 3232 745 3281 Constantinopolitanae
766 3238 895 3282 Synodi
908 3239 1062 3281 septimus
1074 3238 1193 3272 Canon

318 3284 420 3328 prima
441 3283 552 3316 fronte
570 3287 696 3321 videtur
718 3289 833 3322 datum
856 3289 898 3324 ab
913 3289 1131 3322 Eunomianis
1144 3289 1196 3322 ba·

315 3334 433 3378 prisma
441 3332 488 3371 ob
501 3332 604 3370 solum
616 3336 705 3369 trinae
717 3339 884 3374 mersionis
900 3338 1061 3373 defestum
1073 3339 1196 3373 sancire

317 3385 447 3418 irritum
480 3394 520 3420 ac
552 3381 793 3419 exsufflandum
817 3413 823 3418 .
851 3391 925 3423 Nec
950 3389 1192 3428 dubitandum,

315 3435 397 3482 quin
412 3432 580 3477 praesertim
600 3431 693 3470 illum
705 3432 847 3475 Joannes
868 3437 1054 3474 Patriarcha
1078 3439 1195 3484 allega-

876 135 881 143 ·
937 127 984 180 D
1020 143 1044 179 1
1072 146 1092 179 s
1124 132 1206 181 3ἶέ
1242 148 1293 182 n
1306 137 1617 180 τ’·ιιὙι-ορῗ

1283 217 1342 252 rit.
1360 216 1431 257 Ita
1440 218 1552 254 suadet
1572 218 1681 253 sextus
1703 217 1830 252 Canon
1840 228 1962 264 qum.
1979 224 2161 264 Tolefflm

1281 268 1433 311 Synodi:
1457 270 1505 305 De
1525 267 1670 316 baptismi
1691 271 1887 304 sacramento
1903 295 1914 312 ‚
1935 281 2056 317 propter
2077 280 2160 322 quod

1278 324 1310 351 in
1331 316 1490 366 Hispaniis
1507 321 1636 363 quidam
1655 321 1828 355 sacerdotes
1852 326 2001 365 trinam,
2025 330 2157 368 quadam

1297 369 1410 417 mplam
1419 369 1735 419 merfionemfaciunt,
1760 385 1781 415 a
1794 373 1942 406 nonnullis
1961 371 2154 425 fibismaeffe

1274 409 1473 466 conspicitur:
1500 422 1536 457 (ct
1553 427 1658 456 unitas
1675 420 1749 463 fidei
1763 420 1863 465 scindi
1887 422 2009 457 videtur
2034 449 2043 469 ι
2068 429 2157 463 Νη.

1274 521 1327 554 alii
1336 521 1414 554 alios
1434 515 1493 555 non
1501 522 1684 564 baptizatos
1697 523 1763 567 effe
1759 525 1963 559 contendunt.
1990 523 2022 558 A
2036 525 2158 569 quibus

1276 570 1380 618 verbis
1399 570 1554 621 discimus
1575 585 1690 623 magni
1701 573 1858 619 Gregorii
1869 564 2031 621 &saneti
2054 576 2160 620 Lean

1273 619 1338 656 dri
1344 622 1511 658 statutum
1530 618 1740 672 abomnibus
1760 636 1831 659 non
1854 617 2154 671 fuiffeadrniffum.

1275 668 1416 708 Videtur
1426 685 1496 718 non
1506 667 1687 711 ¹admissum
1700 673 1721 713 ὲ
1733 668 1896 710 conversis
1917 675 1959 711 ad
1972 673 2073 711 fidem
2086 676 2157 713 Go-

1274 721 1353 757 this.
1383 713 1519 773 Etenim
1541 724 1559 758 a
1571 727 1678 769 primo
1699 725 1873 770 ipsorum'
1863 738 1899 766 in
1914 712 2114 770 Hispanias
2104 738 2158 762 ιιι-

1272 775 1378 818 greffu
1406 775 1504 822 usque
1524 775 1566 810 ad
1581 776 1759 822 susceptam
1778 774 1797 808 ὲ
1810 775 1904 822 Rege
1917 776 2156 813 Richaredofi-

1272 825 1345 874 dem
1358 824 1465 869 viguit
1489 823 1575 869 apud
1596 826 1768 868 Romano·
1760 823 1941 881 ·Hisp'anos
1963 828 2060 862 unica
2071 839 2156 862 mer·

1271 870 1330 908 fio
1328 898 1340 915 ,
1360 886 1423 910 nec
1434 876 1578 920 ipsorum
1598 871 1683 923 ullus
1695 876 1738 910 de
1750 875 1819 917 ejus
1830 876 1998 921 validitate
2007 887 2063 917 aut
2074 877 2156 922 legi·

1272 924 1415 958 timitate
1424 922 1599 966 haeiitavit,
1624 938 1685 961 nee
1696 926 1802 959 ullum
1815 925 1870 960 hic
1886 926 2072 971 scrupulum
2083 938 2158 962 mo·

1271 974 1318 1025 vit
1328 984 1384 1008 aut
1394 970 1542 1023 Leander
1564 984 1620 1009 aut
1631 975 1829 1019 Gregorius.
1857 976 1928 1024 Qi
1950 975 2030 1021 ergo
2043 977 2155 1021 postea

1271 1019 1464 1074 moverunt,
1489 1025 1623 1067 fuerunt
1634 1023 1766 1064 Gothi,
1791 1026 1876 1060 moti
1889 1025 1931 1060 ab
1950 1027 2156 1071 argumentis

1269 1066 1404 1123 joannis
1427 1068 1799 1123 Constantinopolitani
1821 1075 1975 1119 Episcopi
1998 1100 2010 1115 ‚
2035 1077 2154 1120 utique

1269 1124 1286 1161 ὲ
1306 1126 1446 1170 septimo
1473 1116 1852 1170 Constantinopolitano
1885 1124 2056 1168 Canone.
2083 1126 2154 1162 Ve-

1270 1177 1341 1226 rum
1351 1176 1473 1226 Magni
1486 1176 1640 1223 Gregorii
1661 1187 1783 1221 magna
1793 1160 1967 1214 austoritas
1989 1176 2153 1219 superavit:

1269 1278 1365 1315 duxit
1383 1290 1422 1314 ac
1446 1279 1592 1314 firmavit
1616 1277 1747 1313 laudata
1778 1276 1947 1312 Toletana
1971 1276 2154 1320 synodus,

1270 1329 1418 1378 probavit
1440 1330 1634 1365 merfionem
1653 1328 1809 1368 unicam,
1834 1338 1873 1362 ac
1895 1327 1961 1362 toti
1978 1325 2151 1371 Hispauiae

1267 1373 1377 1427 denuo
1396 1373 1589 1432 imposuit,
1614 1377 1841 1414 demonstrans
1873 1376 1915 1412 ab
1938 1377 2005 1421 ipsa
2032 1401 2043 1418 ,
2070 1376 2152 1412 lieet

1268 1442 1335 1477 non
1358 1426 1570 1478 triduanam,
1583 1431 1793 1476 sepulturam
1815 1437 1925 1464 tamen
1949 1426 2094 1463 Domini
2115 1426 2151 1462 δε

1265 1492 1341 1516 cum
1364 1491 1471 1518 morte
1506 1482 1807 1529 resur-restionem,
1839 1489 1901 1514 nec
1921 1489 1993 1518 non
2015 1476 2152 1516 Divina

1265 1531 1447 1574 Majestatis
1467 1533 1631 1567 unitatem
1652 1543 1690 1566 ac
1713 1531 1920 1575 Trinitatem
1940 1525 2084 1567 omnino
2103 1537 2153 1562 re·

1264 1581 1465 1627 praesentari.
1493 1586 1545 1614 Ne
1551 1581 1636 1622 fhrte
1646 1588 1785 1623 cuiquam
1790 1580 1831 1621 fit
1843 1579 1965 1623 dubium
1987 1576 2152 1628 hujus-fin-

1256 1631 1303 1681 pli
1325 1630 1484 1674 ”asterium
1511 1633 1728 1670 sacramenti
1752 1631 1861 1662 videat
1881 1634 1915 1670 in
1927 1641 1958 1662 eo
1967 1638 2092 1666 mortem
2112 1629 2150 1667 G

1261 1674 1497 1719 resurrellionem
1506 1679 1617 1718 Christi
1628 1654 1806 1721 fignificari.
1831 1683 1921 1712 Nam
1931 1683 1964 1711 in
1975 1683 2061 1721 aquis
2071 1688 2149 1711 mer-

1253 1725 1295 1773 fia
1304 1725 1343 1767 est
1354 1726 1441 1770 quafi
1444 1728 1491 1761 ad
1498 1727 1652 1770 infernum
1662 1726 1801 1770 descenfio
1813 1751 1825 1767 ,
1846 1729 1881 1771 ὀ·
1893 1726 1996 1769 rursus
2005 1727 2043 1760 ab
2056 1731 2150 1769 aquis·

1259 1776 1395 1819 emerfio,
1419 1776 1588 1822 reficrrei‘lto
1598 1776 1655 1817 est.
1682 1781 1759 1811 Item
1772 1777 1880 1823 videat
1900 1781 1934 1809 in
1944 1787 1976 1809 eo
1998 1781 2148 1813 unitatem

1261 1831 1446 1871 ,pivimtatis
1468 1850 1479 1868 ‚
1513 1829 1548 1862 Θ
1570 1831 1751 1872 Trinitatem
1787 1825 1986 1870 perfhnarum
2016 1826 2125 1867 ostendi
2137 1849 2147 1858 .

1258 1880 1433 1918 Ueritatem,
1454 1878 1527 1911 dum
1532 1876 1628 1926 semel
1639 1883 1821 1922 mergimus:
1848 1879 2028 1910 Trinitatem
2041 1901 2053 1918 ,
2073 1877 2148 1913 dunt

1258 1933 1291 1970 in
1302 1932 1418 1962 nomine
1431 1929 1560 1967 Patris,
1584 1929 1620 1961 (¹5
1636 1929 1733 1971 Filii,
1747 1929 1782 1961 ὢ·
1790 1929 1811 1959 5
1809 1932 1923 1972 piritus
1935 1927 2037 1959 San&
2048 1927 2146 1968 bapti-

1255 1951 1814 2026 umus.Qod1psumconfirmat
1838 1977 1913 2018 aliis
1921 1977 2144 2029 argumentis-

1259 2017 1301 2062 Et
1313 2030 1373 2062 suae
1383 2027 1633 2066 constitutionis
1644 2027 1796 2071 adjungit
1816 2027 1969 2065 causam:
1994 2028 2081 2070 ,Quia
2105 2026 2144 2059 de

1257 2088 1380 2122 utroque
1391 2080 1603 2119 sacramento,
1631 2077 1783 2113 videlicet
1796 2075 1881 2110 trina
1905 2076 2047 2119 &unica
2064 2085 2147 2109 mer-

1255 2129 1367 2170 stone,
1395 2129 1477 2171 quod
1494 2128 1534 2171 fit
1559 2127 1701 2171 insanc‘lo
1727 2124 1896 2169 baptismo,
1922 2127 2145 2165 atantoviro,

1256 2179 1389 2224 Magno
1402 2178 1569 2224 Gregorio
1580 2201 1590 2217 ,
1614 2179 1736 2218 reddita
1747 2176 1786 2219 est
1798 2181 1876 2216 ratio
1888 2201 1898 2215 ‚
1924 2177 2005 2218 quod
2031 2184 2146 2209 utrum-

1257 2241 1313 2272 que
1324 2229 1436 2263 redum
1447 2253 1458 2269 ,
1484 2238 1642 2271 utrumque
1654 2226 1904 2269 irreprehenfibile
1930 2232 1963 2259 in
1970 2224 2078 2269 sanda
2089 2227 2146 2259 Dei

1259 2278 1386 2323 Ecclesia
1398 2278 1545 2313 habeatur
1558 2291 1568 2322 3
1589 2279 1715 2322 propter
1727 2278 1887 2320 vitandum
1899 2285 2000 2310 autem
2006 2273 2146 2319 schisma-

1258 2339 1299 2365 tis
1321 2329 1519 2374 franchium,
1545 2330 1599 2363 vel
1621 2332 1757 2361 Haeretici
1783 2329 1932 2372 dogmatis
1950 2325 2056 2370 usum,
2074 2324 2147 2368 fim-

1253 2382 1340 2423 plam
1357 2390 1511 2414 teneamus
1536 2378 1678 2423 baptismi
1703 2376 1888 2420 maſsonem,
1915 2389 1953 2419 ne
1979 2378 2146 2418 videantur

1258 2429 1343 2474 apud
1353 2443 1427 2471 nos,
1452 2435 1603 2474 quitertio
1625 2438 1781 2473 mergunt,
1809 2431 2018 2470 Haereticorum
2038 2435 2145 2469 appro-

1257 2481 1329 2515 bare
1337 2482 1543 2525 affertionem‚
1569 2482 1644 2517 dum
1650 2478 1813 2522 sequuntur
1838 2480 1874 2512 o·
1887 2488 2007 2518 morem.
2032 2475 2142 2510 Sancti

1258 2532 1421 2577 Leandri,
1446 2532 1501 2565 cui
1525 2526 1611 2569 trina
1627 2530 1740 2564 merfio
1766 2528 1811 2562 ob
1824 2528 2035 2562 subintrusam
2049 2524 2144 2560 Aria·

1259 2595 1307 2616 nae
1315 2581 1524 2626 blasphemiae
1534 2580 1811 2627 significationem
1821 2578 1884 2612 visa
1895 2577 2000 2618 fuerat
2013 2573 2145 2609 scanda-

1258 2634 1352 2674 losa,
1376 2633 1411 2668 &
1424 2630 1679 2690 proscribenda,
1703 2628 1862 2682 judicium
1874 2625 2069 2659 confirmat.
2097 2624 2144 2658 Et

1257 2694 1296 2717 ex
1308 2682 1387 2717 hinc
1400 2683 1500 2727 coepit
1510 2681 1620 2715 omnis
1627 2678 1789 2722 Hispania
1802 2675 1934 2719 unicam
1946 2675 2142 2716 mersionem

1241 2733 1465 2778 ·concorditer
1490 2732 1710 2775 frequentare.

1305 2783 1432 2821 Verum
1460 2779 1528 2821 haec
1545 2779 1660 2817 omnia
1683 2787 1750 2819 non
1764 2775 1953 2819 placuerunt
1967 2775 2071 2809 Beato
2081 2772 2143 2808 Al·

1250 2833 1355 2871 cuino
1376 2830 1519 2865 Flacco.
1545 2828 1666 2874 Scribit
1688 2826 1779 2861 enirn
1806 2826 1847 2860 ad
1859 2825 1994 2868 Clerum
2006 2824 2142 2870 Lugdu-

1252 2872 1358 2924 neniis
1377 2869 1527 2921 Ecclelia:
1568 2882 1717 2922 :Novas
1737 2874 1888 2920 &spania-i
1909 2880 2016 2908 erroris
2035 2874 2139 2908 Servus

1251 2941 1316 2968 tota
1327 2932 1413 2965 vobis
1426 2937 1528 2964 cavete
1542 2934 1716 2972 intentione.
1741 2926 1913 2966 sanderum
1926 2927 1990 2958 PP.
2001 2930 2034 2957 in
2042 2923 2138 2966 finem

1247 2982 1406 3027 sequimini
1419 2979 1560 3025 vestigia,
1585 2981 1620 3013 Θ
1633 2976 1798 3021 universali
1809 2974 1947 3019 Ecclefiae
1959 2972 2140 3019 [ᾳηᾶιζῶιηα

1253 3045 1307 3067 vos
1321 3034 1477 3076 adjungite
1487 3035 1695 3064 unanimitate.
1724 3026 1877 3070 Affirmat
1888 3026 1970 3067 olim
1982 3034 2077 3068 tyran
2083 3034 2140 3059 no·

1253 3095 1349 3122 rum,
1373 3093 1453 3116 tunc
1465 3081 1708 3125 Haereticorum
1724 3076 1971 3122 procreatricem
1981 3073 2045 3116 effe
2061 3073 2142 3108 His-

1254 3135 1417 3178 paniam,
1442 3140 1613 3166 enumerat
1637 3129 1704 3173 ejus
1722 3136 1874 3170 errores,
1907 3126 1942 3159 δε
1963 3124 2139 3170 adjungit:

1253 3189 1356 3219 Tertia
1378 3182 1462 3216 nobis
1483 3183 1521 3215 de
1534 3179 1696 3224 Hispania
1690 3187 1793 3218 contra
1803 3173 2002 3218 universalem
2020 3173 2139 3218 san8ae

1256 3239 1312 3269 Dei
1323 3232 1456 3274 Ecclesia·
1463 3221 1718 3275 consuetudinem
1714 3228 1751 3268 de
1761 3224 1907 3269 baptismo
1918 3224 2035 3269 quaestio
2059 3225 2138 3257 dela-

1255 3295 1288 3318 ta
1303 3284 1359 3325 est
1388 3285 1545 3326 Affirmant
1557 3283 1682 3327 quidam
1686 3278 1742 3321 sub
1755 3283 1940 3314 invocatione
1948 3274 2064 3319 sanli'ae
2072 3275 2138 3305 Tri·

1261 3342 1366 3369 nitatis
1385 3345 1481 3369 unam
1504 3333 1556 3376 effe
1581 3329 1741 3375 merfhnem
1765 3328 1944 3371 agendam.
1984 3323 2136 3357 Affirmat

1257 3384 1346 3423 hunc
1366 3394 1489 3418 morem
1516 3393 1583 3417 non
1606 3390 1737 3415 tantum
1750 3378 1865 3413 sanetis
1879 3373 2026 3410 Ecclefiae
2036 3371 2136 3404 Patri-

1258 3436 1340 3476 bus,
1368 3435 1420 3470 sed
1446 3435 1479 3468 ὃ(
1496 3433 1567 3478 ipsis
1578 3429 1735 3467 adversari
1749 3425 1935 3474 ΑροίὶοῙὶ3,
1927 3421 2137 3508 εαὲιιιὲιὲὲειιιι

1275 471 1346 503 dum
1359 472 1471 519 Patres
1491 470 1611 519 diverso
1630 474 1666 513 β·
1676 471 1769 517 quast
1767 479 1918 515 contrario
1936 476 2021 507 modo
2036 485 2133 520 agunt
2144 500 2163 519 ,⁴

1268 1228 1403 1263 omnia.
1431 1227 1512 1272 Ejus
1520 1228 1561 1262 ad
1572 1227 1726 1263 Sanstum
1737 1225 1924 1262 Leandrum
1947 1226 2072 1260 litteras
2081 1236 2158 1270 pro--
2201 1254 2204 1257 ⁴

2158 2853 2293 2896 Epist-69·
