2352 3736
70 3000 130 3037 lib.
158 3013 184 3037 π,

632 162 787 209 Tem·
812 176 915 214 inm
950 161 1207 206 RJOMANU
1229 170 1261 199 M
1295 155 1670 209 CONCILIUM.

219 255 372 288 horum,
410 247 632 287 Bavatotum,
669 258 707 281 ac
726 246 865 280 aliorum
894 243 1108 277 Barbarorum

228 299 423 340 Christianae
444 299 529 343 leges
550 307 746 332 attentatum
770 302 845 331 curn
867 294 973 328 aliena
993 293 1107 335 sponsa

230 349 424 393 conjugium
436 349 584 382 sanciunt
606 346 754 387 irritum,
781 346 815 379 &
834 342 999 378 duriffime
1021 341 1107 377 casti·

231 400 318 444 gant.
332 397 608 443 Burgundionum
621 398 673 431 lex
686 406 858 439 utrumque
871 402 1087 427 attentantem
1099 416 1109 432 ,

229 457 399 491 tamquam
411 460 519 483 vetum
535 447 714 482 adulterum
727 469 738 485 ,
763 453 820 478 aut
831 443 915 478 certe
927 454 1005 477 vero
1020 441 1110 480 adul-

226 500 314 533 terio
325 499 453 542 penitus
468 499 656 543 proximum
673 515 684 535 ,
709 493 841 528 mandat
852 493 966 538 gladio
977 492 1080 527 feriri.

280 550 416 583 Interim
429 549 531 592 plures
541 553 821 589 murmuraverunt
835 544 1002 578 adversum
1013 541 1109 576 istum

231 598 431 633 Trullanum
444 598 618 632 Canonem
629 619 640 636 ‚
667 595 814 628 dicentes
826 594 915 628 aliud
932 594 995 628 esse
1015 593 1109 634 spon-

232 649 308 684 salia
322 674 333 690 ‚
360 648 449 683 aliud
465 653 573 681 tatum
596 644 842 686 matrimonium
860 668 871 684 ‚
906 641 989 677 adeo
1011 649 1047 674 nt
1066 652 1108 676 ex

231 700 351 743 sponso
375 699 410 737 §c
427 696 545 740 sponsa
567 705 643 730 ante
663 695 910 736 matrimonium
932 691 1062 739 genitus
1072 690 1108 723 sit

230 748 422 794 illegitimus
432 771 442 786 ,
462 747 494 780 &
505 746 523 779 a
537 745 711 787 Parentum
721 744 907 779 haereditate
917 751 1104 777 extraneus.

228 799 396 833 Dix'erunt
409 807 464 839 per
473 796 645 830 Canonem
657 795 843 834 confundi,
869 804 940 836 quae
955 792 1107 827 Romana

231 846 423 891 Respublica
444 847 479 889 ἃ
499 847 607 879 omnis
629 847 686 879 sub
714 844 794 878 caelo
818 843 960 877 Ecclesia
984 841 1108 884 semper

225 897 440 932 discreverat.
466 896 509 928 Et
522 895 599 929 hinc
612 896 791 929 Canonum
808 892 966 935 dilestor,
1003 891 1110 936 Jmpe·

230 955 315 981 rator
327 945 464 980 Alexius
476 944 669 979 Comnenus
681 969 692 986 ‚
716 943 1011 985 murmurationem
1031 954 1108 976 con·

226 997 326 1030 vertit
339 996 373 1029 in
384 995 489 1040 legem
501 1020 512 1036 ,
539 997 685 1030 sanciens
697 994 849 1038 deinceps
857 993 947 1036 nulla
960 993 1019 1029 nisi
1033 1003 1109 1033 cum

228 1045 368 1080 solemni
379 1045 561 1080 Sacerdotis
582 1045 810 1089 benedistione
823 1069 834 1084 ‚
860 1044 895 1079 ὅ(
914 1044 951 1080 in
975 1042 1069 1077 annis
1090 1043 1108 1076 a

230 1095 346 1130 Leone
355 1093 558 1139 philosopho
570 1095 612 1129 ad
621 1096 750 1139 nuptias
762 1093 920 1139 requisitis
931 1093 999 1127 fieri
1014 1094 1106 1135 spon-

226 1145 307 1182 salia
319 1170 329 1186 ,
355 1145 389 1180 id
401 1147 445 1179 est
457 1168 468 1186 ,
496 1145 657 1189 sponsalia
668 1146 730 1179 effe
743 1145 830 1179 idem
840 1155 917 1179 cum
941 1142 1107 1178 matrimo-

225 1195 291 1236 mio
300 1205 371 1230 rato
383 1221 394 1237 ,.
417 1195 594 1245 Qudquid
604 1205 698 1231 antea
709 1205 766 1231 aut
783 1194 876 1230 aliter
893 1193 983 1236 fieret
992 1217 1004 1242 ‚³
1031 1192 1109 1236 civi-

1882 155 1949 203 26
1955 169 1977 215 3

1174 240 1238 274 lem
1248 239 1454 283 quempiam,
1480 236 1542 277 sed‘
1552 235 1650 279 nullo
1658 235 1753 278 padio
1764 234 1959 278 sponsalium
1982 238 2049 282 pega

1172 289 1257 330 misit
1270 290 1332 323 esse
1344 289 1563 323 contractum·
1592 285 1706 324 Exstat
1718 284 1845 319 novella
1856 284 1923 321 haec
1944 286 1998 323 lex
2012 290 2050 323 in

1171 341 1239 384 jure
1251 339 1365 373 Graeco
1377 339 1552 378 Romano,
1579 337 1742 380 ipsamque
1750 335 1791 375 ad
1801 333 1879 377 juris
1904 349 2050 374 commu-

1174 391 1225 424 nis
1247 390 1458 433 appendicem
1477 387 1623 432 apposuit
1657 386 1838 430 Dionysius
1870 384 2050 433 Gothofro-

1170 438 1246 480 dus.
1275 440 1318 474 Et
1339 437 1419 474 hinc
1440 438 1481 473 T
1483 438 1599 472 rullani
1625 436 1776 472 Canonis
1798 435 1956 470 statutum
1993 449 2050 482 pet

1173 491 1256 532 hanc
1267 490 1372 535 legem
1382 489 1508 523 evasisse
1519 488 1654 532 planum
1677 486 1711 520 &
1736 485 1883 524 lucidum
1903 484 2053 534 laudatus

1171 539 1372 581 Theodorus
1382 538 1558 573 Balsamon
1567 537 1648 571 reite
1658 536 1796 571 advertit
1811 561 1818 568 .
1840 535 1966 582 Legem
1976 549 2055 572 con-

1170 591 1313 625 firmavit
1335 588 1500 624 Macarius
1530 587 1570 621 ad
1591 586 1782 621 duodecimi
1817 587 1925 621 saeculi
1961 584 2054 622 exor-

1169 641 1263 675 dium
1275 638 1463 682 patriarcha
1476 635 1724 678 Alexandrinus
1735 660 1746 676 ‚
1771 636 1813 671 de
1825 648 1892 681 quo
1902 638 2053 673 Orienta-

1150 691 1197 724 :le
1223 687 1525 728 Alexandrinorum
1547 685 1809 725 Patriatcharum
1833 686 2028 723 Chronicon
2044 700 2054 720 ε

1170 745 1320 781 Macarius
1331 738 1513 780 ‚Patriarcha
1538 737 1643 780 plures
1653 736 1810 779 abrogavit
1835 741 1911 769 ritus
1929 762 1936 770 .
1962 741 2055 780 spon.

1164 790 1317 834 saliacum
1327 787 1507 824 orationibus
1520 789 1554 822 6
1568 787 1652 821 tbure
1675 785 1919 820 contrahebantur
1945 794 1979 820 in
2002 790 2053 822 do-

1169 840 1262 874 mibus
1275 865 1287 881 ,
1311 840 1360 873 ille
1381 842 1453 873 vero
1475 840 1603 872 decrevit
1621 838 1690 880 fieri
1711 842 1744 869 in
1765 835 1892 876 Ecclefia
1918 844 2055 878 ,tempore

1168 896 1361 925 coronationis
1364 888 1550 938 sponsorum.
1586 888 1787 932 Sponsorum
1807 885 1898 920 enim
1914 897 2054 920 corona-

1170 943 1217 975 tio
1229 941 1313 986 apud
1325 940 1455 974 Graecos
1474 941 1596 982 semper
1620 939 1685 972 fuit
1707 936 1852 982 proprius
1877 935 2054 977 Charaster

1170 993 1230 1026 rati
1251 991 1471 1026 matrimonii.
1496 990 1533 1024 In
1556 988 1710 1033 Gregorii
1733 986 1949 1022 Vercellenlis
1975 987 2060 1030 Epi-

1151 1048 1153 1051 '
1171 1039 1259 1085 scopi
1281 1042 1374 1076 causa
1396 1041 1466 1075 Leo
1490 1050 1618 1079 nonuS,
1645 1047 1702 1073 aut
1719 1048 1762 1072 ex
1786 1037 1894 1072 Siricii
1912 1036 2060 1071 Pontifi-

1171 1093 1217 1127 eis
1238 1092 1430 1136 Rescripto‚
1456 1101 1512 1125 aut
1534 1089 1575 1133 de
1597 1088 1786 1134 imperfecto
1824 1087 1988 1123 adulterio
2014 1085 2062 1127 est

1177 1143 1267 1178 locut
1273 1153 1309 1179 us
1321 1168 1328 1175 .

344 1404 417 1490 S.
533 1403 1321 1494 LEONI-S
1436 1405 1961 1493 NONI

538 1586 1780 1662 QUARTUMCONCILIUM

464 1706 1847 1803 ROMANUM

483 1885 622 1921 Ctavam
633 1884 766 1919 tandem
780 1884 903 1919 Leonis
914 1885 995 1919 noni
1011 1911 1021 1927 ‚
1036 1897 1130 1930 quar-

236 1961 244 1974 ,
507 1946 573 1969 tam
587 1935 772 1969 Romanam
784 1957 794 1974 ‚
819 1946 909 1969 anno
920 1936 1012 1969 istius
1024 1937 1126 1970 saeculi

508 1985 776 2031 quinquagesimo
788 1984 930 2020 secundo
942 1985 1055 2019 factam
1069 1987 1128 2030 Sy-

235 2063 239 2067 .
508 2035 633 2070 nodum
646 2036 755 2069 laudat
769 2035 955 2079 Sigebertus
975 2036 1127 2070 Gembla-

295 2110 298 2112 v
508 2085 626 2120 censis:
663 2088 722 2118 Leo
743 2087 829 2126 Papa
841 2087 1011 2124 Gerardum
1022 2090 1126 2120 Leuco-

495 2147 563 2177 rum
565 2133 659 2179 supra
662 2133 698 2178 se
707 2140 842 2177 quintum
852 2134 1000 2179 Epistopu
1006 2135 1125 2179 m‚san-

235 2186 338 2220 &litate
347 2192 422 2220 vitae
431 2186 597 2223 mirabilem
608 2210 619 2225 ,
650 2186 759 2224 synodo
773 2184 879 2218 habita
897 2194 958 2230 per
982 2186 1119 2227 Apostoli·

235 2248 301 2270 cam
321 2237 527 2270 auHoritatem
537 2261 546 2277 ,
582 2236 716 2269 decrevit
740 2240 771 2268 in
792 2247 912 2269 numero
935 2238 954 2268 5
955 2237 1113 2269 anblorum

230 2285 428 2328 confessorum
440 2292 472 2319 in
483 2285 606 2327 Ecclesia
618 2284 788 2328 solemniter
808 2285 983 2319 ,habendum
998 2310 1005 2317 .
1032 2287 1072 2320 Sa
1080 2299 1114 2320 n-

233 2335 363 2372 &ushic
373 2333 535 2370 Gerardus
544 2335 607 2370 fuit
617 2336 752 2369 natione
766 2334 990 2370 Colonienfis.
1007 2335 1114 2370 Porro

233 2383 403 2419 defunctos
413 2385 513 2429 justos
525 2386 560 2420 in
571 2386 762 2421 Sanctorum
775 2385 949 2421 Canonem
964 2410 975 2426 ‚
987 2386 1042 2420 seu
1055 2386 1118 2420 Ec-

222 2434 419 2469 rclesiasticas
428 2435 554 2470 tabulas
564 2435 753 2471 solemniter
763 2437 878 2469 referre
888 2461 900 2477 ,
912 2437 967 2472 seu
980 2437 1116 2471 canoni·

234 2495 306 2518 zare
317 2509 328 2525 ‚
349 2485 395 2521 est
415 2485 634 2528 antiquissima
649 2485 798 2524 Ecclesiae
807 2484 1013 2523 consuetudo
1025 2511 1035 2527 ‚
1059 2484 1116 2521 ha-

229 2533 314 2568 bens
324 2534 510 2578 exemplum
519 2534 561 2569 ab
573 2534 738 2579 Apostolo
751 2535 787 2569 in
808 2535 955 2579 Epistola
975 2536 1016 2570 ad
1046 2536 1119 2571 He-

233 2582 332 2618 braeos
344 2609 353 2623 ,
362 2583 418 2618 ubi
432 2584 536 2619 varios
546 2585 672 2629 antiqui
684 2585 840 2629 temporis
851 2585 951 2628 justos
963 2584 1113 2628 adducit,

234 2632 396 2671 definiens
408 2645 462 2678 per
472 2633 628 2669 donatam
639 2635 695 2669 fibi
718 2636 752 2668 in
773 2634 927 2678 JESUM
948 2635 1115 2670 Christum

234 2691 411 2716 venturum
423 2684 522 2720 fidem
534 2685 686 2728 placuisse
693 2685 770 2719 Deo
779 2709 788 2724 ‚
805 2687 967 2730 fastosque
978 2685 1117 2722 haeredes

239 2730 359 2765 divinae
374 2742 427 2774 per
447 2734 584 2769 eundem
606 2733 818 2772 mediatorem
840 2737 1093 2779 repromiffionis
1105 2763 1112 2770 .

233 2780 285 2814 (Er
297 2780 338 2814 de
353 2780 478 2815 Lucilla
490 2784 662 2825 ‚opulenta
672 2784 704 2818 &
716 2785 846 2819 factiosa
859 2782 996 2822 muliere
1013 2811 1024 2827 ‚
1052 2798 1117 2822 ma-

235 2839 287 2864 ¹tre
298 2840 353 2864 aut
365 2831 476 2864 saltem
498 2832 668 2869 obstetrice
686 2835 888 2870 Donatistici
911 2836 1101 2873 Schismatis
1112 2861 1122 2877 ‚

239 2880 351 2915 scribit
362 2882 396 2914 in
407 2880 497 2915 libris
506 2881 654 2916 adversus
674 2885 815 2927 ejusdem
840 2886 1017 2922 Primatem
1042 2888 1118 2929 Par-

238 2931 430 2967 ,menianum
443 2932 574 2966 Sanetus
585 2933 726 2975 Optatus
749 2933 928 2979 Episcopus
950 2937 1116 2971 Milevita-

239 2991 318 3022 ,nus3
337 2985 415 3016 Cum
425 2987 631 3023 correptionem
645 2982 846 3018 archidiaconi
862 2988 1018 3020 Caeciliani
1029 2986 1116 3027 ferre
1130 2993 1133 2996 ’

241 3032 392 3074 nonpoffet
403 3056 414 3072 ‚
437 3043 507 3074 ‚quae
517 3041 586 3067 ante
591 3028 781 3075 spiritualem
798 3034 940 3070 cibum&
956 3044 1060 3079 potum
1080 3049 1115 3071 os

242 3078 336 3122 nesu‘o
344 3083 425 3121 qu'us
438 3085 577 3120 Martyris
589 3106 600 3122 ‚
620 3081 757 3123 fitamen
768 3087 908 3123 Martyris
919 3111 930 3126 ,
965 3086 1059 3120 libare
1071 3089 1116 3120 di-

243 3129 408 3171 cebatun&
417 3138 667 3175 cumptaeponeret
680 3144 709 3164 os
719 3130 897 3176 neſsiocujus
903 3135 1032 3172 bominis
1044 3148 1118 3170 mor-

242 3185 311 3219 sui,
337 3179 390 3221 etfi
406 3184 569 3223 Martyris,
592 3181 650 3226 sed
660 3184 780 3216 necdum
790 3185 936 3218 vindicati
948 3209 958 3225 ,
981 3194 1114 3228 correpta

241 3240 310 3263 tum
330 3229 487 3272 confufione
508 3239 589 3265 irata
603 3234 722 3274 receffit.
751 3232 806 3267 Ad
825 3245 899 3277 quae
921 3234 1017 3270 verba
1037 3236 1118 3271 recte

244 3289 487 3314 commentatur
518 3281 650 3317 Gabriel
683 3283 907 3327 Albaspinaeus
938 3284 1116 3329 Episcopus

245 3328 509 3367 Aurelianensis:
531 3334 722 3368 Vindicatum
734 3338 890 3373 Martyrem
915 3338 1042 3375 optatus
1068 3328 1128 3373 evo-⁵

246 3388 305 3420 cat,
330 3386 383 3423 qui
403 3382 569 3416 declaratus
574 3381 612 3423 fit
622 3390 765 3420 communi
778 3386 898 3417 Piorum
911 3383 1061 3427 sententia
1079 3391 1112 3419 in

240 3440 311 3467 eam
327 3430 475 3473 summam
492 3432 692 3475 dignitatem,
726 3434 843 3470 relatus
861 3437 932 3476 jam
951 3440 1031 3469 inter
1055 3437 1117 3471 coeli

1191 1886 1354 1929 indigetes.
1381 1887 1462 1921 Duo
1482 1886 1582 1931 igitur
1604 1886 1640 1920 in
1666 1883 1796 1920 Lucilla
1808 1883 2003 1919 Caecilianus
2026 1895 2073 1918 ar,

1192 1937 1284 1980 guir.
1311 1935 1446 1977 Primo,
1473 1937 1562 1979 quod
1601 1937 1712 1969 nescio
1750 1946 1847 1978 quern
1885 1934 2078 1971 defundium

1191 1996 1231 2018 ex
1255 1986 1388 2029 proprio
1408 1986 1533 2028 judicio
1565 1986 1712 2020 assereret
1751 1984 1958 2026 Martyrem‚
1997 1983 2078 2025 eJus-
2112 2024 2117 2029 ,

1190 2037 1347 2077 (ιυε-οίῖει
1375 2036 1421 2070 uti
1448 2037 1547 2070 sacras
1574 2036 1724 2079 reliquias
1745 2034 1886 2068 coleret.
1913 2031 2079 2074 Secundo,

1188 2085 1278 2128 quod
1304 2085 1481 2129 cujuspiam
1508 2098 1549 2120 ex
1576 2086 1647 2133 ipso
1674 2085 1749 2120 offis
1775 2083 1923 2119 osculum
1950 2084 2077 2116 sumen-

1186 2134 1234 2168 dae
1260 2135 1470 2172 Eucharistiae
1498 2136 1732 2179 praemitteret,
1772 2144 1870 2176 atque
1907 2134 1952 2167 ita
1988 2132 2076 2167 istud

1186 2183 1265 2221 huic
1290 2186 1376 2229 quasi
1401 2187 1579 2233 praeferret.
1608 2185 1652 2219 Et
1691 2183 1770 2218 hinc
1808 2184 1851 2218 de
1887 2183 2075 2218 Donatistis

1163 2257 1165 2260 <
1188 2236 1222 2269 in
1250 2235 1335 2269 libro
1361 2234 1401 2270 de
1426 2236 1527 2271 Scitis
1552 2234 1650 2270 habet
1676 2234 1918 2270 Constantinus
1937 2234 2076 2267 Harme-

1186 2286 1355 2329 nopulns:
1397 2285 1561 2326 Donatistae
1587 2286 1738 2328 quoddam
1765 2296 1795 2317 os
1822 2295 1944 2318 manum
1972 2292 2071 2317 tenen—

1185 2344 1232 2369 tes
1245 2360 1258 2376 ,
1282 2338 1318 2368 id
1341 2333 1437 2381 ipsum
1455 2336 1543 2381 prius
1555 2335 1823 2380 exosculabantur,
1849 2344 1939 2377 atque
1965 2340 2010 2367 ita
2020 2337 2074 2367 Sa-

1162 2427 1163 2430 *
1186 2395 1338 2419 eramenta
1358 2386 1584 2431 percipiebant.
1614 2386 1656 2419 Et
1683 2387 1717 2419 in
1745 2386 1810 2419 suis
1836 2385 1877 2419 ad
1914 2383 2075 2429 sexagesi-

1186 2447 1275 2470 mum
1288 2436 1430 2479 primum
1445 2436 1740 2483 Carthaginensem
1768 2436 1944 2470 Canonem
1965 2433 2069 2469 Scho-

1184 2486 1237 2520 liis
1263 2487 1441 2525 Teodorus
1467 2487 1663 2522 Balsamon:
1691 2489 1829 2519 Donatus
1860 2484 1926 2527 fuit
1965 2483 2071 2517 Auc‘lor·

1161 2536 1163 2540 ‘
1183 2535 1327 2580 Haerefis,
1351 2548 1421 2580 quae
1441 2546 1500 2571 non
1525 2539 1618 2570 alium
1643 2538 1817 2573 divinorum
1851 2535 1902 2578 effe
1927 2533 2075 2575 Mysterio·

1182 2597 1247 2619 rum
1269 2592 1449 2629 participem
1472 2587 1618 2628 edocebat,
1645 2586 1703 2628 nisi
1723 2597 1754 2618 os
1779 2592 1811 2620 in
1835 2595 1927 2618 manu
1964 2594 2069 2618 tenens

1183 2636 1234 2670 hoc
1257 2638 1344 2678 prius
1365 2636 1516 2680 salutaret
1530 2662 1541 2679 ‚
1566 2639 1602 2672 v&
1618 2635 1661 2679 fic
1695 2641 1936 2669 communicaret.
1966 2636 2069 2668 Dam-

1184 2696 1299 2722 natum
1325 2688 1360 2720 in
1386 2687 1516 2721 Lucilla
1539 2687 1675 2723 ‚abusum
1695 2686 1729 2720 in
1756 2686 1879 2729 dogma
1907 2685 1942 2718 δε
1968 2683 2068 2717 ritum

1185 2746 1370 2771 verterunt.
1397 2737 1500 2779 Cujus
1525 2746 1636 2770 tamen
1664 2747 1723 2770 nec
1751 2737 1885 2770 Sanctus
1911 2735 2067 2775 Optatus,

1185 2799 1243 2821 nec
1272 2788 1406 2821 Sanetus
1429 2785 1657 2832 Augustinus,
1686 2786 1742 2830 qui
1768 2786 1858 2819 istius
1879 2782 2067 2819 Schismatis

1183 2837 1294 2871 omnia
1305 2836 1430 2872 detexit
1448 2835 1581 2878 arcana,
1609 2837 1828 2871 meminerunt
1843 2860 1850 2867 .
1878 2835 1971 2868 Hinc
1985 2833 2068 2867 inte-

1159 2927 1161 2930 >
1183 2888 1244 2921 rim
1260 2887 1463 2922 lucetavitus
1472 2888 1579 2921 cultus
1590 2888 1749 2922 sacrarum
1762 2885 2003 2929 Reliquiarum.
2021 2884 2065 2917 Et

1183 2937 1284 2971 Clero
1296 2939 1375 2978 suo,
1397 2938 1619 2972 ‚decoronatis
1630 2937 1685 2972 sub
1706 2937 1774 2979 ejus
1798 2935 1899 2970 exilio
1923 2933 2070 2976 martyri-

1182 2987 1241 3021 bus
1253 2987 1402 3023 referenti
1414 3000 1453 3023 ae
1467 2988 1596 3031 roganti
1612 3012 1622 3028 ,
1659 2989 1693 3022 in
1706 2997 1830 3023 carcere
1842 2985 2012 3027 professam
2027 2995 2066 3018 ac

1184 3036 1312 3071 vie'trice
1323 3048 1427 3076 morte
1437 3038 1664 3072 confirmatam
1686 3036 1787 3073 fidem
1802 3035 1868 3071 esse
1883 3033 2065 3078 consumma·

1181 3097 1245 3120 tam
1260 3091 1399 3125 Martyris
1416 3087 1541 3130 gloriam
1555 3085 1720 3130 respondit
1742 3083 1898 3129 relegatus
1928 3085 2063 3119 Samstus
2087 3082 2097 3087 ¹

1183 3189 1328 3221 excedunt
1348 3211 1359 3227 ,
1386 3195 1552 3227 annotate,
1588 3195 1621 3219 ut
1645 3191 1942 3220 commemorationem
1964 3195 2062 3218 eorum

1158 3246 1161 3278 ξ
1183 3243 1261 3271 inter
1285 3242 1439 3270 memorias
1460 3239 1622 3275 Martyrum
1642 3236 1785 3270 celebrare
1794 3236 1929 3278 poffimus
1947 3260 1954 3267 .
1991 3235 2059 3271 Eos

1159 3313 1161 3315 v
1183 3287 1295 3322 absens
1315 3287 1356 3320 ad
1379 3286 1468 3321 Cleri
1491 3287 1539 3319 sui
1559 3286 1782 3321 testimonium
1795 3285 1971 3320 canonizat
1986 3310 1996 3325 ,
2023 3286 2057 3318 &

1183 3337 1232 3371 uti
1265 3335 1447 3371 vindicatos
1490 3337 1654 3381 Martyres
1689 3334 1942 3375 Ecclesiasticis,
1979 3343 2056 3376 quas

1184 3384 1282 3421 hodie
1307 3397 1463 3423 vocamus
1485 3387 1791 3435 Martyrologium,
1818 3386 1935 3420 tabulis
1965 3393 2056 3416 man-

1158 3441 1160 3444 ‘
1183 3437 1238 3472 dat
1260 3436 1415 3474 adscribi.
1440 3437 1484 3473 Et
1510 3435 1546 3472 hi
1572 3438 1713 3473 omnino
1739 3438 1812 3473 sunt
1838 3434 1909 3470 fasti
1933 3430 2056 3475 nostri,

1922 3490 2007 3527 ,quos

1183 3138 1368 3180 Cyprianus
1392 3160 1404 3177 ‚
1439 3136 1476 3176 2&
1498 3136 1663 3182 adjunxit:
1691 3136 1771 3176 Dies
1793 3146 1889 3169 eorum
1910 3158 1922 3175 ,
1958 3133 2064 3177 quibus
2088 3134 2165 3176 Epist
2194 3144 2240 3172 37·
