2352 3736
414 158 468 187 Du
501 141 694 187 Smomffi
730 149 938 192 cuerNE,
974 148 1025 177 ET
1059 145 1197 176 vmuxs
1233 144 1292 175 AD
1323 143 1449 184 *Ipsum
1485 142 1810 176 εΡεετΑΝτῙΒυε.

199 243 281 271 tetur
289 256 296 264 .
315 233 400 265 'Sicut
410 230 490 263 Deus
500 238 634 262 coronam
645 229 765 267 Imperii
768 229 872 269 gratis
884 221 958 256 mibi
968 222 1054 255 dedit
1062 242 1072 259 ,

199 291 247 320 ita
267 293 316 326 ego
327 281 405 324 quod
413 280 458 313 ad
475 279 641 321 religionem
647 282 780 319 pertinet
798 279 900 318 gratis
918 272 1053 313 impendo
1066 275 1084 301 .'

201 334 271 370 Volo
289 341 323 366 ut
345 333 445 365 &vos
458 327 589 371 similiter
601 327 752 369 faciatis.
777 324 945 373 Magnum
965 320 1073 365 Belgii
1115 365 1118 368 ῃ

200 381 396 419 Chronicon
419 379 533 413 adserit
556 379 661 421 ipsum
681 376 780 417 etiam
802 373 961 415 nossurna
984 369 1075 404 mali-

202 443 344 478 gnorum
367 430 535 474 spirituum
547 427 748 472 apparitione
758 421 852 464 fuisse
864 420 1053 456 infestatum
1067 445 1076 460 ,

199 483 375 521 'liberatum
388 480 407 515 ὰ
420 480 538 522 Saudo
550 473 724 514 Laurentio
736 495 748 513 ,
759 480 856 514 atque
866 470 910 504 ita
923 470 942 502 a
952 469 1075 513 leprosa

200 532 310 573 Patris
335 530 520 570 imitatione
537 526 706 569 retssastum
721 547 728 555 ·
753 521 821 554 Hic
831 519 876 553 est
887 520 1052 563 Hessticus
1066 543 1077 560 2

202 590 431 628 cognomento
456 570 569 621 niger,
588 573 647 617 qui
671 572 706 617 ἀ
732 571 920 605 Romanam
945 571 965 615 a
992 570 1077 604 vitio

201 633 271 668 hoc
297 619 445 676 pufgiyit
465 624 645 668 Ecclefiam
668 647 679 663 ,
707 623 741 656 ὅ(
758 621 939 655 Βεηεᾱῑᾶο
961 631 1076 661 nono,

203 683 357 723 Silvgstpo
379 676 475 720 tertio
486 699 497 716 ,
523 685 560 708 ac
574 672 738 718 Gregorio
751 672 843 707 sexto
853 669 958 713 ejectis
977 669 1079 717 suffici

204 733 329 774 guravit
344 727 548 761 Clementem
562 722 737 758 secundum
749 747 757 756 .
868 722 870 724 ’

254 782 302 815 At
310 777 351 811 de
362 777 430 820 ejus
442 774 600 819 degenere
611 774 682 807 filio
693 773 727 807 δε
740 771 917 807 successore
927 770 1079 805 Henrico

205 838 317 876 quarto
328 826 437 862 scribit
456 825 497 863 ad
509 824 752 869 Waltramnum
762 820 1080 866 Magdeburgensem

204 877 498 922 Archiepiscopum
521 875 644 909 Comes
666 873 877 917 Ludovicus:
906 875 1010 904 Omnis
1032 877 1083 913 qui

203 930 365 973 dignitates
385 925 556 969 spirituales
569 925 678 958 vendit
691 948 702 964 ,
727 922 882 956 baereticus
899 921 937 962 est
948 946 955 954 .
983 925 1081 954 Domi-

205 990 265 1012 nus
275 986 375 1012 autem
388 981 533 1010 Henricus
545 1000 555 1016 ,
583 986 667 1017 quem
679 977 788 1016 Regem
814 974 918 1006 dicunt
929 996 940 1013 ,
965 975 995 1004 E
993 968 1084 1014 pisco-

199 1037 296 1072 patus
318 1030 352 1069 (θ’
364 1026 509 1060 Abbatias
522 1026 647 1070 vendit.
675 1027 799 1056 Etenim
812 1020 1084 1066 Constantiensem,

204 1076 507 1121 Babembergenlem,
534 1071 785 1119 Moguntinensem
798 1097 809 1113 ,
835 1075 870 1106 (¹2⁶
885 1073 989 1113 plures
1010 1072 1083 1104 alios

201 1137 258 1172 pro
272 1134 420 1171 pecunia;
447 1123 707 1169 Ratisponensem,
734 1122 938 1167 August‘ensem
953 1147 963 1162 ,
988 1119 1083 1165 Siras-

203 1178 376 1223 burgensem
393 1186 451 1220 pro
470 1177 571 1219 gladio
596 1189 603 1208 z
631 1173 791 1207 Abbatiam
824 1172 1003 1216 Fuldensem
1029 1181 1086 1214 pro

203 1230 369 1270 adulterio,
397 1223 650 1268 Monastericnjem
671 1221 881 1266 Episcopatum
898 1248 908 1264 ‚
936 1223 1016 1264 quod
1038 1223 1086 1255 di-

203 1290 266 1312 cere
285 1280 319 1312 ἐν
331 1279 433 1311 audire
445 1275 532 1320 nefas
543 1275 581 1315 csl
591 1300 602 1316 ,
625 1283 681 1317 pro
691 1275 869 1307 Sodomitica
891 1274 1085 1306 immunditia

203 1329 364 1363 vendidit.
390 1325 504 1371 ,Quaest
512 1326 698 1367 impudenter
721 1335 825 1367 negare
837 1323 966 1357 volueris
979 1347 990 1364 ,
1019 1322 1087 1363 teste

205 1380 288 1412 Coelo
301 1403 312 1419 ,
337 1376 402 1417 teste
411 1387 518 1418 terra,
543 1387 643 1409 omnes
667 1379 758 1407 etiam
779 1376 799 1405 ἃ
817 1373 911 1416 furno
930 1374 1085 1406 redeuntes

212 1429 299 1461 Scioli
310 1429 481 1461 concludent
491 1440 502 1460 .·
527 1428 609 1468 Ergo
621 1428 768 1456 Dominus
779 1429 923 1457 Henricus
947 1422 984 1462 est
996 1422 1088 1455 baere-

204 1484 301 1519 sicus.
330 1476 443 1510 Exstat
466 1475 614 1518 Epistola
636 1471 721 1516 apud
736 1472 904 1509 Abbatem
919 1470 1087 1507 Dodechi-

205 1538 289 1561 num
308 1527 342 1559 in
354 1525 589 1569 Supplemento
600 1523 745 1557 Mariani
763 1523 854 1557 Scoti
869 1548 876 1555 .
903 1522 1089 1557 Confirmat

206 1577 243 1611 in
265 1576 383 1610 litteris
405 1574 446 1610 ad
460 1575 611 1610 Sanctum
623 1571 794 1608 Othonem
815 1572 1088 1617 Bambergensem

206 1626 406 1670 Episcopum
421 1650 431 1667 ,
459 1623 630 1668 publicatis
641 1635 696 1667 per
704 1623 862 1666 Jacobum
875 1623 1065 1657 Gretzerum
1078 1647 1089 1663 ,

208 1676 396 1711 Fredericus
425 1674 698 1717 Archiepiscopus
719 1673 927 1707 Colonienfis
954 1687 965 1707 .·
993 1675 1091 1715 ,Quem

207 1738 268 1767 non
280 1734 398 1760 moveat
408 1749 418 1765 ,
444 1726 523 1768 quod
534 1730 626 1757 omnis
640 1728 669 1757 E
672 1723 825 1765 cclefiastict‘
840 1729 951 1767 vigoris
966 1724 1091 1757 auc‘lori-

208 1786 261 1811 τας
281 1779 390 1810 Aulicis
407 1778 441 1811 (5
452 1776 600 1817 Palatinis
611 1779 643 1807 in
657 1773 797 1817 quaestum
822 1772 912 1816 versa
926 1773 988 1815 est?
1007 1775 1091 1812 syno-

209 1827 292 1860 dalis
303 1834 465 1862 conventus
478 1823 687 1867 Episcoporum
698 1850 708 1865 ,
733 1836 835 1860 annua
857 1826 1008 1862 Consilia,
1034 1835 1092 1856 om-

208 1888 262 1910 ncs
284 1877 409 1919 denique
434 1874 621 1919 Ecclesr'astici
638 1874 752 1907 ordinis
771 1873 1042 1914 administrationes
1061 1879 1093 1905 in

208 1926 346 1970 Regalem
357 1929 481 1959 Curiam
503 1925 664 1959 translata·
682 1923 776 1967 sunt,
802 1936 869 1966 quae
890 1923 1094 1966 spiritualiter

205 1977 382 2011 examinare
402 1975 564 2008 debuerant
578 2001 585 2007 .
612 1976 703 2017 ¹Quid
722 1976 761 2008 de
783 1972 1012 2016 Episcopalibus
1037 1977 1095 2005 Ca-

207 2025 327 2065 :hedris
342 2027 493 2065 dicemus,
519 2024 624 2067 quibus
648 2026 772 2069 Regales
792 2024 887 2061 villici
912 2022 1093 2066 praefident‚

206 2087 287 2119 quas
312 2074 474 2119 disponunt
500 2100 511 2114 ,
535 2076 570 2108 Θ
593 2076 629 2107 de
651 2076 733 2107 domo
755 2078 898 2115 orationis
918 2074 1092 2114 speluncam

205 2126 301 2172 plan?
321 2129 470 2159 latronum
493 2126 640 2167 efficiunt?
669 2124 711 2157 Et
724 2125 757 2156 in
769 2123 854 2157 libro
880 2122 922 2157 de
932 2123 1026 2157 Bello
1037 2125 1091 2158 Sa-

209 2177 335 2210 xonico
360 2176 473 2210 Bruno
497 2174 790 2218 Mersenburgenfis
812 2185 819 2205 ε
859 2177 1003 2207 Henricus
1025 2177 1093 2206 Rex

212 2225 372 2268 Episcopos
392 2251 404 2267 ‚
428 2236 485 2262 non
511 2223 669 2268 secundum
693 2226 874 2266 qualitatem
901 2229 1092 2263 meritorum,

210 2273 369 2317 secundum
390 2279 545 2307 Canonum
564 2277 688 2308 Decreta
709 2273 853 2314 constituit
879 2298 890 2313 ,
910 2272 967 2315 fi’d
976 2273 1007 2314 fi
1026 2279 1093 2316 quis

213 2326 360 2367 majorem
365 2329 518 2367 pecuniam
530 2326 614 2358 dedit
626 2349 637 2364 ‚
665 2325 716 2357 vel
725 2326 820 2366 major
839 2324 1019 2366 flagitiorum
1030 2325 1092 2363 ejus

214 2375 355 2411 adulator
371 2373 485 2414 exstitit
495 2398 505 2414 ‚
530 2373 576 2407 hic
588 2373 714 2415 quolibet
727 2375 840 2416 dignior
850 2371 1033 2415 Episcopatu
1042 2384 1094 2406 ex·

208 2423 290 2469 stitit
300 2449 307 2456 .
331 2431 466 2465 cumque
474 2423 604 2465 alicuific
614 2421 825 2466 Episcopatum
836 2423 955 2466 dedisset
963 2448 974 2465 ‚
981 2422 1011 2465 fi
1016 2425 1094 2456 alius

211 2475 283 2519 plus
293 2474 380 2511 daret
391 2497 402 2513 ,
414 2470 479 2506 'vel
486 2475 551 2515 ejus
564 2479 661 2516 magis
668 2474 811 2513 facinora
824 2474 962 2507 laudaret
976 2498 986 2513 ,
1012 2475 1094 2507 illum

212 2529 344 2565 priorem
367 2522 451 2565 quast*
459 2526 653 2556 simoniacum
661 2522 739 2565 fecit
760 2525 865 2564 ,deponi
879 2548 890 2564 ,
913 2525 947 2558 (9·
958 2523 1042 2564 istum
1049 2523 1094 2566 se·

216 2575 342 2606 cundum
353 2572 573 2616 quafisancflum
583 2579 615 2606 in
625 2574 721 2607 eodem
729 2574 786 2611 loco
799 2572 961 2616 consecrari
972 2598 983 2615 ,
1008 2574 1090 2607 unde

219 2629 356 2667 contigit,
380 2634 412 2658 ut
422 2624 525 2660 multa:
545 2629 686 2661 civitates
698 2625 802 2658 inillis
817 2624 996 2666 temporibus
1020 2625 1094 2657 duos

220 2667 299 2708 fimul
322 2671 478 2716 Episcopos
498 2674 641 2714 baberent
654 2699 664 2713 ‚
690 2685 809 2717 quorum
833 2683 935 2709 neuter
956 2671 1098 2717 Episcopi

224 2720 360 2753 vocabulo
386 2725 493 2767 dignus
514 2725 579 2768 effes
602 2750 609 2757 .
634 2720 766 2766 Ecclefiae
790 2724 1004 2769 Bambergenfi
1021 2726 1097 2758 adeo

223 2773 320 2799 omnis
337 2772 473 2806 Romana
485 2798 495 2813 ,
506 2786 560 2807 non
567 2774 661 2818 sblum
673 2773 836 2817 disciplinae
849 2800 859 2819 ,
877 2773 937 2819 sed
942 2777 976 2808 (5
986 2775 1096 2819 linguae

224 2823 395 2858 imperitum
406 2823 517 2864 intrufie
534 2824 710 2868 Episcopum
724 2849 733 2864 ‚
744 2832 796 2867 qui
804 2830 836 2857 in
837 2825 1022 2867 festivitatis
1037 2828 1098 2857 Pa-

220 2865 331 2910 schalis
347 2872 376 2900 V
374 2868 457 2910 igilia
465 2881 595 2907 cantaret
607 2877 650 2907 ad
660 2886 772 2909 omnem
785 2875 942 2916 Ecclesiam
956 2889 963 2908 :
985 2875 1099 2910 TER-

229 2915 296 2949 RA
310 2915 494 2952 AUTEM
504 2920 634 2956 ERAT
656 2924 818 2959 INANIS
832 2925 899 2958 ET
912 2924 1078 2960 VACCA
1089 2949 1096 2956 .

228 2968 348 3008 Nempe
361 2967 421 3010 ''ps“
429 2978 498 3005 erat
513 2981 602 3008 vacca
613 2973 707 3015 biceps
730 2976 766 3008 (τ
776 2975 865 3008 bruta
876 2999 884 3007 .
911 2975 954 3009 Et
966 2975 999 3008 in
1014 2974 1098 3009 libro

225 3015 268 3049 de
289 3016 437 3071 Eoelefifss
463 3019 544 3054 statu
568 3020 626 3053 sab
637 3023 856 3064 Henticolv.
880 3025 1097 3068 Imperatore,

227 3067 262 3100 &
273 3066 434 3111 Gregorio
451 3067 522 3100 VII.
538 3069 700 3104 Pontifice
718 3075 909 3114 venerabilis
922 3074 1098 3109 Gerbohus

227 3115 414 3159 Praepofitus
427 3117 757 3164 Reicherspergenfis:
784 3128 855 3163 Non
875 3126 973 3163 gladiio
995 3126 1098 3166 cleri,

227 3177 286 3199 non
308 3166 460 3210 consensus
482 3176 717 3210 Honoratorum,
742 3182 801 3209 non
817 3181 924 3214 penno
943 3177 1045 3216 popul}
1067 3181 1099 3208 in

231 3217 415 3249 ordinandis
439 3217 594 3261 Epifiopis
617 3220 801 3262 quaerebatur
820 3246 830 3262 ‚
870 3234 926 3256 non
942 3223 1100 3265 sanffltau

232 3272 309 3299 ’ΝΜ
321 3291 331 3306 2
357 3278 415 3300 ⁷¹07!
430 3265 561 3310 scientiae
582 3269 727 3310 illustriori
740 3271 873 3309 delatum
894 3271 951 3313 est,
972 3272 1029 3315 fied
1037 3280 1098 3316 qm.

227 3327 350 3358 cumque
360 3317 478 3350 volebat
490 3343 500 3358 ,
525 3320 666 3360 implebat
686 3332 809 3357 manum
824 3320 930 3363 sicam,
957 3322 1099 3365 &fabius

231 3364 268 3406 est
279 3369 417 3400 sacerdos
429 3391 439 3406 ,
464 3379 521 3406 non
536 3371 606 3410 jam
618 3373 759 3411 Domini,
780 3370 838 3414 sed
848 3383 1022 3407 mammona·
1033 3397 1045 3413 ,
1069 3385 1103 3406 ac

231 3418 384 3460 Principis
419 3417 507 3459 hujus
542 3421 648 3452 mundi
684 3422 810 3454 dicentis
847 3434 861 3463 ;
899 3426 970 3457 Haec
1005 3428 1103 3457 omnia

35 1567 74 1599 A·
89 1575 171 1603 1090,

35 1696 87 1735 ΞΡ·
104 1704 151 1732 452

55 3132 129 3171 Cap.
148 3143 191 3169 u.

1881 140 1945 187 63

1138 220 1212 261 dabo
1223 219 1297 261 tibi,
1318 218 1350 261 fi
1355 220 1464 260 cadens
1471 219 1652 260 adoraveris
1661 230 1728 255 me.
1755 215 1819 258 Ait
1839 216 2014 261 Episcopa-

1137 280 1187 304 tus
1215 270 1249 304 &
1262 268 1421 311 Abbatias
1431 268 1541 313 paffim
1550 268 1709 312 ‚imperitis
1733 276 1771 302 ac
1784 267 1869 303 male
1878 268 2014 302 moratis

1137 318 1310 362 juvenibus
1320 319 1413 357 suisse
1421 319 1570 358 venditos
1582 318 1600 359 ,'
1617 328 1656 360 ac
1668 317 1773 361 pergit
1785 331 1796 350 .·
1824 319 1936 358 Parum
1946 318 2016 351 dixi

1137 370 1243 412 pelfad
1246 374 1383 412 gratiam
1396 392 1407 408 ,
1432 370 1485 402 vel
1503 370 1548 402 ad
1551 373 1685 410 pecuniae
1709 369 1745 401 ό·
1762 365 1886 409 obsequii
1906 365 2020 401 exhibi-

1137 425 1247 460 tionem
1264 417 1388 459 bonores
1410 418 1615 460 'Ecclefiasticos
1640 421 1732 457 Laica
1742 427 1833 450 manu
1842 416 1931 459 fuiffe
1950 418 2021 459 ador

1138 467 1308 512 lescentibus
1340 470 1480 508 collatos,
1506 475 1577 509 quia
1588 466 1710 511 insuper
1737 469 1771 501 (5
1790 468 1836 500 ad
1852 471 2021 508 impietatis

1138 521 1173 558 s&
1187 517 1373 562 miseriarum
1402 526 1594 561 ,augmentum
1608 518 1642 554 ,bi
1652 515 1655 518 ’
1659 517 1786 559 facilius
1804 514 1920 559 ¹eosdem
1930 514 2023 558 conse-

1141 569 1303 612 quebantur
1313 567 1459 606 bonores,
1487 573 1537 608 qui
1547 568 1730 608 opinatissimi
1744 573 1777 601 in
1790 566 1913 610 flagitiis
1936 565 2026 606 exsti-

1138 619 1253 663 ·tfflsent.
1279 618 1350 665 Qi
1367 616 1454 661 Regi
1474 617 1637 659 utriusque
1651 616 1746 656 sexus
1764 619 1866 651 scorta
1888 616 2028 651 adduce-

1142 679 1212 704 rent
1226 693 1237 709 ‚
1264 677 1320 702 aut
1333 667 1388 710 ipsi
1400 667 1503 700 essent
1510 690 1523 708 ,.
1548 667 1593 707 Et
1608 664 1779 709 adjungit.-
1805 667 1889 699 Unde*
1911 669 2025 708 acapt-

1142 729 1171 753 te
1182 743 1192 758 ‚
1218 723 1397 760 Imperatore
1409 718 1572 756 videlicet,
1591 727 1650 748 non
1661 713 1812 760 benesano
1825 739 1836 755 ,
1863 718 1896 750 <r
1906 718 1926 749 ἃ
1943 718 2022 749 Pon-

1143 767 1267 810 tificibus
1298 769 1388 810 leprae
1410 767 1501 808 hujus
1519 771 1653 811 contagio
1662 765 1815 801 maculatis
1827 789 1837 806 ,
1860 773 1915 806 per
1934 773 2027 799 totum

1139 819 1207 861 fere
1229 819 1310 851 Cleri
1330 826 1434 860 corpus
1448 816 1541 859 pestis
1566 817 1602 859 se
1618 815 1788 857 diffuderat
1813 838 1820 847 .
1847 819 1935 855 Nam
1955 817 2027 847 dum

1145 867 1309 911 Episcopus
1323 867 1536 912 Episcopatum
1545 877 1712 900 marcarum
1724 867 1836 908 aliquot
1848 870 2027 898 centenariis

1144 919 1299 965 coemiffet,
1326 930 1418 960 quam
1440 929 1497 951 non
1517 916 1580 960 ipse
1597 915 1761 960 subjellam
1773 915 1829 958 fibi
1850 915 2030 959 dignitatem

1146 971 1189 1003 ad
1206 969 1428 1012 ¹resarciendum
1449 970 1592 1001 damnum
1606 965 1694 1011 suum
1705 967 1872 1000 venderet?
1897 967 1943 998 Sic
1963 975 2030 1008 ergo

1147 1019 1185 1053 ab
1207 1031 1237 1053 eo
1257 1018 1409 1060 abbates,
1435 1016 1589 1060 Praepost'ti
1602 1042 1613 1058 ,
1640 1016 1749 1051 Archi·
1762 1015 1951 1056 Presbyteri,
1977 1017 2032 1048 Ar-

1147 1069 1370 1103 chi-Diacones
1395 1094 1406 1110 ,
1431 1069 1465 1102 <5
1484 1068 1652 1107 Presbyteri
1674 1067 1818 1108 constituti
1844 1092 1854 1107 ,
1880 1066 1958 1109 quid
1974 1074 2032 1098 non

1149 1122 1182 1154 (τ
1204 1118 1260 1161 ipfi
1271 1118 1534 1161 Ecclesiasticarum
1557 1117 1846 1159 administrationum
1872 1115 1965 1159 usque
1991 1115 2037 1147 ad

1144 1168 1305 1214 sepultura
1315 1172 1406 1205 locum
1428 1171 1598 1213 &officium
1623 1170 1731 1202 venale
1753 1167 1921 1201 baberent?
1949 1167 2035 1208 ,Qua-

1149 1229 1234 1253 tenus
1260 1223 1295 1255 &⁸
1311 1220 1367 1262 ipfi
1385 1221 1437 1262 vel
1455 1222 1586 1261 divitias
1608 1220 1792 1253 cumularent
1813 1241 1824 1258 ,
1850 1216 1903 1250 vel
1922 1213 2034 1259 saltem

1149 1269 1302 1314 marsupia
1325 1275 1487 1313 >exinanita
1505 1272 1653 1313 replerent
1672 1296 1679 1303 .
1707 1269 1760 1305 Ex
1776 1267 1842 1302 hoc
1859 1264 2036 1301 foediffimo

1151 1320 1243 1355 fonte
1262 1331 1352 1356 natas
1363 1320 1514 1355 adfirmat
1539 1321 1669 1365 quasvis
1682 1318 1773 1357 Cleri
1786 1329 1846 1366 pro
1858 1316 1953 1351 fieris
1964 1316 2036 1349 fun-

1151 1371 1315 1406 {tionibus
1336 1371 1522 1407 exastiones
1547 1395 1559 1411 ,
1585 1369 1661 1404 curn
1682 1379 1821 1413 quarum
1842 1366 2037 1412 quibusdam

1153 1422 1320 1456 nonnullae
1340 1421 1420 1455 hinc
1450 1421 1529 1454 iude
1556 1420 1707 1462 Ecclefiae
1728 1419 1912 1460 etiamnum
1938 1414 2039 1449 hodie

1152 1471 1383 1505 conflictantur
1397 1494 1404 1501 .
1433 1468 1638 1512 Episcopalis
1665 1468 1767 1510 apicis
1790 1476 1951 1509 emptores
1970 1476 2038 1498 non

1153 1522 1239 1565 posse
1255 1531 1324 1554 non
1345 1519 1407 1552 effe
1435 1518 1629 1552 inferiorum
1655 1517 1816 1562 graduum
1855 1516 2041 1550 venditores

1152 1570 1266 1604 adserit
1292 1570 1326 1603 in
1340 1569 1456 1602 litteris
1474 1568 1515 1602 ad
1527 1567 1779 1601 Theodoricum
1806 1578 1843 1600 ac
1868 1564 2042 1599 Theober-
2060 1560 2218 1607 Lqindi‘st,

1152 1631 1223 1655 tum
1242 1620 1445 1653 Francorum
1467 1619 1575 1662 Reges
1599 1618 1733 1651 Sanstus
1761 1617 1940 1661 Gregorius
1967 1616 2044 1648 Ma·
2064 1604 2207 1640 ¹³²P·¹¹⁶·

1152 1681 1238 1716 gnus
1255 1695 1262 1702 .
1289 1669 1505 1703 Vitiinatura
1525 1670 1566 1703 fic
1579 1667 1762 1711 compellit.
1793 1665 1965 1714 Quidquid
1990 1665 2043 1699 ad·

1153 1720 1260 1756 versus
1287 1720 1472 1754 Simoniam
1504 1719 1617 1752 ssatuit
1643 1718 1826 1762 Gregorius
1864 1717 2042 1760 septimus,

1153 1771 1263 1805 statuit
1275 1770 1423 1804 adversus
1434 1768 1524 1803 hunc
1537 1768 1723 1803 Henricurn
1749 1768 1783 1801 &
1809 1767 1851 1801 ab
1875 1767 1944 1810 ipso
1958 1767 2044 1801 inve-

1153 1821 1245 1860 siitos
1261 1820 1439 1864 Episcopos
1452 1846 1461 1862 .-
1884 1818 1887 1821 “

1204 1871 1315 1906 Etiam
1339 1871 1374 1904 in
1401 1870 1528 1914 Anglia
1544 1872 1719 1915 grassatum
1739 1869 1785 1903 est
1820 1867 1959 1903 malum.
1988 1867 2046 1901 Et-

1155 1922 1245 1956 enim
1255 1921 1296 1955 de
1307 1920 1528 1954 laudatiffimo
1541 1921 1635 1965 Rege
1649 1916 1810 1963 Wlphero
1827 1917 1938 1954 scribit
1963 1918 2049 1952 Gui-

1157 1971 1286 2006 lielmus
1312 1970 1606 2005 Malmesberienfis
1630 1983 1637 2003 :
1682 1973 1762 2008 Eius
1783 1971 1860 2003 bona
1881 1969 1986 2011 infecit
2011 1980 2047 2001 ac

1155 2022 1287 2064 deprefflt
1309 2026 1423 2064 gravis
1444 2023 1582 2055 simoniae
1604 2030 1676 2054 nota
1698 2045 1709 2061 ,
1735 2022 1816 2067 quod
1843 2026 1964 2063 primus
1989 2022 2046 2053 Re-

1150 2083 1223 2115 gum
1250 2073 1410 2115 Anglorum
1428 2069 1548 2113 sacrum
1575 2072 1738 2104 Londoniae
1760 2070 1977 2114 Episcopatum
1989 2075 2048 2101 cui-

1157 2124 1229 2154 dam
1241 2119 1393 2164 ambitioso
1414 2125 1529 2155 VVinae
1540 2123 1726 2156 venditarit.
1755 2122 1858 2166 Qod
1876 2121 1983 2162 ipsum
2004 2119 2045 2153 de

1158 2172 1251 2216 Rege
1277 2171 1472 2204 Hardecnut
1499 2172 1609 2205 scribit
1626 2172 1762 2213 Simeon
1789 2170 2046 2212 Dunelmenfis,
2067 2184 2183 2216 (4343,

1157 2221 1278 2255 addens
1297 2220 1459 2256 divinitus
1476 2220 1598 2264 exinde
1610 2220 1763 2264 punitum
1777 2245 1784 2251 .
1811 2219 1856 2254 Et
1883 2218 1964 2254 hinc
1987 2230 2047 2263 po·

1157 2272 1230 2306 steri
1253 2271 1363 2315 Reges
1382 2272 1470 2305 fuere
1494 2271 1629 2314 corresti
1649 2295 1657 2302 .
1699 2269 1850 2304 Scabiem
1877 2271 2047 2313 resumpsit

1157 2320 1356 2356 Guilielmus
1368 2320 1600 2364 Conquaestor,
1628 2319 1721 2363 cujus
1743 2331 1877 2354 manum
1900 2319 1947 2354 ob
1970 2321 2047 2363 Epi-

1159 2373 1309 2416 scopatus
1319 2371 1446 2404 donum
1457 2369 1694 2414 adimpleturus
1709 2370 1873 2404 Robertus
1893 2370 2047 2403 Conven-

1158 2422 1268 2456 trenfis
1291 2420 1470 2465 Episcopus
1480 2421 1541 2454 suae
1553 2421 1701 2454 Ecclesiae
1714 2430 1908 2454 ornamenta
1932 2417 2047 2454 debuit

1158 2469 1334 2506 distrahere
1352 2496 1360 2504 .
1386 2470 1435 2508 Ita
1446 2471 1558 2506 scribit
1573 2472 1715 2515 loannes
1737 2469 1960 2514 Bromptonus
1979 2469 2048 2504 Ab·
2065 2488 2102 2517 A·
2113 2495 2196 2521 ¹077-

1159 2522 1216 2557 bas
1244 2521 1460 2564 Jornalenfis,
1485 2520 1607 2561 addens
1632 2520 1718 2555 adeo
1733 2521 1826 2554 fuisse
1853 2520 2020 2555 sordidum
2035 2545 2046 2560 ‚
2186 2516 2190 2519 ’

1159 2583 1195 2614 ut
1215 2571 1283 2614 eJus
1301 2571 1470 2615 Justitiarii
1488 2572 1592 2611 essent
1614 2569 1795 2611 latronibus
1812 2570 1952 2614 pejores.
1986 2570 2047 2604 At.

1160 2633 1271 2657 tamen
1302 2622 1343 2656 de
1364 2621 1482 2657 eodem
1501 2621 1594 2667 Rege
1621 2621 1662 2656 ad
1681 2622 1867 2666 Hugonem
1888 2621 2046 2655 Diensem

1160 2673 1378 2717 Episcopum,
1405 2673 1498 2706 suum
1521 2673 1555 2706 in
1586 2671 1696 2714 Gallia
1717 2671 1912 2712 Vicinium,
1937 2670 2047 2704 scribit

1158 2722 1339 2767 Gregorius
1350 2723 1524 2766 septimus:
1553 2725 1621 2756 Rex
1639 2723 1796 2766 Anglorum
1810 2746 1820 2762 ,
1845 2723 1912 2755 licet
1935 2728 1967 2753 in
1982 2726 2045 2762 qui-

1159 2772 1285 2817 busdam
1299 2777 1415 2807 nonita
1424 2774 1578 2816 religiose,
1597 2771 1671 2814 ficut
1679 2780 1837 2814 optamus,
1862 2770 2012 2814 sebabeat
2035 2794 2046 2809 ,

1160 2828 1304 2856 tamenin
1316 2821 1367 2856 boc
1377 2824 1457 2864 quod
1467 2821 1609 2864 Ecclesia:
1622 2826 1679 2856 Dei
1698 2834 1759 2863 non
1781 2821 1902 2862 divstruit
1913 2845 1924 2860 ,
1953 2831 2046 2861 neque

1160 2875 1268 2908 vendit
1280 2897 1290 2912 ,
1314 2874 1349 2907 ὁ·
1356 2881 1462 2915 pacem
1467 2872 1677 2915 justitiamque
1688 2878 1721 2906 in
1731 2871 1798 2915 suis
1804 2870 1938 2916 subditis
1949 2871 2045 2902 mode-

1160 2930 1223 2958 rari
1232 2931 1374 2966 procurat
1386 2948 1396 2964 ,
1418 2929 1533 2956 caeteris
1544 2923 1673 2967 Regibus
1680 2919 1760 2966 fictis
1767 2922 1799 2965 se
1808 2921 2044 2963 probabiliorem,

1160 2977 1194 3015 g&
1205 2980 1299 3018 magis
1316 2973 1522 3007 honorandum
1533 2972 1655 3014 ostendit
1669 2971 1681 3007 .’
1701 2972 1929 3006 Mutationem
1948 2969 2042 3003 istam

1158 3023 1315 3059 debemus
1342 3023 1409 3067 ejus
1437 3025 1472 3058 in
1507 3024 1636 3068 Regem
1658 3022 1877 3056 consecratori
1915 3017 2044 3053 Ali-edo

1161 3074 1355 3113 Eboracenfi
1375 3072 1638 3116 Archiepiscopo
1657 3096 1669 3111 ,
1692 3071 1733 3104 de
1756 3080 1823 3114 quo
1843 3069 2044 3103 Guilielmus

1160 3124 1414 3167 Neubrigenfis:
1444 3124 1571 3163 Alredus
1585 3121 1729 3161 bominem
1740 3120 1962 3167 ferociffimum‚
1985 3117 2046 3163 spi-

1158 3181 1275 3213 rantem
1285 3178 1433 3205 minarum
1457 3172 1596 3214 &caedis
1621 3175 1653 3202 in
1660 3168 1849 3214 subjugatum
1875 3176 1970 3203 armis
1992 3179 2046 3212 po-

1157 3225 1262 3267 pulum
1274 3247 1284 3262 ,
1310 3228 1412 3255 mitem
1422 3221 1556 3261 reddidit
1570 3245 1581 3261 ,
1607 3221 1641 3254 &⁵
1651 3219 1787 3264 religiofis
1793 3229 1850 3263 pro
1863 3219 2046 3263 conftrvan-

1160 3275 1202 3307 da
1215 3272 1376 3314 Republica
1385 3293 1396 3309 ,
1424 3271 1593 3314 tuendaque
1604 3267 1799 3312 Ecclest‘astica
1810 3269 1967 3314 disciplina
1990 3272 2011 3303 5
2011 3283 2044 3303 a·

1159 3328 1320 3363 cramentis
1331 3319 1492 3361 adstrinxit
1505 3345 1512 3353 .
1541 3323 1631 3363 Aquo
1646 3321 1744 3362 posteri
1765 3323 1820 3355 loco
1843 3323 1952 3354 Patris
1974 3322 2044 3353 cole-

1163 3374 1250 3407 batur
1263 3396 1273 3412 ,
1299 3379 1331 3405 ut
1340 3382 1402 3404 cum
1411 3371 1461 3404 ille
1473 3377 1589 3405 caeteris
1603 3376 1760 3413 imperaret
1772 3396 1783 3412 ,
1803 3371 1840 3404 ab
1857 3383 1887 3404 eo
1902 3372 2042 3412 Imperari

1155 3423 1212 3471 fibi
1231 3427 1438 3465 aequanimiter
1452 3429 1610 3465 pateretur
1622 3447 1629 3455 .
1657 3422 1799 3467 Regiam
1826 3418 2044 3458 consecratio—

1894 3478 1970 3502 nem
1981 3490 1995 3509 ‚

2064 1948 2092 1975 F.
2115 1957 2162 1981 27.

2065 2757 2122 2792 L.9.
2133 2757 2215 2795 Ep.5‚

2062 3103 2178 3132 Iar-ca.
