2352 3736
321 125 454 172 272?

260 198 450 247 Aquileiam
462 198 611 233 reducere
623 191 764 226 tentavit
776 190 924 247 ‘Gisul‘fus
936 211 947 229 ,
962 187 1006 220 ita
1021 187 1150 245 sperans
1163 199 1171 259 Ι

255 253 358 288 etiam
370 249 565 285 Catholicos
576 255 651 278 curn
667 243 729 276 suis
755 239 942 275 elvuatlbus
965 236 999 269 ὅ(
1022 237 1152 280 popuhs

258 303 445 347 Episcopus
457 295 514 329 fibi
528 293 775 330 conciliandos.
805 287 980 322 Verumin
991 288 1048 321 sua
1070 288 1153 322 astu-

256 354 303 388 tia
313 358 422 393 captus
435 346 481 381 est
497 371 505 379 .
532 347 620 380 Eum
633 339 768 377 aversati
781 338 961 372 Gradenses
985 336 1152 372 redierunt

256 403 298 436 ad
310 398 419 435 SanEti
438 396 525 432 Petri
539 395 679 438 Asylum
690 390 724 424 ὅ(
739 389 930 423 Romanam
953 387 1130 423 Ecclesiam
1141 413 1152 428 ,

256 450 313 486 fibi
323 461 387 495 que
410 446 626 483 Catholicurn
653 440 852 484 Episcopum
871 439 1060 484 elegerunt.
1100 439 1152 472 Ex

257 501 394 545 Ioannis
420 495 566 534 Diaconi
593 492 697 526 verbis
725 491 811 525 lucet
839 491 856 523 ὲ
894 490 1008 534 Sergio
1047 489 1153 532 primo

254 551 448 589 Pontifice‚
492 545 548 590 qui
567 553 685 578 omnes
706 541 837 576 reduxit
860 540 901 575 ad
925 541 1070 574 Matrem
1092 540 1153 574 Cas·

257 600 439 637 tholicarn,
474 596 574 631 etiam
595 593 798 629 Dioecesanae
820 591 956 626 unitatis
979 591 1153 634 reparatio-

254 663 332 688 nem
346 674 356 690 ‚
382 650 435 683 sed
463 647 557 681 irrito
580 655 701 679 conatu
715 669 724 683 ‚
749 643 842 677 fuisse
860 651 1041 676 tentatam.
1063 640 1152 673 Nam

254 711 389 745 uterque
401 701 434 733 se
446 709 516 733 non
531 694 638 730 solum
651 706 688 728 ut
706 693 931 727 patriarcham
955 692 1048 735 gessit
1060 716 1070 731 ‚
1099 691 1151 724 sed

252 750 467 796 &insigniter
488 746 665 793 digladiari
686 753 879 788 creperum,
914 743 989 787 quis
1008 743 1151 786 ipsorum

252 802 419 838 videretur
428 800 491 834 effe
518 798 645 840 major?
671 795 823 830 Primum
844 794 970 828 bellum
990 794 1008 826 a
1028 794 1152 827 Sereno

253 853 356 889 Foro·
365 849 497 895 Julienfi
522 849 556 882 δε
585 848 725 881 Donato
765 843 920 879 Gradenfi
958 840 1154 878 Patriarchis

255 910 389 939 motum
418 900 484 936 fuit
528 908 639 933 coram
677 895 844 940 Gregorio
879 894 1025 929 secundo
1047 917 1058 934 ‚
1096 892 1153 937 qni

255 954 329 1000 post
354 951 465 988 audita
492 949 636 993 partium
663 946 878 981 fundamenta
905 945 1041 988 pallium
1069 944 1156 977 misit

256 1007 398 1044 Sereno,
426 1003 461 1035 &
487 999 592 1044 rigide
618 997 791 1034 mandavit
821 1008 863 1030 ne
891 995 1096 1029 Gradensem
1122 993 1157 1026 sl-

258 1056 295 1091 bi
321 1054 494 1097 subjugare
516 1074 527 1089 ‚
564 1059 620 1083 aut
646 1048 712 1090 ejus
740 1048 821 1081 fines
848 1055 988 1080 tentaret
1026 1041 1156 1078 invade-

259 1118 317 1147 re,
343 1104 397 1138 sed
423 1109 600 1136 contentus
626 1098 704 1133 esset
730 1097 883 1132 Ecclefiis
910 1095 1077 1139 hucusque
1101 1092 1156 1128 ha·

258 1156 339 1191 bitis
365 1154 402 1187 in
430 1148 734 1196 Longobardorum
759 1157 885 1193 gente,
911 1148 964 1180 seu
1003 1143 1156 1187 Fori-ju-

259 1206 342 1241 liani
369 1205 523 1239 Ducatu.
553 1201 666 1247 Qam
707 1198 904 1233 sententiam
939 1196 1039 1231 etiam
1079 1194 1155 1229 Gre-

260 1257 377 1302 gorius
399 1253 515 1290 tertius
541 1249 753 1285 confirmavit
767 1274 774 1281 .
801 1247 900 1282 Sedes
923 1247 1043 1290 quippe
1065 1243 1156 1288 Apo-

258 1306 376 1342 stolica
389 1329 400 1345 ‚
413 1302 502 1347 quod
514 1301 579 1344 ipsa
591 1298 821 1343 Episcopalem
838 1295 1039 1331 Cathedram
1052 1296 1156 1339 Aqui-

258 1357 321 1400 leja
335 1349 706 1390 transtulissetGradum
719 1373 730 1390 ,
757 1347 848 1392 quod
881 1347 962 1382 item
984 1345 1156 1381 Gradenfis

259 1405 404 1442 Ecclesia
414 1402 542 1438 dudum
554 1409 630 1435 aute
644 1400 744 1434 Foro·
760 1398 939 1441 Juliensem
950 1395 1091 1431 rediisset
1114 1396 1155 1430 ad

257 1457 425 1492 unitatem
443 1477 456 1494 ‚
481 1451 534 1486 isti
557 1449 668 1494 potius
689 1472 701 1489 ,
727 1449 826 1492 quam
846 1446 923 1483 huic
948 1448 1071 1490 semper
1093 1445 1152 1479 stu·

260 1506 335 1543 duit
348 1502 493 1541 &favit.
521 1501 606 1534 Eam
617 1497 711 1533 Auxit
723 1498 788 1532 esse
799 1497 976 1531 Matricem
996 1522 1002 1528 .
1028 1494 1152 1530 Verum

260 1558 365 1592 Foro·
376 1552 523 1599 Julienfis
548 1547 630 1584 adeo
658 1559 725 1581 non
749 1547 899 1589 deposuit
922 1546 1052 1579 animos
1068 1570 1078 1586 ,
1118 1555 1154 1579 ut

259 1607 380 1652 Poppo
389 1597 578 1639 Patriarcha
593 1623 604 1639 ,
630 1597 672 1632 de
684 1596 792 1632 Sancti
802 1596 941 1630 Henrici
953 1596 1155 1639 Imperatoris

259 1659 385 1703 gratia,
413 1654 448 1687 &
476 1651 556 1687 Ursi
583 1648 756 1682 Gradenfis
779 1644 996 1684 Patriarchae,
1024 1645 1154 1687 ejusque

259 1707 383 1743 Fratris
408 1699 586 1737 Dominici
613 1696 791 1731 Flabanitii
815 1695 920 1728 Ducis
941 1694 1063 1727 Veneti
1091 1717 1101 1732 ,
1138 1695 1155 1726 a

260 1758 326 1792 suis
338 1752 490 1790 seditiose
503 1749 670 1794 pulsorum
685 1772 694 1787 ,
722 1745 912 1780 humilitate
924 1745 1026 1778 fretus
1037 1768 1047 1784 ,
1076 1744 1159 1777 Gra·

258 1808 391 1843 densem
413 1803 582 1838 civitatem
605 1797 757 1837 invaserit
778 1806 901 1830 armata
921 1805 1044 1834 manu,
1081 1793 1157 1836 ejus·

262 1869 328 1903 que
340 1854 518 1890 Ecclesiam
531 1849 591 1883 fibi
603 1848 720 1883 subiici
732 1846 912 1890 impetrarit
925 1845 942 1878 ὲ
967 1844 1093 1887 Joanne
1117 1843 1159 1875 vi-

261 1909 388 1954 gesimo
404 1929 415 1946 ,
441 1903 574 1946 ejusque
586 1899 775 1934 Successore
785 1908 823 1930 ac
835 1906 953 1938 nepote
978 1894 1159 1928 Benedfflo

262 1970 379 1997 nono,
405 1951 564 1997 improbis
591 1947 789 1992 Apostolicae
814 1945 908 1980 Sedis
936 1944 1159 1978 invasoribus.

264 2011 384 2050 poppo,
423 2002 534 2046 inquit
557 1999 698 2033 Carolus
723 1996 881 2042 Sigonius
897 2020 909 2037 ,
935 1996 1036 2028 Gradi
1059 1994 1161 2028 urbem

263 2071 329 2093 cum
342 2054 475 2097 Templis
493 2051 624 2085 incendit
637 2073 647 2089 ,
675 2060 746 2082 aras
771 2048 899 2087 dejecit,
927 2046 1074 2078 Moniales
1100 2050 1182 2100 vio-i

265 2111 370 2148 iavit,
391 2104 492 2150 sacros
505 2099 668 2143 Thesauros
693 2097 886 2141 asportavit,
912 2096 1060 2138 Reliquiis
1086 2096 1181 2126 San-1

267 2159 378 2193 ‘giorum
389 2159 531 2197 exceptis,
544 2162 618 2194 quas
630 2154 766 2183 invenire
777 2159 835 2180 non
841 2151 940 2188 potuit
953 2171 960 2177 .
973 2146 1016 2180 Et
1028 2144 1162 2181 tandem
1178 2128 1182 2163 ¹

266 2209 627 2244 {ineSacramentorum
650 2199 772 2234 viatico
792 2197 836 2231 est
860 2195 1034 2230 infeliciter
1046 2194 1162 2229 exstin-

267 2262 338 2294 flus
348 2283 355 2291 .
382 2255 518 2304 Qibus
531 2251 652 2291 auditis
664 2248 874 2293 privilegium
890 2246 983 2281 suum
997 2245 1163 2279 revocavit

267 2308 472 2345 Benedi&us
481 2301 636 2338 Pontifex
647 2325 657 2340 ,
683 2300 718 2333 δε
731 2300 881 2333 miseram
891 2296 1062 2331 civitatem
1077 2306 1163 2339 repa-

268 2361 357 2395 ravit
368 2358 576 2392 Venetorum
598 2350 682 2385 Dux
708 2349 909 2384 Dominicus
931 2347 1163 2389 Contarenus,

266 2408 480 2452 reddiditque
490 2404 584 2440 Urso
596 2398 790 2436 Patriarchae
802 2424 810 2431 .
837 2397 971 2446 Qibus
990 2396 1161 2434 adversum

266 2458 393 2502 ‘similes
400 2460 499 2496 Foro-
512 2453 700 2499 Julienfium
713 2449 950 2504 Episcoporum
962 2446 1137 2484 violentias
1148 2474 1160 2497 ‚

565 2679 1157 2725 EXPONUNTUR

630 108 963 151 SANCTI
1033 102 1374 148 L'u'oNIS
1446 104 1707 165 ΝοΝΙ,

1217 187 1306 231 quod
1331 197 1488 230 tanquam
1512 187 1738 234 Pseudo-Papa
1759 192 1916 234 judicatus
1938 206 2040 239 nuper
2062 196 2096 230 &

1215 238 1256 272 ab
1269 239 1418 272 Henrico
1431 238 1529 271 tertio
1541 237 1737 282 Imperatore
1746 241 1861 283 ejectus
1873 246 1984 280 fuisset
1995 247 2097 280 Bene⁴

1215 287 1319 322 dicius
1330 312 1340 328 ,
1369 299 1439 321 non
1450 298 1627 322 contentus
1641 290 1801 324 successor
1811 291 2013 330 Dominicus
2035 297 2098 330 Be.

1215 339 1323 372 lianus
1338 362 1349 378 ,
1375 338 1503 372 acceffit
1519 341 1705 381 praesentem
1718 339 1890 381 Synodum
1902 365 1912 382 ‚
1937 343 2098 383 obtinuit-

1215 400 1278 432 que
1290 388 1354 422 hoc
1365 388 1546 423 Decretum
1561 403 1572 422 .·
1609 388 1735 422 Releeiis
1756 391 1929 434 privilegiis
1945 393 1966 424 ἃ
1986 395 2098 429 sanila

1213 443 1347 472 Romana
1358 440 1392 473 ὁ*
1403 439 1560 482 apostolica
1577 438 1649 483 sede
1672 437 1820 484 Gradenfi
1838 440 1974 483 Ecclefiae
1992 442 2100 487 conces-

1208 489 1249 531 sis
1260 515 1270 531 ,
1290 491 1413 531 ‚iudicio
1426 495 1517 524 totius
1523 488 1640 533 sandlae
1652 491 1756 529 synodi·
1768 489 1823 524 hoc
1834 490 1988 533 definitum
2004 491 2072 534 fuit
2085 517 2099 533 ,

1213 549 1246 573 ut
1258 552 1338 574 nova
1353 542 1491 583 aquileja
1502 544 1592 574 totius
1621 544 1755 574 Venetiae
1773 541 1809 574 δ’
1829 540 1948 582 Hijiriae
1958 543 2099 584 Caput&

1215 593 1386 633 Metropolis
1404 599 1581 634 perpetuum
1601 590 1760 625 haberetur
1782 614 1795 632 ,
1838 587 2001 633 secundum
2021 594 2116 635 quod·

1215 643 1426 683 evidentiffima
1449 641 1691 685 Praedecefforum
1710 640 1870 682 nostrorum
1904 642 2102 682 adstruebant

1211 694 1397 737 privilegia,·
1426 691 1658 737 Foro-Julienfi5
1669 703 1740 726 vero
1753 692 1881 732 antistes
1894 693 2101 726 tantummodo

1212 743 1324 785 finibus
1349 742 1607 787 Langobardorum
1629 742 1694 785 esset
1714 751 1890 784 contentus,
1919 745 2019 784 juxta
2035 749 2102 785 pri·

1217 795 1357 838 vilegium
1369 797 1503 838 Gregorii
1512 791 1633 836 secundi
1644 817 1655 833 ‚
1681 794 1716 826 (5
1733 793 1974 827 retradiationem
1995 798 2099 827 tertii·

1218 847 1263 877 Et
1275 844 1327 878 boc
1339 846 1459 887 quidem
1485 853 1576 877 extra
1602 849 1786 886 patientiam
1806 847 1961 878 canonum
1985 849 2014 877 ei
2042 852 2101 885 pro

1216 903 1321 939 magno
1330 896 1506 935 concefflmus
1519 919 1530 935 ,
1555 900 1628 936 quia
1641 903 1748 937 quater
1752 896 1824 936 jam
1834 903 1958 928 vocatus
1970 895 1991 926 ἃ
2015 893 2100 927 nobis

1218 955 1268 978 nec
1289 951 1376 979 venit
1400 955 1451 978 nec
1475 943 1650 987 excusavit,
1689 956 1755 979 cum
1773 943 1954 986 Gradenfis,
1990 945 2027 976 id
2039 943 2100 984 est,

1219 1006 1305 1028 κους
1317 996 1461 1037 Aquilejae
1482 995 1661 1029 Patriarcha
1673 1001 1829 1038 quinquies
1842 993 1944 1035 nostrae
1965 996 2075 1033 synodo
2087 1017 2100 1033 ,

1218 1051 1310 1077 etiam
1334 1056 1391 1077 non
1416 1051 1562 1084 vocatus,
1598 1044 1788 1085 interfuerit.
1827 1045 2022 1079 Conrumax
2044 1045 2102 1078 ille

1217 1094 1464 1138 Foro-Iulienfis
1478 1092 1666 1126 Patriarcha
1676 1093 1739 1126 fuit
1753 1093 1922 1137 Popponis
1933 1095 2102 1138 proximus

1219 1146 1380 1179 successor
1404 1143 1604 1178 Eberardus.
1633 1145 1793 1188 Qinque
1813 1153 1945 1183 autem,
1981 1144 2102 1186 quibus

1219 1195 1424 1230 Dominicus
1445 1194 1620 1228 Gradenu's
1641 1193 1748 1227 adfuit
1769 1218 1780 1234 ,
1818 1192 1947 1236 Synodi
1969 1193 2102 1227 fuerunt

1220 1246 1384 1290 Papienfis
1395 1270 1406 1285 ‚
1433 1244 1647 1279 Vercelleniis
1658 1266 1668 1282 ,
1679 1256 1715 1277 ac
1727 1252 1789 1278 tres
1801 1243 1961 1278 Romanas
1971 1267 1983 1284 ,
2004 1242 2115 1278 adeo-a,

1220 1308 1282 1340 que
1297 1296 1415 1330 labitur
1436 1296 1576 1329 Carolus
1597 1294 1753 1339 Sigonius
1775 1293 1839 1328 hoc
1864 1294 1995 1338 praesens
2017 1293 2102 1337 judi—

1218 1349 1306 1381 cium
1320 1347 1351 1380 in
1366 1347 1505 1389 primam
1534 1344 1625 1378 istius
1652 1341 1760 1378 saeculi
1782 1343 2027 1389 quadragesimo
2043 1354 2102 1377 no-

1221 1408 1263 1430 no
1277 1409 1366 1431 anno
1380 1396 1576 1430 celebratam
1588 1394 1713 1429 Leonis
1726 1394 1918 1429 Romanam
1928 1393 2103 1436 Synodum

1217 1447 1406 1482 transferens
1418 1471 1428 1486 ‚
1454 1447 1487 1479 ὃ(
1511 1445 1697 1481 Cardinalis
1715 1445 1819 1479 Caesar
1840 1445 2001 1479 Baronius
2018 1442 2104 1478 ῑεᾶὲ

1217 1499 1353 1531 affirmat
1373 1497 1413 1530 ab
1436 1495 1496 1530 hac
1518 1496 1614 1531 tertia
1633 1495 1810 1530 emanasse.
1849 1495 1960 1530 Prima
1982 1494 2102 1537 coepit,

1220 1549 1311 1581 tertia
1325 1547 1504 1588 complevit
1522 1571 1529 1577 .
1557 1546 1739 1579 Postmodo
1750 1546 1848 1579 fuisse
1857 1545 1899 1579 ab
1913 1543 2104 1581 Alexandro

1218 1597 1360 1630 secundo
1375 1598 1612 1629 confirmatum
1637 1594 1724 1629 idem
1748 1593 1910 1637 judicium
1931 1596 2102 1638 scriptores

1218 1648 1340 1681 Veneti
1353 1648 1548 1679 asseverant.
1562 1645 1714 1680 Eundem
1725 1645 1948 1679 Dominicum
1957 1646 2050 1679 suum
2059 1642 2110 1678 ada

1219 1695 1417 1729 Michaelem
1429 1695 1663 1739 Imperatorem
1686 1694 2109 1739 constantinopolitanum

1219 1748 1252 1779 &
1289 1745 1476 1781 Graecorum
1517 1745 1672 1778 Ecclefias
1707 1746 1871 1790 Legatum
1906 1768 1919 1785 ‚
1954 1744 2103 1788 quando·

1219 1806 1283 1837 que
1308 1795 1531 1835 Gradensem,
1560 1794 1758 1838 quandoque
1778 1794 1979 1834 Veneticum
1998 1793 2103 1828 Patri·

1221 1844 1353 1880 archam
1371 1844 1556 1887 appellatin
1581 1845 1646 1878 suis
1669 1844 1784 1879 litteris
1808 1844 1990 1889 Gregorius
2010 1844 2103 1886 sePti-

1221 1906 1312 1929 mus.
1341 1895 1383 1929 Et
1396 1894 1561 1928 paschalis
1575 1895 1731 1934 secundi,
1753 1907 1809 1938 per
1819 1894 2023 1937 Stephanum
2043 1894 2104 1928 Ba·

1223 1947 1345 1980 luzium
1359 1946 1392 1979 in
1407 1944 1633 1979 additionibus
1646 1945 1786 1979 ad‘Petri
1797 1945 1840 1978 de
1863 1944 1977 1978 Marca
1997 1944 2103 1979 libros

1225 1996 1388 2039 publicata
1401 1995 1624 2029 Lateranensis
1645 1994 1798 2038 Synodus
1821 1994 1930 2029 laudat
1940 1998 2102 2040 joannem

1225 2045 1434 2080 Patriarcbam
1462 2050 1633 2079 Veneticum
1653 2071 1675 2079 ..
1699 2043 1803 2092 Qod
1824 2055 1941 2088 nempe
1961 2044 2101 2078 Venetas

1226 2096 1406 2130 Provincia:
1420 2097 1502 2129 esset
1514 2096 1730 2138 Metropolita
1743 2120 1750 2127 .
1764 2094 1977 2129 Innocentius
1988 2094 2102 2128 tertius

2123 2125 2180 2156 Lib.
2213 2138 2238 2158 ι,

1225 2146 1335 2188 paffim
1360 2155 1455 2179 vocat
1478 2145 1702 2179 Patriarcham
1721 2145 1941 2180 Gradensem.
1970 2144 2206 2205 Nempffiliprst.
2231 2175 2280 2204 93·

1226 2195 1453 2229 patriarchalis
1464 2194 1560 2230 Sedes
1573 2195 1916 2239 Gradimansitusque
1936 2193 1975 2228 ad
2001 2195 2106 2229 Nico-

1227 2246 1477 2289 laumquintum
1491 2270 1502 2286 ,
1527 2246 1583 2290 qui
1598 2246 1700 2290 ipsam
1723 2245 1887 2280 transtulit
1903 2245 1938 2278 in
1959 2243 2107 2279 Veneto·

1226 2309 1298 2331 rum
1310 2297 1476 2331 civitatem
1487 2320 1496 2336 ‚
1532 2306 1629 2338 atque
1640 2296 1684 2331 ita
1695 2295 1761 2338 jam
1773 2296 1881 2330 nullus
1892 2295 1938 2330 est
1960 2295 2106 2329 Graden-

2128 2324 2188 2355 Lib.
2211 2336 2240 2360 4·

1226 2348 1283 2387 fis,
1311 2347 1421 2381 nullus
1433 2346 1670 2390 Foro—Julenfis
1682 2344 1891 2389 patriarcha,
1918 2345 1972 2383 sed
1994 2344 2106 2381 Vene·
2122 2364 2280 2404 Epist-117-

1176 2412 1187 2500 ¹
1223 2408 1275 2433 tus
1291 2421 1302 2439 ‚
1327 2395 1608 2448 &Aquilejensss‚

1208 2678 1579 2729 QUAEDAM
1628 2672 1821 2714 ALlA

394 2807 932 2936 SANCTI
1006 2805 1523 2891 LEONIS
1603 2801 1984 2887 NONI

707 2974 1698 3061 DE'CRETA.

893 3097 1510 3139 DECRETUMI.

541 3204 606 3240 Uo
654 3205 784 3249 insuper
831 3202 992 3238 notabilia
1039 3200 1176 3234 Decreta

568 3256 686 3290 Sansto
725 3254 837 3289 nostro
874 3253 983 3288 Leoni
1026 3247 1177 3285 adscribit

279 3306 297 3329 -·'
571 3305 706 3346 antiqua
743 3304 920 3338 Historica
956 3299 1176 3344 compilatio.-

569 3355 628 3385 Leo
654 3356 743 3393 Papa
768 3354 932 3393 constituit,
957 3362 990 3385 ut
1001 3351 1099 3386 nullus
1114 3353 1176 3382 Mo-

292 3419 302 3435 '2
571 3399 681 3436 nacha!
693 3423 704 3440 2
730 3400 783 3441 nist
798 3404 928 3444 legitima
941 3410 1032 3438 aetate
1044 3403 1078 3437 ζ’]
1087 3399 1174 3444 spon-

1236 3209 1329 3233 tanea
1354 3200 1512 3233 voluntate
1543 3199 1619 3242 fiat.
1644 3193 1867 3231 Monasticam
1904 3192 2109 3237 Apostafiam

1235 3252 1301 3284 esse
1311 3251 1537 3295 graviffimum
1559 3247 1679 3283 crimen
1691 3271 1701 3286 ,
1728 3246 1873 3279 clamant
1893 3243 1961 3288 ipsa
1974 3252 2110 3281 natura,

1234 3301 1267 3334 &
1280 3311 1396 3335 omnes
1409 3302 1501 3335 sacrae
1513 3300 1638 3333 litterae.
1666 3294 1901 3329 Nihilominus
1913 3294 1970 3328 ilia
1987 3294 2110 3335 semper

1234 3349 1538 3385 habuitPatronos.
1562 3346 1606 3380 Et
1618 3347 1649 3380 in
1663 3346 1775 3391 primis
1789 3346 1893 3380 varios
1912 3342 2089 3377 Haereticos
2100 3365 2108 3372 .

1211 3389 1370 3439 {Etenim
1404 3400 1447 3436 de
1482 3397 1623 3443 duplicis
1670 3394 1856 3431 divinitatis
1900 3390 2113 3475 ᾶδιιὲηἱδιιε

2008 3453 2065 3477 no·
