2352 3736
451 179 506 211 DE
540 166 733 211 SmomAE
767 176 977 222 camme,
1013 177 1064 206 ετ
1096 174 1235 206 vanus
1270 174 1330 204 AD
1363 174 1486 204 lpsuM
1522 172 1845 214 sacrari-nm·

242 268 295 292 ces
315 263 403 290 erant
423 253 487 298 jam
500 251 576 288 dieti
589 252 759 297 Capellani
772 277 779 284 .
808 250 934 296 Opinio
955 258 1023 283 erat
1035 248 1117 283 adeo

242 305 439 351 probabilis,
464 314 500 338 ut
522 304 629 348 palam
652 304 692 338 ab
708 303 778 346 ipsis
799 311 873 335 ante
894 299 999 332 Sancti
1029 299 1116 333 Petri

242 356 399 392 Damiani
413 381 423 396 ,
449 353 632 389 Cardinalis
645 352 795 397 Episcopi
815 347 997 383 Hostienfis
1010 373 1020 389 ,
1047 347 1115 382 bar·

243 407 321 441 bam
345 406 393 439 uti
423 401 594 439 Catholica
627 402 661 436 ὅ(
683 400 853 435 Canonica
874 397 1117 432 defenderetur.

243 456 370 490 Eodem
382 454 483 489 modo
509 454 541 487 &
554 452 679 487 ratione
699 448 996 483 Ecclefiastieorum
1017 449 1116 483 Bene·

242 505 471 548 ficiorumjuta
485 500 670 546 temporalia
681 498 944 544 dogmatizarunt
966 499 1053 540 poffe
1076 498 1117 533 ab

241 555 412 599 Episcopis
437 554 470 588 ὅτ
485 552 557 587 aliis
569 548 796 584 Ecclefiasticis
807 547 1029 583 Collatoribus
1042 559 1113 582 ven-

241 604 294 639 di.
321 606 431 653 Qem
448 610 584 636 errorem
607 611 666 642 pro
690 608 780 642 parte
803 597 967 633 resorbent
983 597 1115 642 quidam

241 654 342 689 hodie
354 653 507 688 Doflores
518 648 709 684 Scholastici
723 674 734 689 ‚
761 649 917 683 docentes
927 648 944 681 ὲ.
957 647 1094 682 Clericis
1105 674 1115 688 ,

242 703 396 739 beneficia
413 699 692 744 permutantibus,
718 701 884 733 fruetuum
910 698 1114 741 inaequalium

239 751 536 796 compensationem
548 751 635 793 posse
647 749 856 792 stipulatione
867 748 1051 792 pecuniaria
1063 748 1116 782 fie-

239 805 288 843 ri,
314 800 498 835 dummodo
516 798 667 843 priusipfi
681 800 767 834 tituli
791 800 892 844 gratis
913 808 1115 832 commuten-

241 862 309 886 tur.
335 850 373 884 In
389 851 548 885 beneficio
560 850 768 894 distinguunt
791 850 839 892 jus
852 847 1058 883 ministrandi
1080 848 1112 881 in

239 901 400 942 Ecclefia,
428 902 462 935 &
483 900 654 943 jusfrustus
667 898 883 943 percipiendi.
911 899 990 933 Hoc
1000 899 1113 932 volunt

235 951 505 995 effetemporale,
533 948 757 983 &obnoxium
771 949 922 984 humanis
951 948 1065 991 pactis.

287 1001 411 1035 Verum
436 999 534 1045 longe
559 1000 649 1034 aliter
660 1001 793 1034 Sanctus
803 1000 918 1034 Petrus
934 998 1090 1033 Damiani
1105 1012 1115 1032 .-

237 1056 264 1085 0
277 1063 385 1085 novum
406 1050 656 1093 Schismaticorum
672 1061 768 1094 genus
781 1075 791 1090 ‚
816 1050 849 1083 Θ
869 1062 899 1082 os
919 1047 1093 1093 sacrilegum
1106 1073 1115 1088 ‚

238 1107 342 1136 aeterni
357 1100 467 1143 filentii
490 1107 542 1134 cen
557 1112 611 1134 ura
635 1102 858 1134 damnandum.
888 1099 956 1133 Eos
968 1098 1114 1142 Capella-

235 1162 299 1186 nos
309 1153 460 1186 affeverat
475 1152 538 1185 effe
551 1150 738 1189 haereticos‚
765 1149 912 1184 Sathanae
935 1148 1115 1193 praedicato-

235 1213 309 1242 res,
335 1201 515 1245 Apostolos
527 1199 718 1234 Antichristi
734 1224 745 1239 ‚
771 1198 884 1243 utpote
904 1200 959 1242 qui
979 1199 1115 1232 manife-

236 1252 321 1286 stum
334 1262 474 1286 errorem
487 1250 665 1293 procaciter
673 1247 836 1284 adstruant
846 1274 857 1290 ‚
882 1249 916 1283 δε
929 1249 1045 1282 fucatis
1064 1259 1115 1281 va-

235 1312 354 1336 narum
365 1300 530 1335 rationum
543 1300 690 1334 versutiis
700 1299 904 1342 pertinaciter
913 1298 1114 1333 contendant

236 1351 395 1386 sustinere
421 1376 428 1383 .
456 1348 680 1384 Alexandrum
701 1348 901 1383 Pontificem
924 1358 1051 1392 urget,
1077 1357 1114 1382 ut

237 1410 408 1445 tamquam
430 1411 535 1434 novus
548 1400 642 1443 Josue
662 1399 836 1442 evaginato
848 1398 1010 1432 Canonici
1021 1398 1115 1441 vigo-

237 1451 282 1484 ris
292 1461 448 1485 mucrone
468 1449 648 1493 prosternat
668 1447 746 1481 istos
758 1447 981 1487 Amalecitas‚
1007 1447 1113 1481 tollat-

237 1499 450 1544 queemedio
463 1506 606 1532 tartareae
616 1495 842 1532 amaritudinis
852 1498 1019 1532 aconitum
1035 1522 1045 1538 ‚
1073 1509 1113 1531 ne

237 1549 334 1584 ferale
346 1558 506 1584 venenum
519 1546 664 1582 faucibus
680 1547 795 1582 influat
815 1548 1021 1592 parvulorum
1033 1573 1040 1580 .
1070 1547 1113 1582 Et

235 1597 385 1643 adjungit
410 1598 471 1632 suae
496 1597 649 1632 doctrinae
670 1599 854 1632 &eensurae
876 1599 1006 1632 causas:
1035 1601 1112 1631 Cum

233 1650 356 1691 aliquid
359 1647 414 1692 sub
425 1649 590 1682 venalitate
602 1646 784 1691 suscipitur,
811 1648 932 1682 &illud
947 1649 1051 1690 procul
1061 1650 1111 1681 du-

235 1698 284 1733 bio
293 1707 499 1741 comparatur,
526 1700 606 1740 quod
613 1711 651 1731 ex
664 1698 819 1738 neceffitate
829 1697 1033 1741 subsequitur.
1062 1700 1113 1731 Ad

235 1748 288 1784 boc
308 1755 387 1783 enim
400 1749 557 1789 Pastoralis
568 1747 692 1789 Ecclefia
713 1754 814 1790 cuique
842 1754 1031 1782 committitur
1045 1773 1056 1789 ,
1078 1757 1112 1782 ut

234 1801 280 1833 ad
298 1801 363 1841 ejus
375 1805 504 1843 regimen
523 1797 712 1831 obtinendum
736 1798 945 1841 consecratione
950 1799 1104 1840 firmetur.

235 1852 270 1882 E
272 1858 285 1882 t
294 1851 338 1882 ad
346 1849 462 1891 boc-fine
471 1848 556 1882 dubio
570 1849 682 1882 collatae
695 1855 829 1891 pecuniae
840 1855 1039 1883 commercium
1046 1846 1110 1891 spe-

234 1899 301 1932 Hat
312 1923 324 1939 ‚
349 1899 394 1931 ad
402 1900 479 1942 quod
486 1904 514 1931 is
524 1904 579 1941 qui
594 1901 812 1940 promovendus
828 1900 865 1940 est
879 1899 1019 1942 adspirat
1032 1925 1038 1931 .
1068 1900 1110 1933 Et

233 1947 271 1982 in
292 1947 355 1982 alia
378 1947 544 1991 Epistola:
570 1947 713 1992 ‚Quisquis
737 1949 895 1991 Ecclesiam
912 1956 1008 1992 prena
1034 1951 1111 1982 redi-

234 2002 294 2032 mit
318 2022 329 2038 ,
347 1996 435 2039 simul
457 2000 492 2032 &
508 1997 749 2042 confit-rationem
770 2008 939 2041 comparare
962 2004 1111 2032 convinci-

232 2055 287 2082 tur
300 2071 310 2088 ‚
337 2048 382 2080 ad
392 2058 482 2090 quam
488 2047 599 2091 scilicet
605 2057 661 2090 per
676 2048 807 2092 ejusdem
823 2048 954 2090 Ecclefiae
974 2054 1110 2090 acceptio-

231 2108 302 2131 mm
319 2104 524 2139 promovetur.
554 2101 590 2131 In
604 2098 737 2141 Ecclefiae
762 2100 870 2140 quippe*
894 2103 1056 2132 commercio
1077 2099 1110 2131 6·

234 2145 472 2190 consecrationem
487 2149 592 2189 procul
609 2148 696 2181 dubio
719 2157 872 2190 comparat
885 2173 895 2188 ,
914 2148 978 2190 fine
989 2161 1048 2191 qua
1060 2155 1107 2182 vi-

234 2197 340 2231 delicet
358 2199 451 2230 eidem
468 2197 600 2239 Ecclefiae
618 2197 775 2240 praefidere
783 2197 897 2242 sepoffe
908 2210 965 2231 non
979 2198 1084 2241 sperat
1101 2223 1107 2229 .

236 2244 379 2290 Regiam
402 2248 666 2284 nominationem
685 2260 782 2292 atque
800 2249 1021 2282 investituram
1032 2259 1106 2282 cum

237 2297 504 2337 consecratione,
520 2298 608 2343 *item
631 2297 835 2332 ministrandi
857 2299 1019 2340 spirituale
1029 2309 1104 2331 cum

235 2343 401 2377 fruetuum
436 2345 714 2387 percipiendorum
747 2348 918 2390 temporali
938 2346 1005 2389 jure
1027 2373 1037 2388 ‚
1064 2348 1107 2381 ait

235 2391 332 2435 plene
353 2402 450 2437 atque
473 2394 632 2428 indivulse
653 2397 714 2429 effe
735 2408 942 2437 connexum,
968 2398 1107 2441 ideoque

233 2441 373 2476 alterum
395 2443 460 2476 fine
493 2444 598 2478 altero
620 2456 680 2478 nec
703 2447 768 2479 emi
789 2447 876 2489 posse
898 2459 959 2482 nec
988 2448 1105 2482 vendi.

231 2491 318 2539 Qae
334 2492 446 2525 omnia
468 2503 535 2526 non
559 2494 592 2526 in
614 2495 689 2527 solis
709 2496 880 2537 praelaturis
904 2521 915 2537 ,
940 2496 993 2531 sed
1013 2498 1047 2531 δε
1070 2499 1104 2531 in

233 2542 358 2575 cunc'tis
366 2541 572 2576 inferioribus
585 2542 753 2578 beneficiis
762 2544 912 2581 obtinere
923 2547 1107 2582 constanter

231 2591 390 2625 affirmat.
419 2593 503 2639 Qae
512 2592 581 2637 ejus
590 2594 776 2629 sanstiffima
787 2596 920 2630 confilia
934 2609 1000 2631 non
1022 2597 1107 2631 solus

232 2647 314 2675 tunc
337 2640 527 2676 Alexander
549 2643 726 2685 secundus,
752 2645 806 2680 sed
829 2645 864 2679 ὅ(
885 2645 973 2680 hisce
992 2647 1107 2682 diebus

236 2688 361 2725 secutus
371 2692 416 2726 est
429 2691 617 2727 Alexander
641 2694 810 2738 septimus,
836 2695 994 2732 damnans
1017 2696 1104 2732 hunc

233 2736 417 2775 nostrorum
429 2742 746 2788 Theologastrorum
761 2746 932 2780 articulum
946 2760 952 2779 :
984 2751 1054 2779 Non
1067 2748 1104 2788 est

236 2794 339 2818 contra
351 2790 495 2830 justitiam
507 2817 516 2832 ‚
542 2793 678 2835 beneficia
690 2794 883 2837 Ecclefiastica
905 2809 962 2830 non
974 2797 1102 2841 conferre

233 2840 353 2878 gratis,
379 2844 448 2879 qula
462 2843 576 2875 collator
600 2843 750 2885 conferens
770 2848 823 2878 illa
851 2847 991 2890 beneficia
1004 2850 1101 2881 Eccle-

231 2882 343 2927 fiastica
361 2892 484 2926 pecunia
506 2896 739 2934 interveniente,
761 2907 818 2928 non
841 2903 935 2939 exigit
958 2899 1039 2930 illam
1045 2906 1102 2938 pro

234 2934 385 2967 ‘’namn‘'
396 2936 539 2977 beneficii,
564 2940 619 2982 fed
631 2944 723 2977 veluti
731 2953 788 2986 pro
797 2947 984 2980 emolumento
995 2934 1100 2989 tempo-

237 2986 296 3017 Ydl
305 3010 314 3023 ²
339 2987 422 3027 ‘I‘Wd
430 2987 483 3019 ‘¹1²²
496 2989 624 3028 wnftrre
635 3005 690 3026 non
701 2996 852 3029 tenebatur
863 3021 870 3027 .

286 3034 388 3082 Qtod
402 3035 524 3069 laudati
537 3038 624 3072 Petri
636 3045 804 3079 consilium
824 3046 1045 3081 &doctrinam
1059 3049 1101 3081 se-

234 3091 327 3117 cutus
336 3084 431 3119 fuerit
442 3086 541 3120 etiam
555 3087 739 3125 Alexander
756 3096 932 3137 secundm,
961 3097 1046 3131 lucet
1060 3109 1101 3132 ex

234 3131 302 3173 ejus
311 3134 351 3167 ad
366 3134 542 3169 Lucentem
554 3137 729 3172 Ecclesiam
740 3141 851 3178 litteris
864 3170 874 3185 ,
900 3145 1102 3181 exstantibus

234 3182 271 3215 in
294 3182 437 3218 Decreto
458 3185 609 3220 Gratiani
632 3211 642 3226 ‚
668 3190 960 3236 affirmantibusque
980 3197 1100 3240 pestem

232 3230 326 3265 illam
347 3233 409 3266 effe
432 3237 682 3271 nummulariam
706 3240 738 3271 in
761 3243 885 3285 templo
906 3247 1103 3289 negotiatio-

231 3291 310 3315 nem
322 3306 332 3322 ,
360 3293 457 3326 quam
469 3285 551 3319 fasto
573 3287 614 3320 de
626 3288 780 3322 filniculis
798 3290 928 3336 flagello
938 3294 1103 3330 Dominus

230 3330 435 3372 eliminavit,
460 3343 556 3377 atque
577 3336 621 3370 ita
639 3338 892 3382 demonstravit,
917 3353 987 3376 non
1009 3346 1102 3379 corri-

231 3379 385 3424 piendam
406 3383 598 3425 dumtaxat,
624 3388 677 3421 sed
698 3389 882 3434 longiffime
903 3391 944 3425 ab
963 3393 1101 3429 Ecclefia

231 3431 467 3477 projiciendam
489 3459 496 3466 .
525 3437 603 3470 sicut
626 3460 636 3475 ,
663 3437 770 3480 inquit
790 3463 802 3480 ,
823 3449 883 3483 per
911 3442 1105 3477 columbarum

325 3481 607 3527 cbrist.Lup1·0pcr.
621 3489 755 3522 TomJV.

1915 179 1980 226 -43

1184 252 1352 285 venditores
1364 251 1409 284 illi
1421 252 1599 284 denotantur
1606 274 1618 290 ,
1646 258 1697 293 qui
1703 251 1821 295 sacram
1839 262 1946 286 manus
1956 255 2049 294 impoi

1175 301 1307 342 fitionem
1319 310 1463 334 conantur
1473 302 1601 335 vendere
1614 323 1625 340 ‚
1644 300 1686 342 fic
1691 308 1746 342 por
1766 304 1976 338 nummularios
1988 305 2048 335 Ec·

1180 350 1460 392 clefiasticibeneficii
1471 352 1640 384 venditores
1659 351 1847 394 defignantur
1862 378 1869 385 .
1897 352 2050 387 Eundem

1180 399 1423 434 vendendorum
1448 397 1682 435 beneficiorum
1701 400 1838 435 abusum
1857 401 1990 437 damnat
2014 403 2051 436 in

1180 449 1295 483 litteris
1306 448 1346 482 ad
1359 450 1539 493 Spirensem
1562 450 1759 494 Episcopum
1771 451 1948 496 Gregorius
1960 454 1990 486 se
2013 452 2052 486 ti·
2070 447 2116 481 [νς
2122 446 2223 482 .Ep.18

1181 511 1252 532 mus
1266 524 1276 538 ‚
1303 500 1463 533 affirmans
1474 500 1538 541 jam
1551 500 1675 541 pridem
1686 501 1766 535 &in
1777 501 1840 535 suis
1853 525 1864 541 ,
1891 501 1969 534 &in
2019 513 2053 534 o·

1180 560 1249 583 rum
1262 549 1510 582 Antecefforum
1523 549 1684 584 Romanis
1695 551 1836 592 Synodis
1848 551 2051 586 damnatum.

1180 599 1223 632 Et
1238 610 1296 632 nec
1320 598 1364 631 itit
1375 598 1552 632 extinstum
1575 599 1638 631 fuit
1656 600 1780 634 malum
1795 626 1803 633 .
1830 602 1925 635 Hinc
1947 602 2055 636 rursus

1179 649 1212 682 in
1236 648 1426 682 Placentina
1439 673 1449 688 ‚
1476 646 1710 690 Amalphirana
1730 672 1740 687 ‚
1768 651 1801 684 &
1825 651 2057 686 Claromonta-

1179 710 1218 732 na
1231 697 1371 741 Synodis
1383 698 1541 732 Urbanus
1551 696 1707 732 secundus
1716 695 1882 734 damnavit
1893 701 2056 742 altarium,

1178 748 1210 782 id
1235 745 1278 781 est
1295 747 1539 782 parochialium
1566 747 1780 782 Ecclefiarum
1805 749 1840 782 δε
1866 749 2054 786 canoniea·-

1178 799 1259 831 lium
1272 797 1522 833 Praebendarum
1533 798 1759 832 venditionem
1775 823 1781 829 .
1809 797 1890 838 Item
1903 800 1969 841 ejus
1989 803 2057 836 suo·

1178 848 1277 882 ceffor
1297 847 1461 883 Paschalis
1482 848 1643 883 secundus
1667 861 1674 881 ε
1699 850 1731 881 Si
1751 851 1816 891 quis
1841 847 1974 889 objecerit
1997 863 2056 884 non

1176 897 1398 941 consecrationes
1416 904 1474 932 emi
1485 923 1496 940 ‚
1517 897 1578 941 sed
1585 909 1632 932 res
1641 897 1696 940 ips
1689 906 1724 931 'as
1736 909 1802 940 quae
1812 910 1851 932 ex
1873 901 2056 941 consecratio-

1176 959 1213 981 ne
1232 955 1418 990 proveniunt
1448 974 1458 989 ,
1483 955 1605 991 penitus
1633 948 1756 990 desipere
1776 948 1925 990 probatur
1934 973 1941 981 .
1969 954 2056 982 Nam

1176 1010 1240 1031 cum
1250 1001 1406 1041 corporalis
1418 998 1544 1040 Ecclqfia
1554 1023 1564 1039 ‚
1590 1007 1642 1032 aut
1653 998 1819 1042 Episcopus·
1831 1024 1842 1039 ‚
1868 1007 1922 1032 aut
1933 999 2031 1032 Abba:
2042 1023 2056 1039 ‚

1176 1058 1230 1081 aut
1239 1051 1299 1083 tale
1311 1051 1429 1092 aliquid
1433 1048 1493 1089 fine
1501 1050 1589 1082 rebus
1608 1048 1804 1090 corporalibus
1828 1055 1861 1082 in
1875 1051 1953 1083 nullo
1966 1051 2058 1092 profi-

1177 1104 1235 1132 ciat
1248 1123 1258 1138 ‚
1278 1098 1354 1141 ficut
1363 1111 1414 1133 nec
1424 1106 1528 1132 anima
1532 1099 1595 1141 fine
1603 1108 1719 1141 corpore
1741 1100 1928 1141 corporaliter
1950 1106 2035 1134 vivit
2044 1125 2057 1141 ,

1176 1147 1304 1191 quisquis
1314 1150 1417 1183 horum
1428 1151 1555 1183 alterum
1581 1152 1689 1183 vendit
1698 1174 1710 1190 ‚
1727 1149 1791 1191 fine
1802 1160 1858 1192 quo
1868 1160 1918 1183 nec
1930 1151 2058 1183 alterum

1173 1206 1315 1240 provenit
1326 1225 1338 1241 ‚
1364 1208 1499 1234 neutrum
1508 1202 1700 1234 invenditum
1726 1201 1904 1241 derelinquit
1917 1223 1925 1232 .
1952 1200 2053 1249 Qod

1177 1249 1264 1291 apud
1284 1249 1480 1285 Gratianum
1507 1251 1634 1285 exstans
1655 1250 1834 1284 Decretum
1849 1250 1986 1284 innovat
2013 1258 2059 1284 at-

1177 1309 1240 1342 que
1251 1301 1422 1335 confirmat
1434 1301 1579 1335 Gelafius
1591 1311 1647 1336 aut
1661 1301 1813 1335 Calixtus
1822 1300 1982 1334 secundus
1995 1324 2006 1340 ,
2023 1301 2058 1334 δε

1176 1347 1326 1394 adjungit
1349 1363 1356 1382 :
1384 1354 1503 1384 Donum
1526 1354 1585 1384 Dei
1613 1350 1650 1390 2st
1681 1353 1809 1392 spiritus
1847 1350 1997 1389 santius,
2024 1352 2059 1384 Θ
2082 1361 2230 1400 μφηιῃ,

1175 1399 1283 1432 donum
1301 1403 1358 1433 Dei
1379 1401 1417 1440 est
1435 1412 1484 1434 res
1506 1400 1573 1443 ipsa
1584 1397 1716 1440 Ecclefiae
1745 1400 1846 1433 oblata
1858 1425 1865 1432 .
1899 1403 1947 1432 Et
1953 1399 1981 1440 fi
1985 1400 2059 1434 bem?
2073 1411 2126 1440 cap
2139 1401 2233 1435 Ἄδων

1175 1451 1445 1487 animadvertitis,
1470 1451 1568 1480 simon
1580 1453 1707 1490 Magus,
1733 1455 1785 1489 qui
1818 1451 1864 1481 ad
1878 1449 1971 1489 fidem
1987 1450 2058 1491 sibl?

1173 1498 1276 1537 acceffit
1287 1522 1299 1538 ,
1325 1509 1384 1530 non
1394 1500 1538 1539 spiritum
1549 1497 1688 1530 sanc‘ium
1694 1505 1819 1539 propter
1832 1499 1976 1539 spiritum
1986 1502 2059 1531 San-

1173 1548 1270 1587 Hum,
1296 1558 1351 1589 quo
1371 1545 1432 1591 ipfi·
1440 1556 1508 1580 erat
1530 1550 1697 1590 indignus,
1717 1547 1777 1590 sed
1797 1549 1882 1588 ideo,
1908 1558 2058 1590 quantum

1172 1602 1204 1629 in
1226 1596 1287 1640 ipso
1309 1604 1394 1638 erat,
1422 1609 1514 1632 emere
1533 1601 1629 1632 voluit
1642 1623 1652 1638 ,
1678 1606 1711 1630 ut
1726 1610 1765 1631 ex
1779 1600 1952 1633 venditione
1966 1599 2060 1642 figno-

1171 1659 1238 1681 rum
1251 1672 1261 1688 ,
1286 1659 1353 1690 quae
1362 1655 1418 1689 per
1429 1651 1553 1683 eundem
1565 1649 1674 1691 fierent
1691 1674 1701 1689 ,
1726 1649 1956 1691 multiplicatam
1971 1658 2060 1691 pecu-

1172 1703 1255 1731 niam
1265 1699 1443 1732 lucraretur.
1473 1700 1569 1733 Hinc
1579 1697 1749 1734 concludit
1763 1710 1831 1733 non
1847 1699 1955 1734 solum
1971 1700 2062 1741 illos,

1171 1749 1227 1791 qui
1240 1749 1439 1791 spiritualia,
1468 1748 1521 1784 sed
1548 1750 1581 1784 &
1612 1751 1669 1793 qui
1684 1748 1982 1784 Ecclefiassicorum
2006 1749 2060 1784 be-

1172 1799 1365 1833 neficiorum
1378 1799 1567 1843 temporalia
1591 1800 1737 1834 vendunt
1763 1799 1815 1833 vel
1837 1809 1969 1841 emunt,
1995 1799 2060 1834 effe

1171 1859 1346 1893 germanos
1365 1851 1477 1884 fratres
1490 1850 1634 1883 Simonis
1646 1874 1653 1883 .
1681 1849 1806 1893 Scripta
1825 1849 1871 1883 est
1894 1849 1960 1883 haec
1982 1848 2060 1893 Epi-

1171 1899 1254 1933 stola
1267 1898 1307 1933 ad
1323 1899 1463 1935 Lucium
1476 1900 1684 1943 Praepolitum
1714 1899 1863 1935 Ecclefiae
1884 1900 1992 1934 Saneti
2006 1900 2060 1943 Ju-

1173 1950 1274 1983 ventii
1297 1949 1486 1985 Ticinenfis
1511 1976 1519 1983 .
1548 1951 1725 1986 Gratianus
1752 1975 1763 1991 ,
1788 1949 1858 1992 ejus
1898 1951 2061 1986 correctot

1172 1997 1378 2043 Augustinus
1389 2000 1541 2035 Caravita
1555 2027 1566 2042 ‚
1594 2013 1656 2035 nec
1668 2013 1735 2035 non
1755 2002 1790 2035 δε
1801 2001 1969 2035 Dominus
1980 2000 2058 2035 Car-

1171 2048 1290 2082 dinalis
1311 2048 1473 2085 Batonius
1495 2062 1566 2084 eam
1578 2051 1765 2086 adscribunt
1778 2050 1924 2086 Urbano
1947 2053 2062 2085 secun-

1169 2098 1232 2132 do.
1262 2098 1310 2132 At
1338 2110 1461 2134 certum
1487 2101 1531 2134 est
1544 2100 1629 2135 labi.
1657 2101 1804 2145 Epistola
1829 2101 1918 2134 enirn
1947 2101 2059 2134 laudat

1170 2148 1234 2190 jam
1245 2148 1420 2184 adductum
1431 2151 1609 2186 Decretum
1626 2151 1846 2186 Antecefforis
1858 2151 1905 2183 sui
1919 2149 2059 2185 Pascha-

1171 2199 1208 2231 lis
1219 2197 1390 2233 Pontificis
1404 2226 1414 2241 ,
1441 2212 1539 2243 quem
1552 2203 1617 2244 ipse
1629 2201 1716 2234 idem
1728 2210 1804 2233 cum
1827 2201 1884 2233 suo
1897 2201 2057 2234 corresto-

1170 2259 1202 2280 re
1222 2248 1397 2281 Gratianus
1434 2251 1604 2291 profitetur
1638 2251 1703 2283 esse
1730 2247 1920 2283 Paschalem
1946 2251 2056 2284 secun-

1169 2296 1246 2331 dum
1274 2297 1406 2332 Urbani
1427 2300 1558 2332 secundi
1594 2300 1782 2341 proximum
1819 2300 2052 2334 successorem.

1168 2347 1338 2381 Severinus
1351 2348 1467 2382 Binius
1478 2360 1642 2392 perperam
1665 2350 1735 2383 vult
1756 2350 1849 2383 fuiffe
1861 2348 2055 2384 paschalem

1168 2398 1309 2441 primum
1326 2422 1332 2429 .
1360 2397 1469 2440 Hujus
1479 2400 1568 2432 enim
1583 2399 1709 2432 felicior
1729 2407 1801 2432 aetas
1814 2398 1892 2432 tales
1903 2398 2055 2433 Theolo-

1167 2447 1291 2491 gastros
1305 2458 1363 2480 nec
1383 2449 1465 2490 passa
1478 2447 1544 2489 est,
1569 2460 1630 2482 nec
1656 2450 1877 2492 impugnavit.
1907 2449 2054 2491 Epistola.

1166 2508 1247 2541 ergo
1269 2495 1314 2530 est
1329 2497 1380 2530 vel
1393 2497 1513 2531 Gelafii
1537 2499 1585 2532 vel
1601 2499 1726 2533 Calixti
1741 2497 1894 2538 secundi,
1922 2499 1979 2542 qui
1994 2498 2052 2533 Pa-

1168 2546 1267 2581 schali
1281 2547 1424 2581 secundo
1437 2549 1650 2584 successerunt
1662 2573 1668 2581 .

1358 2769 1705 2821 CAPUT
1797 2776 1863 2820 ΙΙ.

1238 2908 1477 2975 Refiitantur
1515 2914 1637 2958 varice
1663 2911 1714 2958 ad
1732 2910 1976 2980 palliandam

1330 2987 1359 3027 S
1360 2986 1534 3028 limoniam
1549 2986 1707 3028 iizventae
1721 2980 1855 3028 technae
1871 3015 1883 3027 .

1273 3099 1321 3132 AE
1335 3099 1460 3135 techna:
1472 3108 1671 3143 nequaquam
1688 3099 1760 3132 sunt
1774 3109 1866 3132 novae
1877 3123 1884 3130 .
1911 3098 2044 3132 Etenim

1297 3150 1337 3182 de
1349 3151 1413 3183 illis
1425 3152 1569 3193 queritur
1588 3150 1620 3180 in
1638 3148 1749 3181 litteris
1760 3148 1799 3182 ad
1811 3147 1957 3183 Ponticae
1981 3150 2042 3183 sua:

1164 3197 1320 3231 Dioecefis
1345 3199 1524 3241 Episcopos
1544 3199 1678 3232 Sancius
1701 3198 1859 3238 BastHus,
1884 3199 1918 3233 ὅ(
1938 3199 1972 3232 in
1984 3200 2045 3241 Sy-

1165 3247 1335 3281 nodalibus
1360 3247 1400 3281 ad
1412 3249 1563 3282 Sannum
1583 3247 1730 3281 Leonem
1743 3249 1905 3292 Magnum
1928 3247 2042 3282 Ponti-

1165 3299 1258 3331 ficem
1280 3322 1289 3336 ‚
1316 3308 1352 3329 ac
1369 3307 1485 3331 omnes
1508 3295 1883 3341 ubique-Metropolitas
1909 3300 2044 3333 Sanctus

1164 3345 1356 3380 Gennadius
1394 3345 1580 3381 Patriarcha
1617 3346 2008 3391 constantinopolitanus
2034 3371 2041 3378 ·

1166 3396 1310 3429 Primam
1326 3395 1540 3431 calliditatem
1565 3398 1600 3431 ἅτ
1621 3397 1774 3432 technam
1797 3398 1946 3442 producit
1960 3396 2043 3430 Rafi-

1165 3446 1227 3479 lius
1239 3446 1274 3479 in
1284 3445 1423 3481 laudatis
1437 3447 1569 3483 litteris:
1600 3451 1750 3481 Feruntur
1762 3450 1887 3492 quidam
1907 3458 1944 3481 ex
1957 3445 2042 3479 vobis
2058 3431 2192 3471 Epistffm

1655 3498 1755 3532 ΡΞ,
1951 3495 1994 3529 ab
