2352 3736
360 166 464 229 ‘³310

898 162 1588 209 stseRTAT'Io'

296 246 445 288 Ecclesiae
456 249 580 283 unitate
591 246 740 282 adfirmat
762 257 831 280 non
853 242 959 278 solum
983 243 1183 285 Haereticos,
1243 257 1342 282 tamen
1349 246 1406 292 sub
1416 246 1536 281 obtentu
1562 248 1758 290 sanctorum,
1775 261 1898 294 quorum
1918 255 2058 298 reliquia,-
2073 262 2128 298 pe*

296 302 463 338 sedetiam
475 296 600 341 Judaeos
618 299 653 332 &
677 297 830 340 Paganos
853 294 1053 338 quandoque
1071 295 1184 332 aDo.

1243 300 1330 332 rinde
1342 297 1488 340 ferebat,
1510 301 1529 330 ᾶ
1547 296 1612 341 suis
1638 305 1757 333 meritis
1779 302 1933 335 excludere
1948 306 2128 345 ‘nitebatur-

298 353 392 388 mino
418 350 495 382 Deo
531 348 682 382 exaudiri
709 346 749 380 ad
779 344 900 388 gratias
936 344 1145 380 curationum
1168 348 1184 379 ?
1246 350 1287 383 Et
1298 349 1664 383 SanstumW01donem
1677 349 1897 385 Leodiensern
1909 351 2128 398 Episcopum,

297 398 392 447 Qin
415 399 449 432 &
467 398 536 442 post
560 399 689 432 laudata
702 419 713 436 ‚
739 395 850 438 quaein
868 395 984 429 nostris
996 396 1076 429 fiant
1088 420 1100 436 ,
1125 397 1185 430 fre-

292 449 504 494 'quentiffima
525 446 679 483 miracula
702 445 854 490 adjungit
876 459 886 478 .·
917 448 1115 489 ,Quacumque
1139 456 1189 481 ta-

115 483 195 520 cap'
212 492 257 520 ²⁵¹⁶
296 504 384 537 liain
395 493 548 534 Catholica
565 497 667 539 fiunt,
694 498 760 529 ideo
776 494 851 538 sunt
870 496 1091 538 approbanda,
1113 504 1185 539 quia

252 563 255 567 '
295 556 331 586 in
342 543 597 592 CatZoltt-afiunt,
626 558 681 579 non
694 548 758 579 ideo
771 545 836 589 ipsa
846 546 1053 588 manifestatur
1079 548 1187 580 Catho-

295 605 354 639 lica
376 628 387 643 ,
422 605 494 643 quia
515 599 579 632 baec
600 603 631 631 in
654 609 689 630 ea
704 596 785 639 fiunt
808 622 815 629 .
854 597 943 631 Cum
971 597 1186 632 Tertulliano

294 653 468 688 adfirmare
479 649 608 684 videtur
619 647 777 690 solasjam
800 647 905 681 valere
926 648 1115 682 Canonicas
1134 647 1186 681 lit·

293 714 400 742 teras,
425 700 460 734 ὅ(
481 702 595 735 ωηὲὶα
617 699 775 733 miracula
786 698 874 731 essea
889 695 1021 732 Christo
1032 698 1185 732 Domino

298 753 523 787 exaustorata.
561 744 761 792 Respondeo
781 748 868 782 aliud
889 749 953 781 effe
976 749 1183 782 Haereticosa

290 803 376 838 *Deo
393 801 540 837 exaudiri
563 800 603 834 ad
627 798 790 834 faciendas
811 823 822 839 ‚
860 797 950 832 aliud
971 799 1121 833 exaudiri
1143 798 1182 833 ad

288 851 505 897 'accipiendas
525 851 643 897 gratias
663 847 837 884 sanitatum
861 873 868 880 .
906 848 1019 883 Solum
1041 849 1182 892 primum

288 901 509 949 'Augustinus
534 901 642 936 asserit
663 924 670 932 .
698 900 742 934 Et
762 901 817 932 dat
837 901 967 933 causam
990 924 1001 939 ,
1033 899 1122 942 ajens
1148 899 1182 933 id

294 954 391 996 fieri,
418 954 469 989 vel
488 952 531 988 ad
552 960 681 996 poenam
702 948 833 982 malitia:
852 973 862 989 ,
892 949 943 982 vel
965 949 1005 982 ad
1029 950 1182 983 solatium

287 998 431 1049 'miseriae
444 1029 455 1045 ,
478 1003 534 1049 vvel
546 1002 586 1036 ad
597 1002 817 1034 monitionem
829 998 940 1034 salutis
951 1010 1089 1033 aeternae.
1118 999 1183 1033 Lo-

294 1055 408 1098 quitur
430 1065 506 1088 cum
528 1051 742 1086 Tertulliano
764 1074 775 1090 ‚
809 1050 865 1092 qui
889 1050 924 1083 in
945 1049 1031 1084 libro
1052 1050 1094 1084 de
1115 1050 1182 1084 ani-

293 1118 349 1141 ma
362 1103 473 1138 laudat
484 1109 758 1149 atqueenumerat
780 1100 931 1134 Ecclefiae
955 1100 1129 1141 miracula,
1148 1099 1182 1132 &

295 1155 445 1200 adjungit
459 1169 470 1188 .·
496 1157 527 1187 Si
541 1155 574 1187 (3⁴
587 1153 673 1194 apud
679 1155 709 1185 Ε
713 1150 826 1184 thnicos
849 1151 910 1184 tale
929 1152 1003 1193 quid
1025 1151 1181 1190 traditur,

295 1208 404 1250 ubique
426 1209 508 1240 Deus
522 1201 675 1247 potestatis
693 1200 757 1245 suae
771 1199 857 1244 figna
872 1209 1016 1243 propontt
1033 1226 1044 1241 ,
1065 1199 1130 1244 suis
1149 1205 1182 1233 in

290 1257 432 1302 solatium
442 1280 454 1296 ,
475 1259 631 1289 extraneis
642 1257 674 1286 in
684 1251 878 1292 testimonium
890 1276 896 1283 .
908 1251 1034 1284 Neuter
1044 1251 1158 1284 omnia
1170 1274 1180 1290 ‚

291 1309 347 1343 fied
359 1304 657 1343 dumtaxatvidua,
680 1303 733 1336 seu
754 1301 773 1334 ὲ
793 1300 990 1335 Christianis
1013 1300 1157 1335 moribus
1172 1325 1182 1340 ‚

292 1371 332 1393 ac
344 1356 518 1401 praesertim
539 1354 557 1387 a
579 1355 663 1388 resto
673 1352 831 1396 dogmate
851 1351 1006 1385 destituta
1027 1351 1182 1385 miracula

293 1409 434 1444 affirmat
455 1405 474 1439 ὲ.
494 1404 630 1439 Christo
651 1401 804 1437 Domino
827 1403 1032 1437 exaustorata
1055 1426 1062 1434 .
1089 1401 1183 1434 Allu-

292 1460 379 1494 dunt
389 1457 430 1491 ad
441 1456 633 1500 vigesimum
654 1463 807 1496 quartum
832 1452 939 1485 Sancti
959 1450 1107 1485 Matthaei
1132 1463 1183 1485 ca-

292 1520 352 1554 put
365 1533 376 1549 ‚
396 1506 452 1542 ubi
474 1504 603 1539 fallacia
624 1499 908 1537 Antichristorum
918 1501 1073 1535 miracula
1087 1500 1182 1535 Chri-

292 1561 359 1593 stus
373 1557 542 1592 Dominus
558 1552 688 1587 monuit
698 1551 832 1585 vitanda
846 1576 853 1583 .
879 1552 962 1597 Qlae
973 1552 1083 1584 omnia
1096 1550 1180 1593 apud

290 1608 459 1654 Justinum
481 1605 667 1647 Martyrem
677 1600 775 1636 tradit
797 1601 896 1635 etiam
919 1599 1181 1635 Christianarum

288 1658 509 1704 >quaestionum
523 1656 647 1689 Auctor
657 1677 668 1693 ,
687 1651 857 1694 insigniter
868 1650 1093 1683 demonstrans
1105 1650 1180 1684 talia

283 1705 558 1745 uniracula'nullo
566 1702 669 1738 modo
680 1701 742 1736 effe
754 1699 907 1735 Haeretici
926 1698 1042 1736 erroris
1062 1700 1182 1734 confir-

278 1759 479 1796 mationem
493 1781 501 1789 .

342 1807 528 1843 Inlaudato
539 1804 690 1841 adversus
713 1802 920 1838 Marcionem
938 1803 1027 1838 libro
1047 1801 1181 1836 Tertul-

289 1860 402 1895 lianus
414 1858 558 1901 disputat
577 1880 588 1897 ‚
608 1867 650 1890 an
670 1854 823 1888 Christus
845 1854 1014 1888 Dominus
1033 1851 1182 1887 debuerit

291 1920 447 1955 apparere
470 1906 600 1947 subito,
622 1918 665 1940 an
687 1900 797 1939 autem
818 1904 945 1938 dudum
962 1903 1058 1938 antea
1074 1901 1182 1937 huma-

280 1967 343 1994 'no
364 1958 477 2004 generi
498 1968 554 2001 per
573 1957 686 1989 Deum
709 1954 839 1988 Patrem
862 1955 957 1987 suum
978 1954 1181 1997 praenuntiari

293 2021 398 2054 atque
422 2005 569 2051 promitti
592 2029 600 2037 .
634 2005 678 2038 Et
705 2015 808 2038 vanus
842 2002 998 2038 Marcion
1020 2004 1182 2048 garriebat

292 2061 436 2094 subitam
459 2055 701 2103 apparitionem
720 2048 769 2087 illi
790 2065 972 2099 congruere
988 2077 999 2093 ‚
1026 2055 1063 2088 δε
1084 2053 1183 2088 dabat

279 2111 425 2144 'causam
440 2121 450 2142 .-
473 2105 618 2148 Nonfuit
629 2107 697 2138 ordo
707 2103 871 2147 ejusmodi,
897 2103 1051 2138 videlicet
1063 2105 1183 2146 praeviae

289 2159 534 2207 promissionis,
557 2156 747 2199 necessarius,
768 2159 840 2196 quia
853 2154 957 2194 statim
975 2152 1009 2197 se
1023 2155 1182 2197 (estham,

295 2214 332 2246 (er
342 2211 459 2254 Missum
471 2234 480 2248 ‚
506 2210 539 2241 l&
555 2210 609 2239 Dei
620 2204 769 2247 chi-astum
782 2204 868 2238 rebus
881 2203 947 2246 ipsts
958 2205 1023 2246 esset
1042 2204 1184 2246 probatu-

295 2274 350 2296 rus
360 2269 416 2303 per
426 2262 599 2292 documenta
611 2262 781 2289 virtutum.
842 2254 909 2288 uod
922 2255 1021 2288 etiam
1034 2253 1184 2288 Christus

297 2311 469 2347 Dominus
480 2311 569 2342 suam
586 2307 602 2340 a
613 2305 909 2349 PatreMiffionem
922 2304 1058 2349 probare
1069 2304 1186 2340 debue-

297 2364 363 2402 rit,
384 2371 522 2404 uterque
543 2357 775 2402 profitebatur,
808 2355 921 2389 verum
941 2355 1010 2389 sola
1032 2354 1185 2389 miracula

300 2425 368 2447 non
382 2411 445 2446 effe
456 2410 558 2454 plenae
567 2407 768 2452 probationis
781 2407 918 2449 speciem
928 2404 1063 2450 urgebat
1088 2405 1188 2449 Septi-

299 2463 407 2502 mins,
439 2462 616 2495 affeverans
639 2457 728 2491 illius
750 2456 950 2490 nobiliorem
971 2467 1096 2499 partem
1121 2457 1188 2490 esse

301 2522 472 2557 paternum
493 2508 739 2547 testimonium,
762 2517 800 2540 ac
821 2506 1011 2549 promissum
1035 2517 1089 2550 per
1112 2506 1188 2539 Pro-

303 2562 436 2606 phetas·
459 2559 561 2603 Igitur
586 2569 654 2591 non
666 2557 915 2600 qualiacumque
929 2581 940 2596 ‚
961 2556 1015 2589 sed
1028 2556 1094 2589 sola
1111 2555 1190 2588 Pro-

290 2610 429 2656 ‘phetici
453 2619 509 2643 aut
538 2607 733 2651 Evangelici
759 2604 928 2650 'dogmatis
959 2605 1134 2638 affistentia
1154 2606 1188 2638 &

291 2661 445 2696 subfidio
466 2658 617 2693 destituta
630 2682 640 2698 ,
662 2654 769 2700 qualia
796 2657 863 2690 esse
884 2654 990 2688 solent
1011 2655 1190 2688 Haeretico-

303 2724 378 2747 rum
389 2720 446 2745 aut
469 2708 700 2753 paganorum,
721 2705 876 2740 miracula
899 2704 996 2738 docet
1017 2705 1035 2737 a
1056 2704 1190 2738 Christo

306 2762 464 2797 Domino
475 2760 543 2794 esse
553 2760 756 2792 exaufiorata
771 2780 778 2787 -

116 1143 225 1186 Cap-ss
234 1156 259 1176 ι.

356 2810 461 2846 Porro
474 2809 622 2855 legitima
633 2805 788 2841 miracula
802 2831 812 2847 ‚
833 2805 909 2840 licet
921 2817 1047 2851 magnae
1057 2805 1192 2840 auetori-

307 2864 386 2897 tatis
400 2863 463 2896 fint
477 2883 488 2900 ‚
510 2860 529 2894 ὲ
552 2859 645 2894 nullo
658 2868 768 2892 tamen
793 2858 868 2890 sunt
887 2855 1083 2899 expetenda.
1107 2856 1191 2889 Sunt

308 2912 411 2957 gratia
423 2907 440 2953 ,'
456 2922 525 2946 non
536 2919 666 2956 gratum
679 2909 801 2942 faciens
811 2930 822 2946 ‚
844 2907 897 2942 sed
908 2905 1078 2940 dumtaxat
1090 2906 1191 2949 gratis

310 2962 384 2997 data
397 2963 436 2996 ad
459 2972 582 2995 meram
600 2958 819 2993 necessitatem
840 2968 896 2990 aut
918 2956 1096 2990 utilitatem
1114 2955 1192 2988 alie-

314 3023 406 3045 nam.
430 3010 669 3054 Nondeipfis,
692 3008 747 3042 sed
771 3007 811 3041 de
826 3004 988 3050 inscriptis
1011 3006 1045 3039 in
1068 3006 1140 3039 vitm
1156 3004 1191 3037 li-

295 3060 408 3096 ·brurn
421 3062 538 3096 nostris
549 3059 741 3095 nominibus
752 3056 963 3102 gaudendum
975 3056 1144 3090 Dominus
1153 3055 1192 3088 ri-

314 3109 391 3152 gide
403 3111 506 3145 edixit
516 3137 523 3144 .
545 3113 589 3145 Et
604 3110 683 3144 hinc
699 3108 806 3143 saneti
815 3118 930 3141 omnes
941 3107 1085 3150 ipsorum
1095 3107 1128 3140 &
1139 3117 1193 3149 po-

315 3158 506 3194 testatem&
528 3162 744 3203 patrationem
766 3160 885 3200 semper
903 3159 938 3190 &
957 3157 1110 3200 fugerunt
1131 3156 1192 3190 stu-

204 3248 207 3250 ,
298 3227 301 3230 ⁴
315 3208 486 3242 diofiffime
497 3211 530 3243 &
541 3209 782 3244 absconderunt
795 3234 803 3240 .
816 3210 970 3242 Sanctum
980 3207 1191 3252 Fulgentium

137 3250 173 3282 C·
185 3258 230 3287 25·
247 3251 304 3282 ²⁶*
311 3258 519 3305 Ruspensem
531 3259 730 3302 Episcopum
742 3284 752 3298 ,
775 3257 866 3301 quod
879 3258 1018 3302 gratiam
1033 3257 1126 3291 istam
1135 3256 1192 3290 fibi

298 3307 554 3353 inon'conferri
584 3308 807 3349 supplicaverit
821 3332 831 3348 ‚
851 3308 962 3342 laudat
982 3308 1016 3341 in
1036 3307 1105 3351 ejus
1127 3307 1193 3339 vita

310 3356 498 3394 ‹Ferratidus
509 3355 680 3389 Diaconus
689 3357 974 3400 carthaginensis.
994 3358 1037 3391 Et
1059 3358 1100 3392 de
1119 3358 1194 3391 San-

319 3411 372 3443 ἑὶο
395 3405 558 3451 Gregorio
586 3404 771 3436 Turonenfi
793 3407 901 3440 scribit
919 3407 1107 3442 authentica
1127 3406 1196 3450 ejus

298 3460 402 3496 'vitm
429 3451 527 3491 Multa
549 3459 581 3489 in
596 3451 694 3499 salute
715 3453 891 3496 loquentium
911 3455 1087 3497 operabatur
1100 3481 1111 3498 ,
1127 3468 1195 3499 quae

1202 2217 1206 2232 l

1201 2236 1212 2550 l

1205 2551 1210 2577 l

1244 399 1277 432 in
1293 399 1401 432 Sancti
1412 398 1538 434 ibidem
1550 400 1723 434 Laurentii
1735 400 1944 437 Monasterio
1952 401 2129 446 sepultum,

1242 448 1332 493 quod
1345 448 1571 494 frequentibus
1592 450 1761 484 miraculis
1782 451 1943 495 populum
1963 450 2133 497 undequa-

1242 509 1466 549 que-evocaret
1489 524 1500 541 ,
1527 511 1625 544 atque
1648 500 1694 535 ita
1705 501 1904 545 inquietaret
1916 500 2132 545 Monachus,

1242 552 1363 584 cessare
1374 550 1497 593 jussum
1506 550 1548 585 ab
1567 550 1722 591 Abbate,
1744 553 1778 585 &
1798 553 1936 587 cessasse
1949 575 1961 593 ,
1978 552 2132 588 adfirmat

1244 601 1277 635 in
1291 600 1521 636 Leodiensium
1533 601 1770 646 Episcoporum
1781 602 1931 637 Historia
1954 600 2133 638 Anselmus

1243 650 1383 694 ejusdem
1407 651 1558 685 Ecclefiae
1582 651 1793 686 Canonicus.
1814 652 1905 687 Idem
1926 652 2064 687 eandem
2086 652 2133 688 ob

1244 703 1370 735 causam
1383 702 1501 736 Sansto
1514 701 1653 745 Spinulo
1662 703 1759 736 fuisse
1772 703 1790 737 a
1815 703 1931 737 Sancto
1951 702 2132 747 Hidulpho
2152 696 2207 727 Ub-
2238 707 2260 727 ¹·
2278 706 2306 727 0·

1245 751 1375 786 Abbate
1395 752 1573 786 Senonenfi
1597 751 1803 786 interdistum
1823 753 1974 787 adfirmat
1995 754 2029 787 in
2051 749 2134 796 ejus-
2155 747 2198 774 ¹3·

1243 801 1319 836 dem
1350 802 1505 837 Coenobii
1528 801 1701 837 Chronico
1725 802 1915 837 Monachus
1937 801 2132 838 Richerius.

1243 851 1388 897 Qod&
1409 853 1491 888 olim
1513 853 1633 887 fastum
1656 854 1692 887 in
1715 852 1828 887 nostro
1851 852 2022 897 lllycetaui
2045 852 2133 897 apud

1243 902 1399 937 Thuscos
1410 905 1554 937 nemoris
1575 902 1752 938 Conventu
1781 903 1873 947 ajunt
1895 903 2039 946 ejusdem
2061 904 2132 938 An-

1245 952 1333 986 nales
1346 977 1353 984 .
1373 952 1537 986 Min-acula
1554 954 1645 987 enim
1664 954 1727 988 suis
1749 954 1967 996 patratoribus
1987 952 2134 998 quando-

1244 1013 1307 1044 que
1316 1001 1459 1036 obfuisse
1472 1000 1580 1036 scribit
1602 1004 1636 1036 in
1659 1004 1723 1037 suis
1741 1005 1832 1046 ssiper
1852 1004 1962 1038 Sansti
1979 1003 2133 1038 Matthaei

1245 1051 1464 1096 Evangelium
1501 1049 1645 1085 homiliis
1668 1076 1679 1093 ,
1715 1063 1812 1096 atque
1832 1051 1976 1089 ostendit
1997 1056 2133 1089 sanetus

1244 1104 1383 1146 Joannes
1392 1101 1664 1143 chrysostomus.
1693 1102 1784 1135 Nam
1797 1103 1831 1136 &
1855 1103 2032 1139 Elestionis
2053 1115 2133 1144 vas,
2152 1116 2214 1150 μοι,
2241 1126 2311 1155 39⁶·

1243 1164 1280 1186 ac
1293 1152 1422 1186 divinus
1433 1151 1582 1196 gentium
1593 1153 1793 1195 Dostoripse
1804 1152 1925 1186 Paulus
1934 1154 2132 1196 Apostolus,

1244 1214 1284 1237 ne
1294 1202 1313 1234 ὲ
1325 1202 1563 1237 revelationum
1575 1203 1805 1247 magnitudine
1814 1202 2046 1244 extolleretur,
2068 1203 2135 1239 fuit

1245 1254 1347 1296 passus
1370 1251 1547 1302 periculum
1571 1278 1581 1293 ,
1609 1252 1748 1296 ideoque
1770 1253 1805 1287 ὅτ.
1828 1252 1964 1298 Angelo
1983 1252 2135 1288 Sathanae

1245 1305 1339 1337 datus
1361 1303 1636 1346 colaphizandus.
1665 1304 1747 1344 Haec
1769 1304 1880 1347 paucis
1900 1301 1985 1337 dieta
2005 1303 2067 1338 fine
2088 1303 2135 1338 ob

1246 1353 1395 1388 miraculi
1428 1355 1541 1389 fucum
1578 1353 1615 1387 in
1647 1353 1801 1389 cadavere
1833 1352 2007 1388 Michaelis
2033 1354 2136 1388 Ceru-

1248 1404 1336 1439 larii.

2147 582 2189 611 Ca

2192 590 2219 620 Ρ·
2238 585 2286 615 7<>ἕ

1246 1813 1463 1880 Εκροηὶίιιν
1487 1807 1666 1879 Schisma
1691 1809 1897 1859 Michaelis
1920 1810 2135 1874 'Cefalam'io

1340 1954 1479 1987 Dversus
1490 1951 1624 1987 Laicam
1637 1952 1766 1986 suorum
1790 1951 1980 1995 Principum
2000 1953 2137 1996 potesta·

1364 2014 1431 2038 tem
1444 2002 1597 2037 rebellare
1607 2003 1746 2037 assuetus
1768 2001 1936 2042 Michael,
1963 2002 2133 2036 undecimi

1245 2055 1424 2088 Christiani
1437 2053 1819 2096 saeculiquinquagesimo
1839 2053 1938 2086 tertio
1959 2063 2050 2086 anno
2070 2062 2134 2086 coe-

1247 2105 1293 2149 pit
1305 2104 1458 2138 rebellare
1468 2105 1567 2137 etiarn
1579 2102 1729 2136 adversus
1749 2102 1977 2145 Apostolicam
1998 2101 2112 2135 Sedem
2122 2122 2137 2140 ‚

1245 2166 1442 2198 conceptum
1466 2154 1554 2187 virus
1573 2164 1724 2187 evomere
1744 2176 1756 2192 ,
1794 2152 1900 2196 palam
1921 2153 2079 2186 resumere
2098 2150 2136 2185 δε

1244 2215 1359 2250 augere
1371 2203 1573 2238 photianum
1585 2201 1729 2237 Schisma
1743 2226 1754 2241 ‚
1779 2212 1877 2246 atque
1889 2203 1934 2236 ita
1944 2202 2022 2235 fecit
2042 2200 2134 2245 quod

1248 2256 1369 2289 habent
1400 2253 1587 2288 authentica
1611 2251 1695 2296 apud
1717 2253 1902 2286 Dominum
1923 2250 2137 2287 Cardinalem

1251 2306 1408 2340 Caesarem
1428 2304 1609 2338 Batonium
1632 2304 1711 2338 Asta
1739 2317 1750 2336 .·
1776 2302 1844 2346 Ipse
1864 2302 2013 2342 Michael,
2038 2313 2138 2345 cogno-

1249 2365 1346 2389 mento
1356 2357 1528 2389 cerularius
1541 2378 1551 2394 ‚
1578 2365 1628 2387 nec
1638 2365 1694 2387 non
1704 2356 1737 2388 (Ὗ
1752 2357 1810 2386 Leo
1830 2354 1997 2387 'acridanus
2012 2351 2135 2386 -Arcbe‘ev

1246 2406 1384 2449 piscopus
1408 2407 1607 2449 Balgarorum
1623 2427 1633 2443 ,
1658 2410 1690 2437 in
1708 2402 1924 2447 sugillationem
1936 2409 2063 2436 omm'um
2074 2406 2135 2435 La-

1252 2463 1400 2497 tinorum,
1425 2453 1573 2498 adversus
1593 2455 1735 2488 Sanc‘lam
1757 2458 1925 2487 Romanam
1944 2455 1978 2487 <9
2002 2451 2134 2494 Apestolt-

1250 2519 1314 2539 cam
1336 2508 1438 2540 sedem
1462 2531 1473 2546 ,
1499 2508 1557 2538 imo
1578 2515 1680 2537 contra
1701 2516 1814 2538 omnem
1843 2504 2055 2537 occidentalem
2075 2503 2134 2532 Ec·

1250 2557 1361 2598 cleſsam
1383 2555 1563 2599 scripserunt
1598 2555 1763 2596 Ep1flolam
1777 2579 1786 2595 ,
1813 2565 1904 2596 quam
1925 2551 2065 2595 miserunt
2089 2551 2137 2584 ad

1249 2612 1407 2653 Joannem
1443 2604 1624 2648 Tranensem
1663 2603 1841 2647 Episcopum
1862 2628 1873 2643 ,
1894 2602 2137 2644 pervulgandam

1250 2660 1336 2699 apud
1354 2661 1480 2690 Latinos
1497 2667 1600 2689 amnes
1622 2679 1631 2693 ‚
1655 2661 1699 2686 cul
1718 2661 1751 2686 in
1769 2654 1861 2685 codice
1871 2653 1976 2685 titulus
1987 2648 2138 2693 hujusmo-

1233 2669 1283 2756 ldt'
1303 2708 1340 2747 est
1361 2708 1509 2749 praefixus
1533 2731 1540 2738 .
1569 2706 1730 2736 Calumnia
1751 2701 1962 2745 Episcoporum
1981 2699 2138 2741 Michaellr

1233 2756 1584 2797 {Cotfiantinopolitani‚
1612 2756 1645 2786 Θ
1667 2757 1774 2786 Leonis
1787 2753 1928 2784 acridani
1942 2774 1952 2790 ,
1975 2756 2139 2791 pertinacie

1233 2803 1236 2841 l
1252 2817 1298 2841 ter
1313 2806 1520 2840 exhalantium
1535 2803 1692 2846 pestiferas
1705 2802 1855 2843 Mephztes
1867 2799 2057 2844 diversarum
2068 2809 2137 2837 Hae-

1251 2869 1283 2889 re
1292 2868 1338 2888 mn
1362 2855 1510 2899 adversus
1529 2855 1670 2887 sanatam
1704 2856 1870 2885 Romanam
1890 2853 1926 2886 (Ψ
1946 2850 2134 2893 ΑρρθοΙίι-αω

1251 2910 1271 2939 5
1273 2908 1355 2938 edem
1366 2931 1376 2945 ,
1402 2909 1459 2939 imo
1473 2915 1574 2940 contra
1585 2915 1698 2937 omnem
1710 2907 1855 2936 Latinam
1863 2903 1897 2935 <⁶5
1918 2900 2132 2934 occidentalem

1255 2955 1429 2997 Ecclesiam.
1457 2963 1529 2991 Haec
1563 2956 1681 2997 quidem
1715 2955 1862 2987 calumnia
1883 2955 1985 2984 Graeco
2001 2948 2134 2992 sermone

1257 3009 1340 3040 edna
1351 3032 1360 3046 ,
1388 3007 1550 3051 &Joanni
1561 3002 1701 3045 Tranenfi
1708 3002 1851 3046 Episcopo
1870 3006 1902 3034 in
1914 3000 2136 3043 sugillationem

1253 3062 1381 3090 omnium
1395 3059 1573 3090 Latinorum
1586 3055 1701 3088 direbla
1711 3080 1721 3096 ,
1746 3052 1881 3094 cumfuit
1893 3054 1986 3083 Tram'
1998 3050 2136 3084 exhibiti:

1246 3108 1347 3149 fratri
1371 3107 1530 3140 Humberto
1568 3104 1682 3148 sane‘lae
1709 3101 1840 3143 Ecclefiae
1858 3102 1964 3139 ⁴sylvae
1997 3101 2137 3134 candide

1255 3157 1398 3200 Episcopo
1421 3182 1431 3197 ,
1467 3163 1500 3189 in
1531 3160 1675 3190 Latinum
1696 3155 1734 3194 est
1766 3153 1920 3185 translata
1940 3153 2004 3192 ejus
2018 3149 2137 3191 studio,

1256 3218 1345 3250 atque
1365 3208 1468 3240 delata
1490 3211 1613 3240 Domino
1635 3209 1726 3238 Leoni
1748 3213 1819 3235 nono
1841 3225 1848 3232 .
1875 3203 1956 3243 ,ραις
1978 3206 2072 3235 etiam
2089 3199 2137 3232 bic

1257 3261 1299 3290 ad
1308 3261 1452 3291 cautelam
1471 3259 1629 3290 multorum
1646 3256 1684 3287 (τ
1705 3258 1843 3286 notitiam
1863 3274 1873 3290 ‚
1898 3262 1955 3283 non
1977 3260 2077 3284 autem
2094 3248 2139 3279 ad

1257 3311 1389 3351 aliquam
1410 3310 1570 3341 utilitatem
1591 3303 1725 3347 inserta,
1743 3302 1856 3335 cunetis
1877 3300 1951 3344 scire
1970 3297 2138 3334 volentibus

1254 3359 1386 3400 fideliter
1396 3358 1434 3397 est
1445 3355 1622 3400 conservata
1630 3379 1637 3385 .

1311 3406 1430 3442 Acrida
1441 3408 1486 3442 est
1510 3403 1681 3449 justiniani
1696 3401 1902 3446 ,Imperatoris
1921 3398 2047 3437 Patria,
2077 3408 2141 3430 me-

1259 3459 1445 3498 diterraneae
1479 3454 1662 3492 Pannoniae
1687 3451 1905 3496 Metropolis,
1948 3458 2046 3531 quan}
2084 3446 2141 3482 ille

1973 3510 2032 3532 exa
2049 3507 2092 3532 ta·
