2352 3736
363 128 417 158 DE
453 113 478 156 S
490 128 503 155 1
518 125 611 154 MON
624 126 637 153 1
650 126 682 153 [Ε
707 125 764 154 CR
776 125 790 154 Ι
804 125 834 154 Μ
849 126 861 154 1
874 125 926 155 NE
943 143 955 166 5
982 126 1030 153 ET
1061 121 1201 155 VARHS
1228 123 1287 152 AD
1323 121 1454 152 XPSUM
1481 121 1827 155 SPECTANTIBUS.

220 192 507 241 prosequentibus,
528 191 762 235 vespillonibus
784 216 795 232 ‚
821 204 903 236 quos
922 193 1098 229 Oceanus,

221 243 413 287 Lecticarios
426 267 436 283 ‚
463 243 662 285 &Copiatas
678 242 839 286 appellat,
866 243 899 276 ὅτ.
919 241 1035 283 cuique
1055 239 1100 273 al·

219 295 280 330 teri
290 294 330 328 ad
341 292 406 328 hoc
418 303 499 336 opus
508 292 663 336 spectanti
682 292 844 337 assignans
866 290 953 324 suam
970 301 1014 326 ,ex
1036 289 1099 329 isto

218 344 326 379 reditu
339 343 524 386 portionem
534 368 541 374 .
573 342 769 386 Unicuique
777 339 926 379 cadaveri
937 339 1100 382 adscripsit

218 394 320 429 etiam
329 395 419 428 suam
431 392 670 431 solemnitatem
681 402 741 434 pro
762 390 847 424 varia
868 388 935 431 ejus
956 389 992 422 in
1018 389 1101 423 vivis

219 445 378 488 qualitate
388 468 399 484 ‚
424 441 546 478 addens
556 453 591 476 ut
602 443 657 486 qui
670 450 822 483 pompam
835 439 956 473 vellent
969 438 1101 473 excede-

218 506 277 536 re,
303 490 691 532 tenerenturadexcessus
700 488 884 532 impensas,
909 501 980 533 quae
990 499 1101 530 tamen

219 545 333 580 decem
343 544 454 586 solidis
463 554 530 582 non
542 541 668 583 possent
689 539 751 573 esse
769 539 928 586 majores.
955 539 1000 574 Et
1022 538 1101 573 hinc

217 585 365 638 Ecclesia
388 602 506 636 magna
532 588 903 633 constantinopolitana
925 590 1010 624 inter
1032 588 1100 622 reli-

218 655 300 689 quas
320 645 387 687 suas
407 640 585 684 dignitates
600 648 700 682 atque
723 640 834 675 officia
857 638 972 674 habuit
994 639 1099 674 Deca-

218 706 301 732 num
321 685 398 733 ‚⁴de
422 690 490 733 quo
514 688 650 732 antiqua
674 688 815 732 ejusdem
841 689 989 724 Ecclesiae
1014 689 1100 723 noti-

218 744 264 779 tia
275 758 287 778 .-
312 745 448 784 Decanm
457 741 625 773 sacerdotes
637 746 780 782 componit
791 746 824 781 in
833 738 1098 781 sonitibutionibus

219 795 263 828 ad
268 782 315 834 eos
327 801 367 824 ex
379 788 671 833 aquospec‘i‘antibus
683 791 727 825 Et
739 791 803 824 alia
823 790 989 825 recentior
1012 789 1099 823 noti·

40 852 103 883 1:01,
128 863 203 890 wc·
217 844 284 883 gia:
310 842 446 881 Dec-anus
459 841 627 882 Sacerdotes
638 841 682 872 ad
682 842 759 882 Jura
774 839 833 883 sua
856 842 892 874 &²
913 839 1096 877 oblationum

40 884 42 886 V
191 881 195 889 ¹
210 900 332 935 partem
341 891 544 932 accipiendam
554 891 705 924 advocat.
734 891 885 933 Exponit
909 890 944 923 in
967 890 1032 924 suis
1051 889 1093 924 ad

209 939 404 974 'Graecorum
417 939 665 985 Euchologium
676 939 816 982 Scholiis
835 940 982 974 eruditus
1004 941 1100 984 Joan-

214 1002 274 1027 nes
286 990 396 1025 Goar:
424 992 562 1031 Decanus
572 991 651 1024 idem
672 990 710 1031 est
729 992 810 1033 quod
830 989 956 1034 Vespillo
971 988 1025 1034 seu
1044 993 1099 1024 Le-

214 1042 371 1081 aquarius,
398 1042 432 1075 ὁ·
453 1050 488 1075 ut
508 1038 703 1084 Epiphanius
721 1041 851 1084 loquitur
863 1066 874 1081 ‚
900 1047 950 1083 qui
975 1050 1100 1074 mortuo-

213 1103 283 1126 rum
291 1091 376 1132 effert
385 1099 506 1133 corpora
517 1116 524 1124 .
552 1095 633 1133 Unus
645 1090 690 1124 bic
701 1100 821 1124 tantum
831 1092 881 1133 effe
901 1090 1076 1133 perbihetur
1089 1115 1100 1131 ,

210 1139 306 1185 supra
316 1143 388 1175 alios
403 1142 541 1182 videlicet
550 1142 588 1174 de
591 1152 682 1185 grege
691 1141 791 1183 plebis
799 1141 844 1174 ad
850 1140 1012 1181 efferendos
1023 1152 1099 1174 mor-

214 1200 279 1225 tuos
290 1190 398 1234 absque
408 1189 599 1233 Ecclesiastico
620 1192 707 1224 titulo
726 1192 883 1234 affumptos
904 1196 1075 1224 eminentior
1088 1214 1099 1230 ,

213 1243 299 1283 cujus
322 1241 361 1281 est
380 1246 472 1274 etiam
491 1253 530 1278 ea
544 1247 704 1282 provincia
718 1265 728 1281 ‚
751 1250 789 1281 ut
805 1242 976 1284 sacerdotes
993 1249 1102 1283 compo·

215 1300 273 1325 nat
283 1297 317 1324 in
318 1291 486 1332 juribus&
505 1291 766 1326 contributionibus
780 1316 792 1332 ,
816 1293 861 1324 ad
883 1303 930 1324 eos
954 1302 992 1324 ex
1010 1290 1100 1332 fune-

213 1341 297 1375 ribus
323 1342 356 1374 (τ
380 1341 439 1382 alio
464 1347 572 1384 quovis
597 1339 730 1385 obseqqu
748 1341 1023 1383 provenientibus,
1048 1352 1097 1375 ac-

214 1392 377 1433 cipiendis.
406 1390 612 1434 Vespillones
622 1391 708 1434 apud
732 1391 889 1434 antiquos
910 1400 1003 1424 erant
1026 1392 1099 1424 Bar-

214 1440 308 1481 bari,
333 1439 589 1482 dicebanturque
601 1441 756 1484 Bargenae
765 1441 819 1473 seu
840 1439 1008 1484 Bergenae.
1040 1440 1098 1474 An

213 1490 299 1533 apud
313 1490 493 1532 primorum
504 1501 542 1524 ac
553 1490 736 1524 mediorum
757 1490 948 1531 saeculorum
970 1488 1098 1524 Fideles

211 1539 334 1573 fixerint
347 1538 440 1580 Laici
450 1564 461 1580 ‚
486 1539 530 1574 est
542 1539 835 1583 quaestioexamine
844 1540 946 1584 digna
959 1564 966 1571 .
996 1539 1097 1583 Apud

211 1599 276 1623 nos
286 1587 401 1632 Belgas
421 1587 486 1630 jam
511 1589 637 1623 dudum
659 1592 732 1632 sunt
752 1591 812 1623 viri
836 1589 1017 1634 Religiosi,
1040 1589 1099 1624 fra-

212 1649 274 1673 tres
286 1637 440 1672 Alexiani
453 1663 460 1671 .
486 1638 658 1685 Qidquid
671 1641 730 1681 sit,
756 1639 1099 1683 Constantinopolita-

210 1699 256 1723 na
278 1687 417 1728 Ecclesia
438 1688 552 1727 habuit
578 1690 809 1733 Presbyterum
833 1714 844 1730 ‚
882 1691 939 1733 qui
966 1690 1099 1724 istarum

212 1737 494 1777 mille&centum
515 1739 692 1773 domorum
712 1751 837 1774 annuas
860 1740 1029 1784 pensiones
1053 1751 1100 1774 re-

212 1788 355 1832 ciperet,
381 1794 505 1823 curaret
530 1790 644 1823 omnia
666 1791 800 1831 funera,
827 1789 989 1833 &cuique
1011 1791 1052 1824 ad
1066 1790 1101 1824 il-

212 1837 245 1872 la
255 1839 404 1882 operanti
429 1839 520 1872 suam
543 1839 749 1874 distribueret
769 1841 973 1883 portionem.
1002 1840 1046 1874 Et
1071 1841 1099 1874 is

211 1886 384 1922 dicebatur
419 1889 575 1929 Decanus
599 1914 611 1931 ‚
648 1891 701 1928 seu
737 1890 904 1932 Praefectus
945 1890 1099 1926 Decano-

209 1947 301 1978 rum.

259 1987 315 2023 De
325 1984 386 2021 hac
396 1998 451 2030 per
462 1988 666 2030 Clericorum
681 1991 850 2025 avaritiam
863 1990 948 2035 lapsa
972 1991 1097 2024 rursum

35 2025 105 2063 1θὲ-
123 2035 168 2061 ²²³
207 2037 332 2083 pietate
341 2038 720 2084 queriturgraviffimein
735 2040 877 2075 Novella
901 2041 941 2074 ad
965 2040 1098 2084 Stepha-

211 2084 295 2122 ⁴num
322 2087 453 2122 fratrem
479 2090 571 2123 suurn
597 2101 792 2134 germanum
816 2116 827 2132 ,
868 2090 983 2135 Regiae
1008 2090 1097 2124 urbis

210 2136 431 2175 Patriarcham
444 2163 455 2180 ‚
482 2139 554 2184 lege
566 2140 666 2174 etiam
677 2140 856 2184 Imperator
867 2141 939 2175 Leo
950 2140 1076 2183 sapiens
1086 2165 1096 2181 ,

212 2186 248 2220 &
265 2186 413 2232 adjungit
427 2201 434 2220 ε
463 2191 631 2223 statuimus
644 2198 677 2224 ut
693 2201 761 2234 quae
771 2192 809 2224 de
820 2191 943 2232 his-jam
955 2191 1023 2223 olim
1033 2191 1097 2224 edi-

211 2244 247 2268 ta
266 2237 422 2277 constitutio
445 2238 484 2278 est
493 2262 505 2279 ‚
524 2244 646 2279 immota
670 2242 704 2277 (⁸5
723 2242 875 2280 inviolata
895 2249 1072 2282 permaneat
1091 2267 1097 2273 .

210 2284 296 2331 Qae
305 2286 360 2326 lex
370 2298 412 2321 an
431 2288 525 2327 firma
545 2288 753 2332 permanserit
766 2314 778 2331 ,
803 2291 907 2325 fateor
929 2301 981 2324 me
1003 2291 1098 2335 igno-

210 2346 280 2369 rare
292 2361 299 2366 .
328 2336 393 2376 Eas
403 2337 501 2380 porro
512 2338 602 2373 mille
621 2340 656 2372 &
676 2350 808 2375 centum
831 2338 979 2377 officinas
997 2338 1098 2375 hodie

210 2385 372 2429 poffident
392 2387 581 2422 Sacerdotes
604 2387 836 2428 Mahometani
849 2415 856 2422 .
887 2391 928 2428 In
940 2389 1099 2425 Christia-

209 2434 247 2469 ni
271 2435 361 2470 Cleri
381 2436 431 2479 jus
451 2438 666 2475 successerunt
685 2464 693 2471 .
720 2441 804 2474 Haec
825 2440 957 2481 interim
980 2440 1096 2476 omnia

210 2484 368 2520 evincunt
381 2510 391 2526 ,
410 2486 500 2532 quod
512 2498 570 2530 pro
579 2488 716 2523 funerali
728 2490 843 2524 officio
864 2491 986 2534 semper
1010 2491 1094 2534 apud

211 2535 343 2570 Graecos
365 2535 490 2583 aliquid
510 2538 610 2578 fuerit
634 2538 734 2574 Clero
755 2539 908 2575 oblatum
929 2542 1030 2584 usque
1052 2541 1094 2575 ad

213 2582 425 2625 Constantini
447 2595 593 2631 tempora
613 2611 624 2628 ‚
650 2590 709 2633 qui
732 2590 752 2627 ὲ
772 2589 887 2625 debito
908 2590 970 2630 illo
991 2601 1098 2626 extra-

215 2630 266 2664 xit
288 2635 389 2669 solam
405 2637 573 2676 civitatem
597 2638 1020 2684 Constantinopolitanam.
1049 2641 1094 2675 Et

218 2676 283 2712 ¹¹⁰⁰
315 2684 419 2721 forsan
452 2689 592 2731 respexit
621 2688 759 2724 Latinus
798 2690 934 2730 Author
969 2690 1092 2730 eruditi

218 2729 366 2764 “astatus
385 2735 549 2772 adversum
571 2739 704 2773 Graecos
724 2764 735 2780 ,
760 2742 877 2785 reperti
900 2741 983 2776 olim
1005 2741 1091 2785 apud

219 2776 547 2831 Constantinopolim
568 2789 603 2822 in
632 2790 812 2825 Conventa
841 2792 907 2825 PP.
937 2791 1091 2826 Praedica-

215 2835 326 2864 torum
349 2840 356 2859 ³
395 2833 432 2862 In
451 2831 523 2872 Ibrte
547 2839 669 2872 Simonis
700 2845 785 2884 Magi
809 2842 848 2879 de
866 2844 938 2882 Jure
958 2843 1091 2884 ponendi

211 2874 285 2920 [unt
296 2880 463 2913 Graecorum
475 2884 624 2926 Pontifices
636 2913 648 2929 ‚
672 2897 723 2932 qus·
739 2890 911 2934 sepulturas
941 2897 974 2924 in
995 2898 1089 2925 caemi-

210 2930 300 2983 tertis
310 2927 492 2985 nonfaciunt
504 2955 515 2971 ,
541 2934 593 2975 mfi
599 2947 714 2981 accepta
729 2947 857 2983 pecunia
869 2967 876 2975 .
902 2941 1015 2981 Solam
1028 2942 1092 2977 Re-

211 2986 279 3021 grae
296 2975 385 3016 urbis
407 2980 558 3022 pietatem
578 2984 766 3031 attendens,
789 3003 908 3026 ,omnes
928 2991 1010 3031 alias
1033 2992 1091 3031 EO‘

211 3025 322 3081 ¹clesias
345 3027 387 3062 de
407 3029 553 3066 Simonia
574 3033 737 3073 damnavit
754 3064 762 3071 .
790 3042 892 3076 Poffit
914 3051 1023 3076 tamen
1047 3042 1090 3082 ab

214 3082 302 3131 avita
313 3077 428 3120 pietate
438 3081 556 3115 iterum
578 3083 727 3119 defecisse
747 3091 847 3125 etiam
867 3091 943 3129 urbs
964 3092 1090 3138 Regia,

214 3124 355 3182 ideoque
375 3139 429 3171 per
449 3131 542 3174 pium
554 3131 740 3170 Authorem
757 3137 849 3174 fuisse
862 3142 941 3175 item
956 3152 1088 3177 notata.

213 3175 330 3210 Simile
347 3178 556 3224 privilegium
581 3180 679 3217 habet
709 3186 795 3224 alma
819 3190 925 3224 nostra
956 3192 1090 3235 lprenfis

213 3225 327 3260 civitas
348 3252 356 3259 .
393 3228 473 3271 Ejus
507 3230 714 3269 Cathedralis
740 3236 883 3274 Ecclesia
909 3240 971 3273 fuit
1006 3241 1089 3276 olim

212 3274 385 3313 dumtaxat
393 3276 578 3320 Abbatialis
591 3283 649 3317 sub
663 3283 886 3329 Regularibus
897 3289 1002 3323 Sandii
1021 3291 1096 3333 *Au-¹

211 3326 337 3369 gustini
351 3328 530 3364 canonicis
543 3355 554 3371 ‚
566 3333 619 3366 sex
633 3334 706 3368 istic
720 3334 967 3372 parochialium
978 3339 1088 3375 Eccle-

211 3375 328 3413 fiarum
340 3377 438 3414 etiam
449 3380 658 3425 Pastoribus,
684 3385 742 3429 qui
755 3388 811 3421 suo
822 3389 992 3423 communi
1012 3392 1088 3425 refe-

1132 2519 1135 2522 (
1150 2493 1294 2531 gemitum
1298 2489 1419 2534 studeat
1431 2493 1572 2533 majorem
1585 2492 1735 2536 dispendii
1744 2494 1856 2536 inferre
1867 2495 2026 2536 molestiam
2038 2522 2046 2530 .

1133 2564 1135 2567 s
1155 2537 1281 2581 ,Quodsi
1286 2545 1331 2572 ita
1335 2538 1370 2583 se
1382 2547 1497 2575 veritas
1518 2542 1609 2576 habet
1623 2567 1634 2584 ,
1660 2549 1731 2586 quin
1750 2546 1850 2588 grave
1870 2552 1959 2579 nimis
1981 2547 2020 2588 est
2033 2573 2045 2588 ,

1161 188 1264 222 &orio
1276 200 1315 222 ac
1326 188 1474 222 vestiario
1484 198 1524 222 ex
1537 187 1779 231 Augustiniana
1789 189 1899 234 regula
1908 200 2046 227 conten-

1161 238 1186 270 ti
1199 262 1209 277 ,
1228 239 1340 272 omnia
1351 238 1557 282 Sacramenta
1568 263 1578 278 ,
1596 237 1768 283 ipsumque
1778 241 1880 283 etiam
1892 242 2041 284 funerale

1160 287 1306 331 officium
1315 288 1402 331 plebi
1412 289 1534 332 semper
1545 287 1727 330 ministratu
1733 299 1769 322 ut
1779 291 1878 334 gratis
1889 316 1897 324 .
1915 290 2043 332 ,Forum

1163 336 1295 371 bonain
1306 338 1479 381 opulentas
1490 338 1686 381 Rraebendas
1702 338 1886 381 diviserunt
1906 340 1965 383 fibi
1982 341 2045 382 ho-

1160 386 1214 426 die
1226 387 1389 429 saeculares
1399 388 1565 424 Canonici
1576 387 1634 431 sub
1643 388 1780 434 antiquo
1790 400 1891 431 onere
1900 392 2046 437 ejusdem

1162 436 1317 470 castitatis
1337 448 1375 471 ac
1392 438 1530 483 pietatis.
1560 439 1604 479 Et
1625 438 1695 482 jure
1717 439 1854 481 metito.
1880 440 2047 486 Insignem

1161 486 1250 522 enim
1262 487 1386 522 cunetis
1396 488 1534 522 Clericis
1544 489 1690 532 regulam
1714 489 1789 534 figit
1810 490 1846 524 in
1869 490 1934 532 suis
1956 493 2048 536 super

1162 536 1298 579 primam
1310 537 1350 571 ad
1373 535 1565 578 Corinthios
1590 537 1771 581 Epistolam
1797 538 1947 584 homiliis
1968 542 2049 583 San-

1161 587 1228 620 &us
1238 588 1379 631 Joannes
1389 585 1666 629 Chrysostomus:
1694 591 1753 622 Dei
1771 596 1896 633 gratia,
1917 599 1974 634 pro
1996 604 2048 626 no-

1160 635 1204 668 bis
1224 639 1345 671 minime
1367 636 1474 678 molesti
1490 635 1598 683 ,sumus
1622 661 1633 678 ,
1662 635 1724 688 sed
1735 638 1798 679 fine
1812 639 1936 683 sumptu
1958 643 2045 685 vobis
2060 648 2150 687 flom.
2175 652 2225 683 43.

1158 684 1307 729 posuimus
1318 690 1349 720 E
1352 688 1523 730 vangelium
1532 711 1544 726 ,
1570 697 1760 731 nequaquam
1770 691 1887 730 quidem
1890 691 2044 732 facientes

1155 735 1226 777 ficut
1237 739 1351 770 Paulus
1362 761 1374 777 ,
1394 735 1587 779 ftdcontenti
1611 742 1749 779 propriis
1760 734 1776 769 .’
1795 738 1914 774 Sansto
1937 742 2045 779 Paulo

1163 786 1397 831 Apostolo,qui
1409 798 1450 820 ex
1460 798 1618 828 manuum
1631 788 1759 829 suarum
1772 787 1883 829 labore
1893 790 2044 832 viffimns

1162 837 1365 880 praedicavit,
1392 836 1438 878 ait
1451 838 1483 871 se
1503 848 1573 879 uon
1595 839 1684 881 posse
1706 838 1911 882 comparati,
1937 841 2045 877 vivere

1161 896 1270 921 tamen
1281 898 1322 921 ex
1333 887 1464 931 proprio
1475 887 1673 931 patrimonio
1685 912 1696 928 ‚
1721 898 1819 932 atque
1830 888 1874 923 ita
1896 890 2046 932 praedica-

1160 948 1194 971 re
1203 937 1269 971 sine
1282 937 1397 981 populi
1411 939 1542 982 sumptu
1555 962 1563 969 .
1590 937 1645 972 Ad
1657 939 1762 982 ipsum
1773 938 1915 983 obligari
1937 951 2046 984 quem-

1161 987 1208 1020 vis
1218 988 1414 1031 opulentum
1424 988 1592 1023 Clericum
1602 988 1739 1029 affirmat
1750 989 1940 1024 constanter
1961 991 1995 1024 in
2008 991 2048 1024 li-

1161 1036 1225 1071 bris
1251 1037 1292 1072 de
1318 1039 1388 1073 vita
1406 1039 1661 1083 contemplativa
1685 1039 1833 1083 Julianus
1854 1038 2047 1075 Pomerius.

1161 1086 1336 1134 Qidquid
1346 1089 1386 1122 sit
1395 1089 1436 1123 de
1446 1087 1512 1124 hoc
1530 1089 1690 1131 articulo,
1712 1102 1756 1124 ex
1777 1089 1941 1125 beneficio
1964 1103 2047 1135 opu-

1162 1137 1243 1171 lenti
1255 1138 1377 1174 Clerici
1388 1139 1538 1181 videntur
1544 1150 1605 1184 pro
1623 1139 1773 1184 exequiis
1788 1141 1822 1183 q&
1845 1141 1964 1183 quovis
1988 1141 2050 1176 mi·

1161 1186 1296 1222 nisterio
1306 1189 1417 1231 nullas
1429 1214 1440 1231 ‚
1462 1201 1508 1229 ex
1520 1190 1588 1233 sola
1599 1190 1660 1224 suae
1672 1189 1918 1233 sustentationis
1938 1193 2045 1226 neces·

1162 1237 1253 1272 sitate
1263 1237 1482 1283 justificabiles
1491 1264 1504 1281 ‚
1530 1240 1618 1285 poste
1627 1242 1731 1275 facere
1740 1241 1930 1283 exactiones
1941 1265 1949 1274 .

1212 1287 1323 1323 Etiam
1336 1290 1372 1324 in
1393 1289 1514 1325 Latina
1535 1291 1621 1326 olim
1644 1290 1788 1331 Ecclesia
1810 1291 1904 1326 fuisse
1925 1291 2050 1337 aliquid

1142 1339 1144 1352 ²
1162 1337 1309 1372 oblatum
1322 1364 1334 1379 ,
1360 1339 1512 1382 immo&
1523 1341 1671 1375 exastum
1683 1353 1742 1384 pro
1766 1342 1977 1385 exequiarum
2002 1344 2053 1377 of-

1162 1387 1238 1422 ficio
1248 1413 1259 1429 ‚
1287 1390 1431 1424 ostendit
1440 1391 1476 1424 in
1486 1390 1603 1431 litteris
1615 1391 1656 1425 ad
1667 1391 1803 1426 Bonum
1816 1392 2053 1428 Maffiliensem

1162 1438 1360 1481 Episcopum
1388 1441 1521 1473 Sanstus
1543 1441 1723 1483 Gregorius
1743 1440 1893 1484 Magnus
1916 1453 1922 1472 :
1953 1445 2054 1476 Filius

1161 1487 1251 1528 noster
1265 1487 1429 1527 Faustimes
1452 1488 1564 1530 questus
1584 1489 1668 1523 nobis
1690 1490 1747 1530 est,
1776 1492 1858 1531 quod
1873 1498 1966 1532 pater
1988 1494 2054 1533 ejus

1161 1538 1310 1579 quondam
1321 1537 1481 1579 Peltrafius
1488 1539 1591 1581 aliqua
1617 1538 1724 1578 vssrae
1746 1540 1902 1582 Ecclesiae,
1922 1539 2059 1584 sepultu-
2078 1559 2108 1588 [η
2139 1569 2166 1594 7,
2183 1562 2236 1597 ΕΡ,

1161 1585 1273 1630 raesuae
1280 1593 1383 1631 gratia
1394 1612 1405 1629 ‚
1424 1590 1511 1629 ‚iuris
1522 1591 1612 1623 alieni
1624 1591 1777 1632 reliquerit
1794 1613 1800 1620 .
1829 1589 1892 1624 Ait
1904 1591 1999 1626 illum
2011 1605 2052 1626 ex
2077 1612 2107 1634 4.

1161 1637 1237 1671 solis
1251 1636 1411 1671 haeredum
1422 1640 1555 1674 suorum
1567 1640 1923 1684 neceffitatisuperfluis
1934 1644 2055 1685 potuis-

1160 1687 1192 1720 se
1203 1687 1329 1731 aliquid
1350 1688 1498 1723 Ecclesiae
1519 1690 1725 1734 relinquere,
1751 1701 1851 1735 atque
1874 1693 2027 1738 adjungit
2042 1708 2053 1728 .-

1161 1741 1296 1771 Noveris
1305 1749 1360 1772 nos
1381 1745 1542 1782 antiquam
1567 1740 1807 1784 consuetudinem
1831 1745 1851 1774 ἃ
1873 1742 1969 1783 nostra
1993 1748 2052 1778 Ec-

1158 1786 1239 1829 elefia
1249 1794 1367 1822 omnino
1377 1791 1495 1832 vetuiffe
1507 1815 1518 1831 ,
1544 1802 1595 1824 nec
1607 1797 1747 1833 cuiquam
1768 1792 1912 1836 assensum
1933 1795 2054 1835 praebe-

1160 1848 1193 1870 re
1203 1862 1215 1877 ‚
1244 1846 1277 1870 ut
1285 1840 1346 1871 loca
1368 1838 1494 1877 humani
1509 1849 1639 1883 porporis
1666 1844 1771 1883 poffint
1786 1848 1884 1884 pretio
1905 1843 2051 1887 adipisci.

1161 1891 1248 1923 Nam
1265 1887 1297 1930 fi
1319 1892 1472 1930 Gentiles,
1498 1900 1533 1925 ut
1551 1892 1737 1931 arbitramur
1761 1916 1771 1932 ,
1807 1898 1870 1926 viri
1889 1893 2054 1929 sichimitae

1161 1936 1291 1971 Abrahae
1294 1946 1353 1981 pro
1364 1941 1440 1973 sara
1458 1952 1594 1981 mortua,
1619 1951 1708 1985 atque
1730 1949 1763 1976 in
1782 1945 1839 1977 loco
1854 1950 1978 1987 proprio
2000 1945 2053 1978 bu-

1159 1989 1296 2027 manda,
1313 1987 1501 2031 sepulturam
1514 1999 1616 2035 grati‘s
1637 1993 1800 2034 obtulerint
1818 2018 1830 2035 ‚
1856 1996 1889 2028 (tr
1911 2001 1968 2028 vix
1990 2009 2056 2029 ma-

1154 2048 1219 2080 gna
1228 2039 1295 2078 ejus
1306 2043 1534 2081 importunitate
1550 2042 1707 2084 coadifint
1718 2068 1729 2084 ‚
1753 2054 1787 2077 ut
1793 2051 1929 2086 pretium
1951 2048 1989 2079 de
2010 2048 2052 2079 lo-

1158 2098 1189 2119 co
1211 2089 1358 2129 epulturae
1367 2098 1568 2134 praeciperent
1581 2118 1593 2134 ,
1619 2106 1671 2127 nos
1681 2101 1732 2135 qui
1742 2094 1879 2137 Episcopi
1899 2096 2025 2129 dicimur
2039 2120 2051 2135 ‚

1157 2137 1194 2177 de
1201 2136 1364 2173 humandis
1377 2142 1532 2175 Fidelium
1546 2144 1717 2185 corporibus
1736 2143 1821 2186 pens
1816 2157 1835 2175 a
1859 2145 1935 2186 quid
1942 2145 2051 2186 facere

1159 2185 1318 2221 debeamus
1340 2214 1348 2230 .-
1376 2196 1438 2224 Hoc
1464 2203 1532 2234 ergo
1557 2196 1777 2227 Fraternitatis
1804 2194 1910 2234 vfflrae
1929 2197 2050 2236 judicio

1157 2243 1369 2272 committimus
1379 2265 1386 2271 .
1415 2241 1459 2274 Et
1470 2242 1509 2277 in
1527 2242 1644 2278 litteris
1655 2243 1696 2277 ad
1711 2243 1902 2286 Ianuarium
1926 2245 2054 2281 Calati-

1158 2296 1273 2322 tanum
1299 2289 1500 2333 Episcopum
1521 2316 1532 2332 ,
1572 2291 1723 2327 Sardiniae
1758 2294 2012 2339 Metropolitam
2040 2311 2047 2330 :

1158 2337 1271 2381 Questa
1279 2338 1318 2379 est
1328 2339 1411 2373 nobis
1422 2343 1560 2375 Nereida
1568 2344 1857 2384 clariffimafoemina
1869 2369 1879 2384 ,
1905 2347 1985 2388 quod
2007 2347 2048 2380 ab

1156 2399 1192 2420 ea
1204 2388 1431 2432 centumfhlidos
1440 2400 1496 2432 pro
1500 2391 1577 2434 filiae
1585 2391 1653 2435 suae
1658 2392 1815 2435 sepultura
1843 2399 2045 2431 Fraterm'tas

1156 2437 1254 2478 vestra
1265 2449 1322 2471 non
1334 2439 1480 2483 erubescat
1503 2447 1636 2485 exigere,
1668 2453 1759 2487 atque
1778 2450 1806 2478 ei
1824 2443 1913 2487 fiiper
1937 2448 2046 2480 dolorIs
2065 2441 2114 2510 ὣς
2126 2452 2171 2510 ⁷⁸2·
2190 2441 2229 2511 fg.

2066 2519 2132 2557 pist.
2158 2525 2206 2557 56.

1155 2590 1190 2622 (⁰5
1194 2589 1300 2630 procul
1311 2595 1402 2623 nimis
1415 2594 1434 2624 ἃ
1446 2594 1614 2632 Sacerdotis
1637 2595 1742 2636 officio,
1772 2601 1908 2636 pretium
1927 2599 1965 2630 de
1986 2608 2044 2630 ter-

1154 2649 1191 2671 ra
1201 2639 1321 2682 concessa
1326 2643 1484 2683 putredini
1495 2655 1625 2685 quaerere
1637 2668 1648 2684 ,
1676 2646 1710 2679 (τ
1721 2646 1757 2678 de
1779 2647 1875 2679 alieno
1897 2648 1973 2680 velle
1986 2648 2048 2688 fa-

1153 2699 1214 2721 cere
1225 2689 1306 2722 lucio
1315 2695 1518 2733 compendium
1526 2719 1536 2734 ,
1562 2695 1601 2727 ab
1613 2694 1668 2727 hac
1674 2693 1709 2737 se
1716 2701 1860 2739 petitione
1884 2700 2042 2730 Fraterni-

1152 2745 1203 2771 tas
1215 2738 1312 2779 vestra
1325 2747 1474 2776 contineat
1486 2768 1497 2784 ,
1524 2745 1559 2777 όν
1569 2745 1685 2785 molesta
1696 2752 1724 2779 ei
1730 2746 1767 2779 de
1778 2755 1883 2779 caetero
1897 2758 1954 2779 non
1977 2752 2042 2780 exi-

1145 2787 1210 2827 stat
1223 2812 1230 2820 .
1251 2793 1313 2823 Hoc
1323 2801 1421 2825 autem
1434 2799 1546 2827 vitium
1557 2795 1592 2828 (τ
1605 2806 1655 2828 nos
1666 2819 1677 2835 ‚
1698 2795 1853 2838 postquam
1864 2798 1924 2829 Deo
1945 2796 2041 2844 αιωῗο-ι

1152 2850 1183 2871 re
1195 2840 1240 2872 ad
1257 2839 1455 2884 Episcopatus
1476 2843 1617 2878 honorem
1637 2846 1799 2889 acceffimus
1813 2870 1823 2885 ‚
1850 2848 1888 2880 de
1910 2845 2038 2887 Ecclesia

1129 2925 1131 2928 Α
1151 2887 1246 2929 nostra
1260 2897 1378 2926 omnino
1389 2899 1536 2927 vetuimus
1548 2918 1558 2934 ‚
1585 2897 1762 2937 &pravam
1772 2897 1864 2929 denuo
1889 2894 2039 2937 consuetu-

1151 2939 1252 2973 dinem
1274 2951 1462 2986 nequaquam
1484 2944 1624 2988 usurpari
1641 2946 1824 2987 permisimus
1843 2969 1855 2984 ,
1894 2956 2036 2980 memores

1151 2994 1222 3031 quia
1241 2991 1313 3024 dum
1336 2994 1489 3028 Abrabam
1512 2998 1534 3028 ᾶ
1551 2995 1625 3036 filiis
1645 2999 1762 3034 Emor,
1789 2993 1840 3026 lm·
1848 2993 1907 3033 est,
1932 2994 2034 3037 Efron

1146 3038 1209 3080 filio
1230 3042 1310 3082 Sejor
1322 3067 1333 3082 ,
1353 3042 1540 3086 sepulchrum
1545 3051 1642 3087 pretio
1663 3046 1707 3076 ad
1725 3044 1906 3077 humandum
1927 3054 2033 3087 corpus

1151 3090 1280 3132 “njugls
1301 3093 1460 3133 postularet
1485 3118 1499 3134 0
1531 3100 1660 3136 pretium
1682 3098 1813 3134 accipere
1835 3099 1934 3136 renuit
1956 3118 1967 3134 ,
1993 3107 2031 3130 ne

1148 3141 1325 3173 commodum
1346 3145 1497 3178 videretur
1509 3144 1549 3181 ¹de
1557 3144 1704 3178 cadavere
1724 3141 1907 3186 consecutus.
1934 3147 1964 3190 .5.¹
1988 3158 2033 3180 er-

1144 3201 1183 3233 go
1208 3198 1304 3223 tantae
1326 3191 1562 3232 considerationis
1579 3202 1716 3237 paganus
1740 3198 1790 3227 vir
1805 3192 1871 3234 fuit
1884 3219 1895 3234 ,
1921 3204 2032 3238 quanto

1149 3245 1245 3283 magis
1262 3252 1314 3273 nos
1327 3264 1338 3280 ‚
1363 3248 1416 3283 qui
1426 3243 1592 3283 5acerdotes
1601 3239 1728 3277 dicimur
1741 3267 1752 3283 ,
1777 3242 1829 3278 hoc
1842 3243 1947 3285 facere
1971 3257 2029 3279 non

1149 3289 1284 3323 debemus
1295 3291 1312 3322 ?
1338 3293 1422 3325 Unde
1433 3303 1471 3325 ne
1481 3291 1530 3325 boc
1539 3298 1683 3327 avaritia
1695 3299 1805 3328 vitium
1817 3295 1870 3328 vel
1877 3300 1911 3329 in
1922 3297 2029 3330 alienis

1148 3341 1242 3373 denuo
1284 3347 1397 3375 tentari
1427 3340 1628 3385 praesumatur
1651 3369 1662 3384 ‚
1702 3345 1841 3379 admoneo
1861 3369 1869 3377 .
1915 3346 1974 3378 sed
2001 3343 2031 3386 fi

1146 3390 1264 3431 quando
1274 3392 1401 3434 aliquem
1420 3398 1452 3425 tn
1461 3393 1586 3436 Ecclefia
1614 3394 1712 3435 vestra
1717 3393 1838 3437 sepeliti
1851 3395 2004 3488 concediltis
2014 3416 2027 3441 ,

1971 3453 1981 3474 t
