2352 3736
513 135 602 164 ne
670 119 709 165 S.
785 118 1121 164 Leonrs

1617 31 1656 75 ὁ

1190 116 1424 163 Noui
1493 118 1792 163 Aerrs.

1880 132 1974 178 403

231 202 311 237 orbis
333 199 475 243 univerff
484 204 626 237 civitates
647 201 859 235 sanc‘lionibus
883 224 895 242 ,
917 208 973 242 per
1002 209 1110 233 aureas
1169 196 1228 233 cha
1241 199 1374 234 Marcus
1386 198 1554 242 proposuit
1581 197 1668 232 hane
1682 195 1892 241 quaestionem
1910 206 1918 227 ε
1945 201 2049 231 Ponti-

232 251 328 286 bullas
352 257 497 294 munitis,
526 248 682 296 adversari
706 253 880 291 videretur,
905 257 1050 294 quatenus
1076 250 1111 282 il-

231 302 288 336 lud
298 305 453 336 Decretum
462 303 597 338 sinodale
611 301 728 343 statuat
737 299 918 345 solummodo
936 299 1112 344 exigendum

232 352 254 386 ἃ
263 351 389 395 quolibet
399 362 496 386 eorum
505 357 557 396 qui
574 353 752 386 ordinantur
764 375 776 392 ,
795 349 826 393 Jt'
834 349 937 384 Lector
943 349 982 392 fit
993 374 1004 392 ‚
1030 360 1113 382 num-

233 412 312 436 mum
330 411 452 435 aureum
471 413 588 444 unum·,
607 401 788 443 fiDiaconus
814 425 826 441 ‚
851 411 984 433 nummos
1013 409 1113 432 aureos

233 459 295 485 tres
301 450 409 494 fimiles
419 464 435 494 ;
457 454 488 485 si
512 451 688 492 Presbyter,
718 453 791 484 alios
817 458 878 483 tres
890 461 1021 483 nummos
1031 445 1113 490 confi-

233 502 316 535 miles
331 499 489 545 sumendos
515 503 652 536 alimenti
678 507 795 534 nomine
833 500 996 533 dumtaxat
1020 497 1059 531 ab
1083 509 1114 531 eo

232 556 284 594 qui
301 553 439 585 ordinat.
468 552 720 596 Quandoquidem
736 549 764 591 fi
778 551 909 583 maximi?
932 549 1090 583 mercedem
1102 570 1114 588 ,

233 612 292 635 non
311 610 410 636 tamen
437 603 472 636 (a
491 603 620 636 vivendi
638 599 777 643 sumptus
809 601 942 634 excludit
968 602 1113 641 Evange-

231 651 322 685 lt'um.
350 654 454 685 Aureae
465 654 537 685 vero
557 649 645 684 bullae
668 652 687 681 a
696 655 759 692 piis
772 650 963 691 Principibus
981 648 1114 689 promul-

230 710 314 745 gatae
334 701 526 744 appendicem
574 701 730 744 quandam
769 701 907 742 deinceps
930 704 1113 731 invexerunt

232 753 280 784 ad
295 763 332 785 ea
342 762 409 794 quae
432 750 472 784 ab
491 751 670 784 ordinandis
690 749 890 792 praestantur.
919 747 974 781 Ex
997 746 1113 791 quibus

233 800 339 834 verbis
361 799 518 835 habemus
543 802 631 835 varia
657 824 665 832 .
692 799 809 833 Primo
830 822 841 838 ,
869 795 961 841 quod
988 796 1114 831 exorbi-

230 857 362 885 tantem
384 850 528 895 priorum
549 849 758 884 exactionum
769 846 1043 881 consuetudinem
1057 845 1116 880 Pa-

233 899 374 937 triarcha
390 900 530 934 Alexius
542 899 581 932 fit
590 897 776 932 moderatus
787 921 794 929 .
821 895 975 931 Secundo
990 921 1000 936 ‚
1027 895 1116 938 quod

232 949 303 994 ejus
324 948 490 993 synodale
510 947 689 982 Decretum
711 946 817 990 plures
826 946 1042 989 Imperatores
1062 958 1117 980 au-

233 1001 296 1034 reis
315 997 380 1032 suis
416 997 516 1032 bullis
538 996 804 1032 confirmaverint
821 1020 829 1027 .
856 996 901 1030 Et
922 996 1008 1030 inter
1031 996 1116 1039 ipsos

233 1047 322 1083 haud
344 1046 444 1082 dubie
466 1047 529 1082 fuit
548 1047 650 1082 etiam
674 1045 914 1081 Constantinus
935 1045 1115 1080 Monoma·

233 1096 334 1133 chus.
361 1097 410 1132 Ita
423 1108 492 1132 non
505 1096 640 1131 obscure
659 1095 830 1141 colligitur
855 1107 899 1130 ex
911 1107 1006 1130 aurea
1028 1095 1117 1130 bulla

234 1148 443 1192 imperatoris
469 1146 584 1181 Alexii
609 1146 776 1181 Comneni
802 1170 813 1186 ‚
839 1147 1060 1180 confirmante
1083 1146 1118 1178 fi·

234 1199 314 1233 mile
326 1199 508 1233 Decretum
519 1195 716 1231 Patriarchae
735 1195 870 1230 Nicolai
882 1195 1099 1230 Grammatici
1110 1220 1117 1226 .

185 1243 188 1246 ’
234 1248 351 1283 Hodie
375 1258 487 1282 tamen
516 1245 673 1281 habemus
704 1246 808 1280 solam
835 1257 964 1281 auream
994 1244 1117 1280 bullam

234 1297 349 1333 Isaacii
370 1297 559 1339 Comneni‚
582 1297 727 1331 emissam
748 1294 837 1330 haud
862 1294 961 1330 dubie
980 1294 1021 1330 ad
1055 1305 1119 1339 pre-

235 1360 289 1383 ces
299 1346 480 1383 Michaelis
496 1347 658 1383 Cetularii
670 1372 678 1380 .
705 1346 827 1381 Tertio*
837 1343 994 1381 habemus
1004 1369 1016 1386 ‚
1028 1344 1120 1389 quod

235 1398 393 1442 Episcopi
405 1398 479 1432 istas
493 1398 677 1434 exactiones
689 1397 876 1431 constanter
887 1395 1099 1430 defenderent
1111 1420 1118 1427 .

236 1447 431 1483 Asserebant
443 1448 546 1483 solam
560 1447 740 1483 mercedem
754 1448 808 1481 seu
820 1444 1097 1480 nundinationem
1110 1468 1122 1485 ‚

236 1509 307 1533 non
335 1497 543 1543 Episcopalia
564 1498 720 1532 alimenta
741 1498 796 1531 seu
813 1496 976 1540 stipendia
1001 1495 1063 1528 effe
1072 1494 1121 1528 Si-

234 1548 413 1589 moniaca,
439 1560 477 1583 ac
497 1548 651 1583 damnata
684 1545 725 1581 ab
747 1545 933 1588 Evangelio
957 1567 965 1575 .
990 1542 1123 1576 Alexia-

235 1609 319 1632 num
342 1599 521 1632 Decretum
543 1595 723 1630 affirebant
745 1593 787 1627 ab
799 1593 904 1627 aureis
928 1591 1026 1626 bullis
1051 1602 1121 1626 non

236 1648 471 1681 confirmatum
509 1644 681 1679 dumtaxat
706 1669 717 1684 ,
755 1643 810 1677 sed
844 1641 879 1674 δε
906 1641 1120 1682 ampliatum,

237 1695 379 1740 ideoque
395 1695 426 1730 *a
447 1693 633 1729 Patriarcha
657 1692 802 1725 Nicolao
824 1689 1030 1733 postularunt
1052 1698 1122 1722 non

237 1746 334 1790 juxta
348 1744 453 1785 illud,
482 1743 536 1778 sed
549 1740 727 1778 secundum
741 1737 799 1775 has
821 1737 974 1782 deinceps
997 1738 1103 1772 vivere
1115 1761 1125 1769 .

238 1796 285 1830 Et
294 1793 455 1829 Nicolaus
481 1803 548 1830 tam
565 1792 623 1827 has
649 1791 746 1836 quam
756 1789 838 1825 illud
858 1788 1002 1823 discuffit
1020 1786 1126 1830 syno-

239 1844 359 1881 daliter
382 1870 394 1886 ,
420 1844 547 1878 invenit
569 1842 747 1878 convenire
770 1852 826 1885 per
845 1839 959 1873 omnia
986 1862 997 1878 ,
1028 1848 1125 1880 atque

239 1895 310 1930 istis
321 1893 490 1939 postulatis
502 1892 660 1937 imposuit
681 1890 846 1925 silentium
859 1915 866 1921 .
894 1887 1125 1924 Nihilominus

241 1944 358 1979 Alexii
379 1940 575 1978 Patriarchae
585 1943 766 1977 Decretum
780 1939 988 1975 confirmavit
1009 1939 1043 1973 ὃ(
1054 1949 1126 1982 pur·

239 1995 333 2041 gavit
355 2008 366 2028 .·
403 1995 497 2038 ,Quod
513 1993 672 2036 stipendiis
695 1996 830 2034 propriis
850 1992 948 2033 juxta
976 1991 1126 2023 Divinum

240 2043 406 2087 Apostolum
429 2045 644 2077 nemomilitet.
674 2040 840 2086 Adjunxit
859 2040 941 2074 alios
968 2050 1126 2083 expurga·

241 2094 346 2129 tionis
367 2094 481 2135 fucos,
507 2093 540 2127 &
566 2092 750 2127 conclusit.-
776 2096 843 2125 Nec
863 2090 911 2124 his
923 2091 1052 2132 amplius
1070 2089 1127 2122 ali-

242 2144 322 2187 quid
340 2149 456 2177 nomine
476 2143 679 2176 alimentorum
705 2142 786 2176 illius
808 2166 819 2183 ,
846 2146 897 2184 qui
918 2142 1060 2181 ordinat,
1087 2138 1126 2172 ab

243 2193 422 2228 Ordinando
431 2194 636 2235 expendetur.
665 2193 708 2227 Et
731 2191 796 2227 hoc
821 2191 988 2235 Synodale
1009 2190 1127 2225 Decre-

243 2253 338 2284 tum,
365 2254 426 2278 nec
448 2254 518 2278 non
542 2241 706 2278 &dictam
729 2240 842 2277 Isaacii
866 2240 990 2276 bullam
1011 2240 1126 2275 confir·

243 2294 347 2329 mavit
370 2293 548 2338 Imperator
570 2293 709 2328 Alexius
731 2291 925 2327 Comnenus
943 2318 950 2324 .
987 2291 1032 2325 Et
1052 2289 1127 2334 Epi-

244 2344 338 2388 scopi
351 2342 501 2378 videntur
509 2342 702 2384 obedivisse,
715 2342 760 2377 ast
772 2352 840 2378 non
852 2342 907 2386 ipsi
920 2339 1127 2382 patriarchae,

246 2403 304 2430 aut
326 2393 413 2428 certe
431 2393 576 2438 ipsorum
598 2391 873 2437 Chartophylax,
897 2391 999 2427 &alii
1023 2390 1127 2425 Cleri-

243 2444 275 2478 ci
291 2468 299 2476 .
327 2444 490 2478 Omnium
509 2442 782 2479 Ordinandorum
806 2453 945 2477 examen
970 2440 1127 2485 spectabat

243 2492 286 2528 ad
298 2491 598 2538 Chartophylacem
612 2519 622 2535 ,
650 2494 779 2538 ipseque
790 2492 942 2537 pergebat
962 2492 1036 2526 illos
1045 2489 1127 2526 adeo

245 2553 364 2578 vexare
383 2543 608 2579 exactionibus
631 2569 642 2586 ,
668 2553 705 2579 ut
725 2542 905 2587 pauciffimi
925 2541 966 2576 ad
991 2541 1126 2576 Patriar-

247 2591 315 2627 chae
335 2603 475 2634 manus,
502 2594 647 2638 plerique
667 2594 707 2629 ad
726 2594 808 2628 alios
832 2591 1022 2628 accederent
1050 2591 1128 2635 Epi-

247 2643 361 2684 scopos
370 2668 382 2683 ,
408 2652 507 2687 atque
521 2644 565 2678 ita
578 2644 684 2686 plures
696 2653 960 2687 promoverentur
973 2641 1126 2687 indigni,

249 2689 508 2734 &Apostolicus
521 2717 533 2732 ‚
559 2704 720 2737 quemque
741 2693 907 2728 Clericum
927 2693 946 2727 a
968 2694 1027 2727 suo
1051 2692 1129 2736 Epi-

252 2742 354 2784 scopo
378 2741 558 2774 consecrari
583 2742 741 2777 mandans
765 2768 777 2785 ,
802 2743 922 2777 Canon
951 2741 1053 2777 abiret
1090 2742 1127 2776 in

250 2800 477 2834 contemptum
494 2789 789 2827 &dissuetudinem
807 2818 814 2826 .
839 2791 951 2839 Qare
965 2791 1063 2826 hosce
1076 2804 1129 2827 ex-

251 2840 354 2875 cessus
380 2840 558 2885 proscripsit
591 2838 778 2875 Patriarcha
807 2842 956 2878 Michael
984 2841 1128 2876 Anchia-

250 2890 303 2925 lus
316 2914 328 2931 ‚
353 2890 389 2925 ὅ(
410 2888 559 2933 adjunxit
573 2903 584 2922 .-
609 2894 662 2923 Ne
675 2888 714 2931 fit
729 2899 901 2933 praetextus
914 2917 925 2932 ‚
950 2891 1029 2934 isque
1049 2891 1128 2936 satis

255 2941 393 2984 elegans,
418 2945 457 2973 iis
469 2945 519 2983 qui
540 2940 644 2974 nokeni
655 2941 810 2981 ordinari,
838 2942 881 2973 ad
890 2940 1067 2985 Religiofum
1081 2954 1130 2976 no-

248 2989 342 3031 flrum
365 2988 627 3033 chartophylacem
639 2990 847 3031 *accedentibus
858 3013 869 3030 ,
893 2991 974 3033 quod
990 2992 1130 3032 majorem

247 3039 329 3082 sorte
341 3039 471 3074 babeant
495 3044 717 3074 innovationem
729 3065 739 3081 ,
765 3042 856 3083 quam
877 3042 945 3074 olim
955 3040 1025 3073 dari
1034 3040 1129 3083 fuerit

253 3088 425 3131 consuetudo
449 3114 460 3131 ,
485 3096 511 3124 ei
533 3101 644 3132 quoque
666 3095 709 3124 rei
729 3092 749 3122 ἃ
769 3091 864 3131 nostra
879 3091 1081 3125 Mediocritate
1091 3092 1129 3133 est

255 3137 340 3173 bodie
357 3138 512 3182 provisum
531 3164 538 3172 .
566 3144 692 3173 cautum
710 3139 748 3181 est
764 3145 864 3181 enim,
890 3152 927 3174 ne
949 3146 1077 3183 antiqua
1095 3148 1128 3176 in

255 3194 296 3222 iis
312 3187 482 3231 consuetudo
502 3189 682 3232 transiliatur
708 3215 719 3231 ,
741 3189 799 3234 fied
828 3192 881 3224 illa
899 3188 995 3233 solum
1019 3192 1141 3226 dentur·

256 3237 396 3282 Episcopi
417 3238 560 3279 MiniJlrIs
597 3242 632 3275 Θ*
650 3241 834 3285 Religioffimo
865 3239 954 3281 hujus
988 3247 1126 3284 temporis

256 3286 501 3329 chartophylaci,
527 3301 595 3332 quae
613 3289 654 3323 ab
676 3295 713 3324 iis
730 3316 741 3332 ‚
771 3297 825 3335 qui
844 3292 1042 3331 ordinantur,
1058 3294 1130 3334 jam

257 3340 326 3373 olim
337 3339 406 3370 dari
416 3336 623 3380 consueverunt
634 3364 642 3372 .

354 3436 463 3481 chrisi.
477 3441 555 3483 Lupi
562 3442 651 3483 oper.
662 3442 793 3475 TomJV.

1167 249 1236 291 fices
1251 274 1261 290 ‚
1288 256 1340 293 qui
1367 253 1513 283 Diaconos
1536 249 1588 282 vel
1596 249 1767 282 sacerdotes
1790 248 1955 288 ordinant,
1979 252 2052 281 item

1173 359 1226 383 aut
1243 351 1354 392 aliquos
1372 354 1534 382 Haereticos
1549 347 1743 391 sane‘lificant
1755 371 1766 387 ,
1788 353 1908 388 pariter
1935 346 2055 390 qui-alt-

1174 399 1277 441 quibus
1299 398 1470 440 ministrant
1494 403 1632 432 Divinas
1664 397 1918 439 sanclificationes
1939 421 1951 438 ,
1970 396 2002 438 fi
2021 402 2054 430 in

1173 449 1283 483 laboris
1307 455 1467 492 proemium
1477 454 1667 482 nummarias
1688 449 1810 490 aliquas
1815 446 1952 491 summas
1967 446 2006 480 ab
2017 447 2060 479 iis'

1175 506 1317 543 exigunt,
1343 499 1420 533 recqe
1441 510 1477 532 ne
1478 498 1625 540 faciant,
1650 510 1692 532 an
1714 508 1774 531 non
1792 498 1811 529 ,δ
1836 498 1881 532 Et
1894 495 2056 531 Theodo-

1175 560 1225 583 rus
1236 549 1408 583 Balsamon
1421 547 1607 592 respondit:
1634 549 1746 582 Milites
1751 554 1885 589 propriis
1895 546 2056 589 stipendiis

1177 611 1231 632 non
1240 601 1379 632 aluntur.
1406 601 1451 632 Et
1469 606 1526 641 per
1539 596 1651 641 Moysen
1679 599 1760 630 dixit
1774 597 1878 632 Deus.-
1905 597 1986 631 Non
2013 594 2058 630 al·

1176 649 1292 693 ligabis
1302 659 1340 683 os
1354 647 1434 682 bovi
1446 648 1614 681 trituranti
1627 672 1634 680 .
1662 651 1796 691 siigitur
1805 656 1863 689 per
1883 649 2058 681 mediocrem

1175 701 1325 732 dationem
1335 698 1490 740 aliquam,
1514 697 1684 730 &arbitrio
1707 699 1861 739 ordinati,
1889 698 1940 732 vel
1968 698 2058 731 aliter

1170 747 1347 791 sunc‘lificati
1370 769 1381 785 ,
1399 745 1540 789 solatium
1562 752 1692 786 accipere
1719 757 1861 786 quaerunt
1886 748 2058 782 sacerdotes

1175 800 1208 832 <9
1231 796 1386 839 Pontifices
1407 821 1421 837 ‚
1448 801 1501 838 qui
1523 796 1667 828 ordinant
1689 796 1743 828 vel
1763 794 1922 836 baptizant
1945 818 1956 834 ‚
1982 796 2064 830 nihil

1175 848 1247 881 mali
1255 847 1384 891 faciunt.
1412 850 1499 879 Nam
1507 853 1560 888 per
1570 844 1806 888 consuetudinem
1809 845 1941 888 solemne
1954 845 1991 885 est
2005 850 2061 878 or-

1175 899 1321 931 dinantes
1342 901 1470 938 accipere
1489 894 1643 938 solatium.
1674 897 1770 940 ,Quod
1782 894 1812 936 fi
1816 895 1986 939 hujusmodi
1993 894 2062 938 fiili-

1177 958 1226 981 tas
1241 946 1459 988 munificentias
1484 958 1541 979 non
1562 951 1720 988 requirant
1730 970 1741 986 ‚
1765 945 1823 988 sed
1830 949 1946 988 majora
1958 948 2037 980 dona
2050 971 2062 986 ‚

1177 1000 1211 1032 Θ·
1222 1009 1287 1040 quae
1301 997 1443 1030 Ordinati
1446 995 1615 1038 facultates
1633 995 1820 1041 coangustent
1835 1019 1847 1035 ‚
1873 1008 1930 1030 non
1944 998 2063 1030 tantum

1178 1060 1234 1081 non
1254 1048 1451 1081 exaudientur
1471 1069 1482 1086 ,
1501 1044 1560 1088 sed
1579 1047 1613 1079 ζ’)
1632 1046 1797 1088 depofitioni
1843 1045 2042 1090 subjicientur
2055 1073 2063 1080 .

1179 1097 1315 1140 Utique
1334 1106 1501 1139 tamquam
1525 1095 1703 1130 simoniaci
1727 1122 1738 1137 ‚
1765 1107 1820 1139 per
1844 1096 2021 1132 secundum
2046 1099 2065 1131 ὲ

1178 1146 1367 1181 Theodoro
1388 1144 1484 1179 isthic
1507 1145 1674 1180 laudatum
1696 1145 1980 1183 Calcedonensem
2003 1148 2068 1182 Ca·

1182 1207 1305 1231 nonem
1314 1223 1322 1230 .
1352 1196 1395 1230 Et
1408 1207 1466 1240 pro
1479 1194 1609 1230 modica
1620 1196 1791 1231 exactione
1803 1195 1887 1230 nihil
1908 1200 2003 1232 novit
2013 1197 2068 1232 ad-

1182 1247 1323 1287 ducere,
1349 1246 1407 1280 nisi
1432 1245 1703 1281 consuetudinem
1731 1271 1738 1279 .
1766 1246 1811 1280 Et
1831 1246 1918 1281 certe
1940 1247 2069 1291 aliquot

1182 1307 1354 1332 aureorum
1377 1296 1503 1330 exactio
1527 1307 1596 1330 non
1615 1295 1661 1329 est
1675 1296 1754 1341 quid
1766 1296 1936 1332 modicum
1950 1312 1960 1331 :
1991 1298 2070 1331 Prae-

1184 1347 1292 1381 sertim
1316 1347 1351 1380 in
1376 1345 1540 1390 opulentis
1552 1345 1744 1391 Episcopis,
1771 1347 1882 1389 quales
1905 1347 2017 1392 passim
2031 1348 2068 1381 in

1184 1397 1307 1432 Graecia
1318 1396 1412 1431 fuisse
1425 1396 1583 1431 testantur
1603 1396 1639 1430 in
1651 1396 1767 1432 litteris
1780 1397 1820 1431 ad
1833 1392 2078 1433 Constantino-⁴

1185 1447 1290 1490 polim
1301 1455 1413 1480 euntes
1427 1448 1629 1481 Francorum
1647 1446 1793 1492 Legatos
1818 1447 1918 1482 Italiae
1930 1448 2045 1482 Clerus
2057 1471 2070 1487 ,

1185 1498 1218 1530 ὅ(
1229 1494 1405 1529 Facundus
1421 1496 1601 1539 Episcopus
1616 1496 1881 1531 Hermianensis.
1909 1497 2072 1532 Constan-

1186 1544 1414 1586 tinopolitanae
1436 1545 1588 1578 Ecclefiae
1614 1545 1864 1589 chartophylax
1879 1571 1890 1586 ,
1916 1546 2072 1589 &postea

1185 1592 1484 1628 Thessalonicensis
1496 1592 1678 1637 Episcopus
1689 1594 1824 1630 Nicetas
1847 1594 2014 1640 respondit
2028 1607 2074 1630 re-

1187 1642 1267 1675 etius
1278 1642 1319 1674 ad
1333 1641 1477 1675 eandem
1490 1642 1702 1683 quaestionem
1715 1669 1726 1684 ,
1753 1656 1889 1680 ornnem
1908 1646 1941 1679 in
1956 1645 2075 1691 quovis

1187 1691 1402 1724 Sacramento
1425 1690 1629 1725 exastionem
1652 1692 1814 1729 damnans
1836 1694 1876 1728 de
1899 1695 2072 1735 simonia,

1187 1749 1283 1784 atque
1306 1737 1488 1783 adjungens
1513 1753 1524 1773 .·
1550 1742 1582 1772 Si
1606 1746 1672 1784 quis
1690 1750 1788 1777 autem
1811 1743 1946 1784 Ministro
1965 1744 2076 1788 spons?

1186 1788 1291 1831 offerat
1303 1813 1316 1831 ,
1340 1793 1373 1822 in
1381 1787 1522 1832 filatim
1542 1789 1627 1830 fhrte*
1633 1799 1829 1834 paupertatis
1839 1817 1851 1833 ‚
1881 1797 1936 1828 vel
1954 1795 2075 1829 honoris

1186 1838 1274 1884 causa
1288 1864 1299 1881 ,
1325 1839 1377 1873 vel
1384 1844 1417 1872 in
1438 1840 1557 1872 modum
1579 1840 1793 1884 liberalitatis,
1820 1850 1950 1884 accipere
1976 1847 2011 1879 6·
2017 1854 2076 1888 pro

1184 1889 1324 1932 offerente
1344 1897 1418 1923 vota
1421 1889 1527 1932 facere
1546 1900 1604 1923 non
1626 1891 1813 1932 prohibetur.
1846 1892 2012 1929 Permittit
2027 1897 2076 1930 so<

1185 1940 1250 1974 lam
1277 1941 1489 1984 spontaneam
1512 1938 1718 1975 oblationem
1735 1967 1743 1975 .
1770 1942 1906 1977 Eisdem
1927 1943 2076 1980 sordibus

1186 1989 1292 2025 Graeci
1304 1988 1472 2024 maculant
1487 1989 1730 2025 Sacrosanstum
1744 1991 1953 2028 Poenitentiae
1962 1995 2075 2029 Sacra·

1189 2050 1340 2076 mentum
1365 2064 1373 2071 .
1411 2038 1545 2074 Etenim
1590 2051 1734 2084 repertus
1775 2042 2073 2088 Constantinopoli

1187 2090 1274 2135 apud
1287 2089 1398 2124 Patres
1410 2088 1638 2125 Praedieatores
1648 2091 1820 2128 Trastatus
1833 2093 1963 2135 scribit:
1990 2097 2076 2129 Prae-

1186 2145 1259 2175 latio
1270 2141 1429 2175 sacerdotii
1438 2142 1525 2182 apud
1544 2143 1664 2176 Graecos
1687 2143 1808 2177 tantum
1826 2150 1905 2177 inter
1917 2144 2075 2178 Monachos

1188 2192 1239 2236 effi’
1248 2192 1369 2225 videtur
1381 2214 1388 2223 .
1415 2192 1474 2224 soli
1495 2197 1573 2224 enim
1586 2192 1724 2226 Monacbi
1741 2195 1917 2236 potestatem
1935 2193 2076 2237 solvendi

1190 2253 1278 2285 atque
1288 2243 1404 2286 ligandi
1427 2243 1586 2283 exercens,
1614 2253 1681 2285 quae
1694 2246 1783 2277 Petro
1804 2246 1838 2280 Θ
1851 2247 1934 2277 Petri
1941 2243 2075 2289 succeffit-

1190 2293 1274 2327 ribus
1282 2291 1541 2335 principaliter'est
1551 2294 1690 2325 tradita.
1720 2297 1792 2339 ,Qua
1805 2297 1842 2329 de
1851 2293 1937 2337 causa
1942 2295 2076 2335 studium

1185 2342 1332 2387 singulare
1349 2348 1481 2386 pecuniae
1491 2343 1661 2376 Sacerdotes
1672 2349 1707 2377 in
1718 2344 1875 2385 Monastico
1887 2344 1991 2377 habitu
2012 2356 2076 2378 con-

1184 2393 1303 2434 stitutos
1328 2392 1527 2435 compleHitur
1548 2418 1559 2433 ,
1584 2395 1736 2437 multaque
1757 2397 1828 2429 inde
1848 2394 1987 2435 facinora
2005 2403 2076 2438 pro-

1189 2444 1285 2484 fluunt
1298 2467 1309 2484 ,
1327 2451 1360 2476 ut
1370 2441 1548 2486 evanescant
1559 2448 1592 2476 in
1603 2446 1828 2487 cogitationibus
1837 2445 1903 2488 fias
1919 2471 1928 2478 .

1240 2492 1421 2528 Michaelis
1446 2493 1606 2527 Cerularii
1628 2504 1776 2539 tempore
1799 2496 1903 2530 Graeci
1926 2494 2079 2530 Sacerdo4

1191 2551 1239 2578 tes
1264 2543 1380 2578 eodem
1394 2542 1496 2578 modo
1506 2545 1681 2578 trastarunt
1703 2547 1949 2580 Sacramentum
1961 2545 2079 2579 Matri-

1193 2593 1319 2628 monii.
1348 2593 1482 2628 Etenim
1507 2604 1623 2635 aurea‚
1650 2605 1720 2638 quae
1742 2594 1960 2631 aPatriarcha
1973 2596 2078 2629 Nico-

1193 2644 1247 2678 lao
1269 2643 1498 2678 Grammatico
1519 2643 1695 2687 probatum
1718 2644 1937 2679 Coronarium
1961 2655 2076 2679 aurum

1193 2693 1350 2731 firmavit,
1377 2693 1583 2735 Imperatoris
1595 2693 1708 2728 Alexii
1722 2695 1888 2728 Comneni
1908 2692 1992 2728 bulla
2005 2705 2077 2737 pro-

1193 2743 1356 2785 sequitur:
1385 2745 1538 2776 Praeterea
1555 2741 1715 2786 fi’cundum
1735 2743 1919 2778 sanaionem
1941 2748 2076 2785 Impera-

1193 2798 1266 2827 toris
1290 2791 1475 2826 Monomacbi
1484 2792 1629 2834 Maiestas
1651 2805 1717 2828 mea
1734 2793 1864 2835 statuit,
1891 2802 1925 2827 ut
1946 2794 2010 2827 cum
2021 2793 2076 2826 ali-

1191 2849 1243 2886 qui
1248 2842 1372 2886 subjtcli
1384 2847 1530 2876 territorio
1552 2841 1754 2887 cuiuscumque
1776 2849 1902 2890 regionis
1917 2842 2078 2888 Episcopo·

1191 2904 1262 2926 rum
1280 2917 1291 2934 ,
1316 2895 1442 2937 conjugii
1464 2899 1525 2927 ritu
1545 2893 1691 2937 legitimis
1714 2896 1855 2929 uxoribus
1878 2896 2049 2938 junguntur
2063 2917 2076 2933 ,

1191 2949 1319 2986 accipiat
1341 2942 1503 2986 Episcopus
1525 2945 1545 2976 ἃ
1569 2943 1676 2986 Sponsb
1699 2947 1821 2987 quidem
1845 2955 1996 2979 nummum
2022 2955 2077 2977 au-

1191 3005 1274 3027 reum
1284 3004 1375 3028 unum
1388 3017 1400 3034 ‚
1425 2995 1446 3026 ἇ
1458 2992 1571 3036 sponsa
1592 2996 1663 3027 vero
1681 2996 1804 3028 linteum
1817 2993 1954 3028 ulnarum
1965 2994 2075 3028 duode-

1191 3049 1270 3085 cim,
1296 3043 1542 3087 quemadmodum
1559 3041 1711 3086 sancitum
1732 3045 1771 3087 est
1792 3070 1799 3078 .
1827 3046 1871 3079 Et
1884 3045 1916 3078 in
1933 3042 2073 3078 Martini

1193 3092 1295 3128 Crusii
1316 3092 1570 3127 Turco-Graecia
1597 3093 1779 3137 Dionysius
1805 3094 1942 3139 Nauplii
1965 3093 2000 3130 ἀ
2014 3090 2075 3125 ΑΓ-

1192 3154 1309 3189 gorum
1322 3143 1502 3187 Episcopus
1520 3142 1631 3177 scribit
1653 3143 1695 3178 ad
1709 3143 1941 3179 Theodosium
1962 3143 2074 3186 Zygo-

1194 3193 1311 3228 malam
1323 3192 1700 3238 Constantinopolitanae
1712 3194 1863 3229 Ecclesiae
1885 3192 2075 3228 Proto-No-

1194 3244 1311 3279 tarium
1334 3254 1342 3274 τ
1371 3247 1484 3286 Accipio
1520 3244 1556 3277 de
1571 3249 1671 3286 primo
1696 3248 1887 3279 Matrimonio
1924 3244 2072 3277 duodecim

1195 3293 1312 3338 Aspra‚
1337 3292 1508 3334 desectmdo
1530 3299 1645 3338 viginti
1663 3302 1810 3337 quatuor,
1840 3296 1876 3328 de
1890 3298 1975 3328 tertio
1983 3289 2073 3332 sexa-

1191 3350 1296 3389 ginta.
1325 3345 1461 3387 ,Quorum
1476 3345 1630 3377 dimidium
1640 3345 1742 3378 occulte³
1754 3345 1920 3383 Presbyteri
1930 3345 2073 3378 retinent,
2090 3333 2151 3380 Ul?-
2168 3346 2197 3370 4·

306 3388 360 3423 De
370 3386 440 3421 aliis
462 3388 540 3422 item
550 3389 764 3425 Sacramentis
776 3390 986 3429 Alexandr-iz
997 3391 1131 3430 Patriar-
1196 3396 1230 3430 <2¹
1249 3393 1343 3429 multa
1364 3394 1516 3429 mendacia
1530 3402 1708 3436 praetexunt
1730 3421 1737 3429 .
1765 3397 1848 3441 Ergo
1872 3391 1903 3434 fi
1917 3399 2000 3424 omne
2016 3390 2073 3429 jus
2092 3373 2175 3414 51³¹st·
2195 3382 2244 3411 34·

1502 3443 1621 3479 Eee
1671 3456 1694 3483 2
1940 3447 2025 3473 tuum

1172 304 1223 342 qui
1239 307 1295 341 per
1319 302 1464 333 Divinum
1477 302 1650 332 Lavacrum
1668 306 1775 340 pueros
1796 296 2051 339 orthodoxorum,
2067 271 2171 316 Qaest'

2179 275 2224 303 ²8-
