2352 3736
67 777 152 806 Serm.
169 779 194 806 3.

44 2499 105 2529 Lib.
132 2508 159 2534 ς.

42 2549 66 2569 ι’.
90 2552 136 2576 24·

46 3147 105 3179 lib.
132 3154 177 3186 69.

45 3195 110 3226 cap·
133 3199 158 3220 r.

500 141 591 172 DE
661 128 699 171 S.
771 127 1105 172 Leonxs

239 218 370 260 aquira,
396 217 432 250 Β
452 216 498 248 ad
516 212 653 257 absentes
670 212 849 255 perferunt.
879 210 923 244 Et
944 209 1042 243 infra:
1071 210 1125 241 Di-

233 265 371 307 stributto
381 267 416 300 Θ
426 269 660 298 communicatio
666 263 704 305 fit
718 274 813 296 eorum
826 285 835 300 ‚
861 266 894 293 in
905 260 1124 304 qutbusgratiae

232 314 306 358 sunt
316 316 418 355 allae,
444 321 544 358 cuique
559 312 725 357 praesenm
751 310 921 353 absentibus
947 319 1048 344 autem
1069 316 1123 350 per

237 368 386 398 Diaconos
394 370 531 399 mittitur
546 390 553 397 .
582 366 714 400 Morem
728 361 815 395 hunc
827 362 889 394 esse
903 371 973 394 non
996 359 1125 393 dumta-

236 424 293 449 xat
305 416 498 449 Sanctorum
518 414 755 458 Apostolorum
769 436 780 452 ‚
803 411 857 444 sed
876 411 911 444 ὅ(
926 409 1031 453 ipsius
1054 408 1124 443 Do-

235 465 541 505 minutissimum,
571 464 692 503 tradit,
712 462 768 505 qui
791 461 849 497 sub
865 459 1014 494 Heraclii
1026 459 1124 501 impe·

235 515 284 548 rio
297 515 408 550 floruit
421 515 584 560 Georgius
608 510 819 554 Metropolita
843 508 1123 545 Nicomedienfis.

235 565 387 599 Affirmar
401 567 577 608 Deiparam
591 565 712 606 semper
721 559 881 594 adhaefiffe
902 559 1056 594 lateribus
1074 558 1122 591 sui

234 615 336 656 Filii,
364 628 401 649 ac
412 616 537 659 pergit:
565 617 723 654 Deipara,
747 621 796 644 nec
823 622 886 644 cum
900 610 1044 644 celebrata
1048 605 1122 650 sunt

233 665 386 705 mysteria,
411 664 524 705 defuit.
552 667 626 695 Non
636 668 681 696 ita
694 671 728 695 ut
739 661 902 695 recubuerit
926 670 992 694 curn
1012 658 1119 690 duode-

232 721 313 756 cim,
335 714 395 758 scd
409 724 444 747 ut
463 711 596 756 ejusdcm
620 723 685 746 cum
706 718 750 746 eis
771 712 841 745 rech·
847 715 998 752 particeps
1002 706 1119 749 fuerit.

232 763 300 807 Ipse
319 765 462 806 quidem,
488 768 628 805 quoniam
646 761 813 804 festinabat
846 758 1006 802 Dis'ctpulis
1031 756 1121 796 myste-

232 821 280 847 ria
286 814 421 855 praebere
436 837 445 852 ,
469 813 542 855 solos
549 812 648 856 secum
669 813 822 844 duodecim
835 808 913 850 fecit
936 807 1120 848 recumbere,

232 868 362 896 Matrem
382 873 484 896 autem
498 863 572 904 fivtt
597 861 706 895 babere
720 872 822 893 curam
844 860 1026 898 Mulierum,
1052 869 1120 900 quae

230 914 461 953 ministrabant,
487 918 572 944 accis
583 911 724 953 praetsse,
751 907 871 952 ejusque
885 917 974 951 opera
996 921 1047 942 eas
1066 907 1119 951 suo

229 968 367 998 convivio
380 963 496 1002 viciffim
509 967 705 1003 impartivit.
735 960 869 1001 Utique
895 957 1118 992 Eucharistico

230 1013 386 1047 convivio
400 1037 407 1043 .
436 1012 563 1046 Lucide
581 1012 720 1045 affirmat
746 1007 987 1045 Eucharistiam
1006 1009 1024 1042 ὲ
1050 1009 1118 1042 Do-

230 1064 322 1095 mino
348 1063 440 1096 fuisse
470 1063 572 1095 Matri
593 1060 805 1095 transmissam
826 1085 836 1101 ,
863 1060 975 1102 utique
996 1060 1031 1093 in
1055 1059 1119 1102 ple-

229 1123 279 1145 na:
301 1113 560 1147 Communionis
589 1110 785 1153 Symbolum
814 1135 822 1143 .
862 1110 905 1142 Et
937 1109 982 1144 ita
1005 1109 1117 1145 locum

228 1162 328 1196 istum
386 1161 542 1207 intelligit
593 1161 694 1195 etiam
741 1161 930 1198 Franciscus
978 1157 1117 1195 Combe-

234 1214 288 1246 fis.

277 1262 425 1297 Laudata
454 1261 571 1306 Justini
594 1260 689 1295 verba
711 1270 779 1293 non
799 1259 839 1295 de
858 1259 1054 1302 Symbolioo
1075 1258 1116 1293 ad

226 1312 438 1354 subjectarum
464 1311 673 1347 Basilicarum
700 1308 910 1353 Presbyteros
935 1309 1115 1350 fermento,

226 1360 280 1395 fed
306 1363 347 1395 de
375 1361 554 1397 transmissa
580 1361 622 1395 ad
647 1359 794 1395 absentes
820 1359 932 1395 fideles
966 1359 1114 1395 domesti-

225 1423 263 1444 ca
294 1411 495 1446 Eucharistia
521 1411 656 1455 quidam
684 1411 878 1453 intelligunt
908 1423 919 1446 .·
946 1409 987 1443 ad
1008 1409 1115 1444 absen-

227 1472 275 1494 tes
295 1487 305 1502 ,
331 1473 413 1505 quos
440 1462 618 1504 persecutio
643 1469 699 1495 aut
725 1459 814 1495 aliud
841 1460 1114 1503 impedimentum

226 1510 359 1554 publico
396 1512 584 1546 Dominicae
608 1511 675 1546 diei
701 1510 868 1546 Sacrificio
895 1521 964 1542 non
991 1507 1116 1542 sinebat

225 1562 345 1597 adesse.
379 1561 433 1597 De
460 1562 561 1595 hocce
586 1561 680 1595 enim
704 1559 865 1594 sacrificio
901 1558 1011 1602 palam
1045 1557 1114 1600 agit

224 1611 384 1654 justinus,
415 1610 464 1643 At
489 1620 611 1644 certum
639 1609 685 1643 est
711 1607 804 1641 labi.
839 1606 973 1642 Etenim
999 1607 1113 1641 utrius—

222 1670 286 1702 que
322 1660 440 1703 speciei
477 1659 748 1693 transmissionem
787 1657 899 1691 laudat
936 1656 1079 1701 Justinus
1101 1682 1110 1691 .

187 1731 193 1734 -
221 1712 270 1743 At
298 1709 373 1743 vero
400 1709 592 1744 Domestica
621 1709 799 1743 Laicorum
810 1705 1021 1740 Communio
1033 1706 1112 1738 sem-

220 1770 277 1802 per
303 1759 337 1793 &
364 1759 488 1803 ubique
514 1759 577 1792 fuit
597 1758 655 1791 sub
683 1757 751 1792 sola
776 1755 882 1799 specie
893 1755 1002 1800 panis.
1027 1754 1110 1789 Nul-

222 1810 292 1843 lum
307 1833 318 1849 ,
343 1811 400 1853 qui
428 1819 599 1851 utramque
626 1807 764 1851 speciem
789 1805 882 1840 domi
908 1806 1043 1839 servaret
1053 1815 1111 1839 aut

220 1859 383 1899 sumeret,
410 1859 489 1892 novi
515 1858 653 1893 Laicum
677 1881 688 1897 ‚
723 1856 783 1890 nisi
808 1856 1016 1900 Gorgoniam
1042 1856 1109 1889 Na-

220 1909 369 1944 zianzeni
391 1909 545 1952 Gregorii
567 1907 788 1942 Germanam.
810 1905 891 1940 Erat
914 1905 1023 1950 Virgo
1033 1907 1110 1940 San-

222 1959 380 1999 stimma,
406 1957 520 2001 passim
546 1957 701 1997 infirma,
737 1956 846 1990 Sanffi
870 1956 1026 1999 Episcopi
1053 1957 1109 1990 So«

219 2020 299 2049 ror,
336 2009 508 2050 Sanstique
535 2007 691 2050 Episcopi
727 2005 842 2041 Filia:
881 2004 960 2038 hinc
994 2004 1110 2040 habuit

217 2058 380 2102 singulare
404 2057 612 2101 privilegium
632 2082 639 2089 .
666 2056 779 2104 Qare
805 2054 946 2089 omnino
974 2055 1108 2089 suadeor

218 2107 379 2151 Justinum
408 2107 501 2150 loqui
526 2107 568 2141 de
604 2106 788 2141 transmisso
823 2105 865 2139 ad
900 2103 1110 2139 Parochiales

218 2157 434 2202 Presbyteros
460 2158 638 2191 fermento.
668 2155 822 2191 Eundem
848 2156 883 2188 in
911 2155 1036 2188 sensum
1057 2168 1108 2190 ac-

217 2207 307 2250 cipio
333 2207 375 2242 ab
401 2207 536 2242 Eusebii
564 2206 769 2241 Caesareensis
798 2204 1019 2239 Ecclesiastica
1046 2206 1108 2238 Hi-

220 2256 319 2290 storia
345 2257 491 2291 laudatas
517 2257 625 2292 Sanc'ii
654 2256 764 2291 Irenaei
803 2253 1032 2299 Lugdunensis
1067 2255 1108 2289 E-

219 2308 345 2350 piscopi
371 2307 514 2342 Litteras
541 2306 581 2341 ad
618 2307 773 2341 Sanstum
810 2304 1013 2339 Pontificem
1050 2305 1108 2338 Vi-

219 2358 356 2390 &orem.
385 2355 539 2390 Laudant
566 2355 692 2391 varium
719 2355 938 2391 Ecclesiarum
968 2355 1002 2388 in
1029 2353 1108 2391 cele-

219 2404 341 2441 branda
367 2405 517 2441 Paschali
543 2406 733 2442 Festivitate
759 2416 909 2444 morem,
935 2403 1106 2441 &addunt

216 2456 259 2489 de
285 2455 503 2494 anterioribus
524 2456 758 2491 Romanorum
782 2455 954 2498 Episcopis
975 2468 987 2488 :
1026 2458 1108 2488 Licet

217 2503 328 2547 t'pfiboc
341 2506 458 2546 Festum
468 2517 498 2539 eo
509 2508 556 2540 die
570 2531 579 2546 ,
606 2519 661 2548 quo
674 2505 744 2547 Afiae
771 2504 910 2548 Episcopi
933 2516 991 2538 non
1013 2503 1105 2547 obser-

217 2562 323 2589 varint
335 2581 346 2596 ,
373 2556 564 2590 nibilominus
576 2567 677 2590 tamen
689 2568 755 2589 cum
765 2555 885 2596 istarum
907 2559 937 2587 E
941 2554 1101 2596 eclesiarum

1177 125 1780 172 NoNIAcr1s.
1906 124 2002 187 327

1188 214 1406 243 communionis
1417 207 1627 252 Ecclefiaesunt
1637 234 1648 250 ‚
1676 214 1729 242 uni
1741 205 2070 253 Archiepiscoposubdl.

1185 269 1227 292 tae
1237 283 1247 299 ‚
1258 258 1330 301 suus
1341 266 1442 303 cuique
1448 258 1622 302 praepofitus
1632 259 1669 299 est
1676 259 1837 298 *Presbyter
1849 283 1859 298 ,
1869 265 1922 301 qut
1932 259 2071 302 Ecclcfiae-

1180 307 1257 348 βίω
1267 321 1389 343 munera
1400 309 1591 350 administrat
1601 316 1640 343 iis
1652 334 1662 350 ,
1673 314 1725 351 qui
1748 312 1823 342 circa
1837 307 1978 348 Ecclesias
1999 311 2071 343 illas

1186 357 1327 392 habitant
1334 384 1345 400 ,
1358 371 1509 402 eorumque
1521 360 1734 395 Conventicula
1745 358 1783 391 ab
1794 360 2012 392 Alexandrinis
2022 366 2071 394 vi-

1185 413 1210 442 ci
1217 406 1268 450 fi’u
1281 410 1375 443 laurae
1385 412 1474 453 vulgo
1487 417 1679 444 nominantur
1687 434 1695 442 .
1711 410 1832 445 Arium
1843 409 1884 444 de
1893 409 1986 443 devia
1996 420 2073 453 prae-

1185 457 1351 495 dicatione
1361 460 1454 496 fuisse
1464 461 1482 493 a
1493 460 1634 496 Meletio
1646 460 1892 504 Lyeopolitano
1906 460 2069 504 Episcopo
2088 479 2144 510 Lib.
2167 485 2213 511 63.

1185 510 1393 550 accusatum,
1419 511 1453 544 δε
1479 510 1672 544 Alexandro
1710 508 1903 544 Patriarchae
1920 509 2069 545 delatum
2085 531 2147 561 cap,
2169 533 2197 556 4·

1185 559 1293 593 scribit
1311 560 1347 592 in
1370 559 1436 592 alio
1462 560 1561 599 loco,
1586 559 1796 604 &adjungitz
1826 563 1913 592 Arius
1926 561 2068 594 Baucalae

1182 608 1336 651 cujusdam
1345 611 1431 651 apud
1442 611 1656 644 Alexandriam
1670 609 1804 651 Ecclefiae
1816 609 1969 648 Presbyter
1980 620 2046 643 crat
2057 635 2066 644 .

1183 663 1269 693 Nam
1283 665 1435 701 unicuique
1446 663 1477 691 E
1480 658 1578 701 cclcfiae
1593 684 1602 698 ,
1628 671 1694 701 quae
1707 670 1776 693 tunc
1786 662 1889 692 multae
1896 670 1982 693 erant
1994 685 2004 701 ‚
2016 660 2068 694 bo-

1182 710 1231 743 die
1244 711 1316 741 vero
1324 709 1423 750 plures
1431 708 1504 750 sunt
1521 733 1531 748 ,
1555 707 1626 750 suus
1647 709 1867 742 attribuebatur
1892 709 2061 749 Presbyter.

1184 758 1248 792 Uti
1264 757 1374 794 Roma
1386 782 1396 799 ‚
1418 758 1463 793 ita
1473 759 1505 792 δε
1520 757 1718 792 Alexandria
1730 782 1740 797 ,
1764 759 1867 791 divisa
1879 769 1945 792 erat
1956 761 1989 792 in
2000 758 2071 802 plu-

1179 819 1228 841 res
1239 807 1477 851 Presbyterales
1504 807 1637 842 titulos.
1666 808 1711 842 Et
1731 807 1864 850 quidem
1887 808 1985 842 Arius
2005 809 2068 844 Pa-.

1151 880 1153 882 -
1181 857 1329 894 triarchae
1351 859 1410 893 suo
1429 859 1492 893 fuit
1504 858 1590 894 adeo
1601 857 1727 892 rebellis
1748 858 1783 891 &
1801 868 2005 897 contumax,
2030 869 2068 893 ut

1178 919 1265 952 opus
1282 909 1380 943 fuerit
1403 907 1508 946 hocce
1529 920 1584 953 per
1605 910 1772 944 Socratem
1792 907 2067 943 &Zozornenum
2106 945 2111 951 ,

1160 956 1283 1024 {relato
1305 960 1471 994 remedio:
1500 961 1694 993 Alexandria:
1715 971 1774 992 non
1784 963 1968 991 concionatur
1981 946 2112 1015 Fufi}¹

1178 1008 1259 1046 byter
1278 1034 1286 1042 .
1324 1011 1389 1052 ,Qui
1413 1022 1475 1043 mos
1496 1021 1527 1043 co
1548 1019 1681 1052 tempore
1704 1015 1822 1044 initium
1842 1008 1948 1042 babuit
1970 1033 1982 1049 ,
2009 1021 2067 1052 quo
2099 1006 2106 1013 ”

1179 1062 1267 1093 Arius
1287 1058 1449 1101 Ecclesiam
1466 1061 1661 1102 perturbavit
1673 1084 1680 1091 .
1709 1059 1813 1108 Qod
1825 1068 1920 1093 antea
1930 1061 2065 1094 concio-

1180 1109 1247 1144 nati
1268 1109 1389 1145 fuerint
1407 1109 1594 1152 Presbyteri
1616 1133 1626 1148 ,
1652 1108 1748 1143 docet
1773 1109 1900 1144 Pierius
1921 1109 2064 1152 ejusdem

1180 1159 1324 1194 Ecclesia:
1336 1160 1530 1205 Presbyter,
1558 1171 1655 1201 quem
1680 1159 1737 1193 sub
1757 1159 1903 1193 Theona
1926 1160 2068 1194 Patriar-
2079 1177 2151 1215 Cap,
2166 1181 2216 1212 76·

1177 1208 1237 1246 cha
1260 1210 1353 1244 fuisse
1375 1210 1636 1245 florentissimum
1657 1209 1938 1244 concionatorem
1953 1209 2063 1243 scribit

1178 1260 1212 1292 in
1231 1259 1410 1295 Illustrium
1430 1260 1587 1294 Virorum
1610 1260 1773 1304 Catalogo
1797 1259 1931 1294 Sandius
1943 1261 2063 1293 Hiero-

1179 1321 1298 1353 nymus
1322 1335 1329 1342 .
1365 1311 1491 1344 Eadem
1517 1309 1786 1354 Presbyterorum
1812 1311 2023 1344 contumacia
2044 1335 2056 1351 ‚

1177 1371 1232 1393 aut
1254 1360 1369 1394 similis
1380 1362 1595 1398 contumaciae
1607 1361 1749 1404 pericula
1773 1360 1892 1404 poffint
1911 1360 2004 1394 fuisse
2024 1361 2061 1393 in

1176 1410 1248 1444 aliis
1266 1411 1368 1444 etiam
1388 1411 1537 1446 Ecclefiis
1560 1435 1568 1442 .
1607 1411 1652 1444 Et
1678 1410 1764 1446 istud
1784 1410 1968 1446 remedium
1992 1420 2061 1445 erat

1175 1459 1315 1498 durum,
1342 1471 1381 1493 ac
1402 1459 1578 1502 subjectum
1601 1460 1844 1494 incommodis.
1871 1460 1963 1494 Hinc
1976 1460 2063 1494 Mel—

1174 1506 1306 1543 chiades
1329 1510 1398 1542 istis
1431 1510 1486 1543 seu
1511 1510 1606 1542 malis
1626 1510 1679 1543 seu
1716 1509 1866 1552 periculis
1893 1521 2062 1544 occurrere

1175 1558 1291 1590 maluit
1314 1568 1369 1600 per
1393 1558 1557 1595 firmatum
1569 1570 1623 1592 aut
1635 1558 1819 1592 restitutum
1829 1570 1955 1593 morem
1969 1560 2064 1601 Sym-

1175 1607 1274 1641 bolici
1314 1608 1484 1643 fermenti.
1513 1609 1592 1643 Erat
1612 1606 1778 1642 medicina
1800 1609 1918 1643 efficax
1935 1634 1942 1641 .
1971 1609 2063 1644 Nam

1172 1656 1239 1690 fine
1259 1656 1319 1690 illo
1351 1656 1553 1691 parochialis
1576 1657 1750 1701 Presbyter
1782 1671 1843 1694 nec
1869 1659 2063 1694 concionari

1173 1714 1298 1748 poterat
1319 1706 1378 1740 ista
1401 1707 1606 1747 Dominica‚
1634 1718 1695 1745 nee
1723 1708 1842 1744 offerre
1858 1733 1869 1749 ‚
1898 1720 1960 1742 nec
1980 1709 2063 1744 cele-

1172 1755 1260 1790 brare
1272 1755 1471 1794 Collec'tam.
1505 1758 1584 1791 Erat
1595 1757 1682 1799 quasi
1695 1756 1736 1792 ab
1745 1758 1857 1792 officio
1869 1759 2036 1802 suspensus
2050 1785 2059 1792 .

1170 1807 1259 1840 Dico
1275 1831 1286 1847 ,
1311 1806 1365 1847 ista
1385 1810 1540 1841 Domintca
1553 1832 1565 1847 ,
1591 1806 1800 1843 Melchiades
1822 1808 1913 1844 enim
1933 1809 2061 1844 videtur

1167 1857 1302 1902 prosola
1315 1856 1373 1891 ista
1385 1858 1439 1892 die
1463 1857 1680 1901 suspendisse.
1710 1857 1808 1892 Hinc
1826 1858 1917 1892 enirn
1930 1882 1941 1898 ‚
1967 1858 2059 1903 quod

1167 1906 1284 1941 morbo
1297 1917 1353 1942 aut
1364 1908 1506 1951 periculo
1518 1908 1557 1940 sic
1570 1919 1640 1941 non
1652 1908 1732 1942 esset
1744 1908 1820 1942 satis
1832 1918 1965 1942 cautum
1976 1912 1986 1948 ',
2012 1910 2060 1943 Si-

1166 1956 1264 1990 ricius
1288 1968 1343 2001 per
1366 1968 1473 1994 totam
1501 1957 1749 2000 subsequentem
1772 1958 1988 2002 septimanam
2010 1961 2058 1996 su-

1167 2006 1293 2051 spendit
1301 2006 1319 2041 a
1329 2006 1436 2043 Missis
1446 2007 1669 2043 celebrandis.

1216 2057 1391 2102 Insigniter
1411 2056 1481 2092 haec
1502 2057 1667 2093 illustrant
1691 2058 1725 2091 in
1747 2056 1904 2092 exhibitis
1929 2069 2056 2103 magno

1166 2104 1358 2149 Imperatori
1370 2105 1564 2144 Theodosio
1576 2106 1721 2150 precibus
1733 2108 1908 2142 Faustinus
1921 2110 1955 2142 <Sc
1968 2109 2057 2144 Mar.

1166 2157 1322 2197 celsinus,
1349 2157 1510 2193 Romanae
1531 2157 1678 2192 Ecclefiae
1697 2156 1897 2192 schismatici
1921 2158 2057 2202 Presby-

1167 2206 1247 2246 teri,
1273 2217 1410 2251 agentes
1430 2208 1472 2241 de
1484 2207 1724 2251 persecutione,
1750 2219 1851 2252 quam
1878 2209 2056 2244 Luciferia-

1167 2267 1212 2289 nae
1232 2256 1366 2290 fastioni
1387 2258 1497 2292 movit
1516 2259 1651 2294 Sanetus
1675 2257 1764 2301 Papa
1786 2259 1967 2293 Damasus:
1993 2261 2054 2292 Eo-

1163 2308 1231 2339 dem
1265 2315 1392 2349 tempore
1417 2313 1530 2352 gravis
1559 2308 1727 2342 adversum
1759 2307 1866 2348 nostros
1890 2307 2054 2351 perfhcutio

1149 2355 1371 2398 ‘inhorruerat2
1396 2357 1555 2399 infestante
1580 2356 1712 2400 Damaso
1732 2364 1843 2402 egregio
1857 2358 2056 2403 Arcbie‘pisco-

1147 2381 1218 2449 ipo,
1246 2413 1294 2440 ita
1317 2417 1350 2440 ut
1371 2407 1512 2449 fidelibus
1525 2408 1733 2441 Sacerdotibus
1742 2417 1796 2450 per
1806 2409 1870 2443 dies
1877 2407 1977 2452 sacros
1988 2410 2054 2452 ple-

1145 2447 1150 2495 Ι
1161 2456 1208 2490 bis
1218 2466 1312 2490 caetus
1322 2458 1368 2491 ad
1375 2456 1599 2503 deserviendum
1612 2458 1727 2499 cbristo
1741 2462 1802 2493 Deo
1812 2470 1969 2494 convocare
1979 2460 2053 2493 libe-

1161 2508 1194 2540 re
1206 2519 1264 2540 non
1275 2509 1374 2542 liceret
1384 2533 1390 2540 .
1422 2509 1484 2542 Sed
1491 2514 1565 2550 quia
1570 2517 1628 2550 pro
1637 2510 1803 2543 conditione
1813 2520 1913 2543 rerum
1923 2509 2052 2552 quolibet

1162 2566 1288 2598 tempore
1301 2581 1312 2597 ,
1338 2559 1391 2592 vel
1398 2559 1476 2590 clam
1489 2557 1591 2598 nostrae
1606 2557 1715 2600 salutis
1726 2561 1919 2593 Sacramenta
1931 2559 2049 2600 facien-

218 2605 371 2648 Episcopis
382 2605 465 2649 adse
475 2607 676 2640 accedentibus
684 2615 788 2648 pacem
801 2607 834 2640 (τ
846 2606 1027 2639 concordiam
1033 2613 1102 2646 per·
1146 2603 1148 2627 ⁴
1162 2608 1203 2640 da
1210 2605 1284 2649 sunt
1294 2630 1304 2645 ‚
1324 2606 1451 2650 sandius
1466 2608 1620 2647 Presbyter
1631 2612 1780 2642 Macarius
1792 2610 1847 2643 dat
1869 2609 1992 2653 vigilias
2014 2616 2062 2654 tn¹

214 2657 303 2695 petuo
338 2665 493 2690 tenuerunt
516 2681 527 2697 ,
553 2658 587 2690 Cu·
609 2657 668 2689 illis
692 2656 911 2696 Eucharistiam
933 2655 1076 2699 miserunt
1090 2681 1098 2690 .

217 2701 322 2750 Qod
345 2704 459 2748 nempe
468 2717 542 2740 ante
554 2717 723 2749 acceptum
737 2706 820 2740 istud
833 2706 1102 2741 Communionis

218 2753 414 2797 Symbolum
440 2765 501 2788 nec
522 2766 597 2788 cum
620 2756 784 2791 Pontifice
806 2754 978 2799 procedere
998 2757 1034 2789 in
1042 2755 1103 2799 pri-

217 2803 319 2837 maria
346 2803 504 2837 Romanae
523 2804 668 2838 Ecclesiae
690 2806 888 2849 Apparitura
912 2806 1103 2849 poffentad-

218 2864 306 2886 venae
325 2854 513 2887 Graecorum
539 2854 690 2897 Episcopi
706 2879 716 2894 ‚
739 2866 799 2888 nec
820 2855 1100 2900 inaffignatissibi

218 2903 363 2937 Basilicis
385 2903 510 2938 Divina
532 2902 691 2937 celebrare
712 2929 718 2935 .
754 2904 884 2946 Nempe
919 2906 972 2938 lex
994 2930 1005 2944 ‚
1030 2918 1101 2948 quae

219 2952 408 2987 Cardinales
430 2952 663 2995 presbyteros,
686 2954 785 2989 etiam
809 2954 946 2989 advenas
969 2955 1102 2998 Episco-

220 3014 278 3046 pos
296 3003 537 3048 obstringebar.

268 3054 367 3087 Hane
380 3051 459 3098 ergo
471 3054 623 3087 fermenti
636 3052 905 3087 transmissionem
918 3053 1005 3096 Papa
1016 3054 1100 3090 Mel-

217 3100 349 3136 chiades
362 3104 566 3146 nequaquam
591 3102 751 3143 instituit,
778 3104 830 3137 sed
858 3103 1023 3137 labentem
1044 3116 1099 3139 aut

218 3152 337 3195 lapsam
364 3152 519 3187 stabilivit
538 3154 711 3188 dumtaxat
731 3163 787 3188 aut
820 3154 982 3191 revocavit
1001 3177 1008 3185 .
1046 3154 1099 3189 De

219 3202 445 3236 Alexandrina
467 3203 609 3237 Ecclesia
629 3216 665 3237 ac
686 3203 753 3246 ejus
787 3202 984 3246 Presbytero
1014 3202 1098 3239 Ario

217 3251 326 3285 scribit
348 3249 481 3286 sanans
494 3252 717 3296 Epiphanius:
746 3256 865 3286 Ferunt
885 3257 988 3287 Arium
997 3265 1034 3286 cx
1049 3257 1098 3294 Ly-

217 3301 268 3334 bia
278 3302 435 3335 oriundum
449 3303 641 3337 Alexandria·
666 3303 871 3341 Presbyterum
894 3303 944 3345 effi’
955 3302 1098 3345 fabium,

218 3358 342 3393 quitum
354 3352 547 3395 Baucalenfis
557 3351 707 3395 cujusdam
731 3352 862 3394 Eccleſsae
883 3352 1098 3393 Praefec‘luram

213 3402 337 3445 gerebat
359 3429 365 3435 .
405 3406 528 3436 Etenim
551 3412 688 3446 quotquot
721 3404 913 3439 Alexandria
937 3402 1100 3440 catholica

1162 2658 1295 2699 quadam
1308 2659 1392 2690 domo
1401 2669 1560 2691 convocare
1573 2662 1813 2693 Fraternitatem
1822 2682 1834 2700 ‚
1859 2668 1893 2692 ut
1904 2661 1955 2692 vel
1963 2660 2048 2692 noc¹lu

1162 2708 1278 2740 divinis
1290 2707 1458 2743 lechonibus
1467 2708 1558 2750 fidem
1564 2708 1651 2749 plebs
1669 2707 1778 2752 sanEa
1795 2709 1940 2742 roboraret
1952 2731 1959 2739 .
1982 2709 2050 2742 vSed

1146 2754 1307 2793 [Diabolus
1330 2762 1382 2799 qui
1396 2756 1490 2800 favet
1506 2763 1615 2798 >imptis
1636 2782 1647 2798 ,
1685 2765 1757 2800 quia
1779 2759 1814 2792 <5
1833 2762 1917 2799 impii
1929 2757 2048 2799 favent

1144 2798 1306 2852 {Diabolffi
1333 2818 1383 2840 nec
1406 2813 1438 2840 in
1463 2809 1568 2841 occulto
1586 2813 1704 2849 patitur
1728 2810 1843 2843 Divina
1857 2810 2049 2843 sacramenta

1145 2857 1304 2898 ¹celebrari
1319 2882 1326 2889 .
1353 2861 1487 2900 Denique
1504 2858 1630 2890 tendunt
1656 2857 1778 2900 infidias
1803 2860 1909 2892 Clerici
1935 2860 2048 2892 Dama-

1144 2915 1146 2929 2
1155 2907 1200 2948 fi,
1226 2909 1260 2941 (9
1281 2907 1331 2940 ubi
1354 2918 1549 2951 cognoverunt
1568 2908 1649 2950 quod
1665 2907 1769 2951 sacras
1781 2909 1906 2951 Vigilias
1918 2909 2046 2946 celebrat

1161 2968 1226 2990 cum
1232 2957 1318 2998 plebe
1338 2957 1489 2998 Presbyter
1501 2962 1651 2991 Macarius
1666 2982 1677 2998 ,
1701 2963 1818 2992 irruunt
1826 2970 1891 2998 cum
1913 2959 2047 3001 Officiallf

1162 3007 1214 3040 bus
1227 3013 1259 3038 in
1269 3006 1353 3046 istam
1365 3009 1481 3039 domum
1490 3033 1499 3047 ‚
1526 3008 1683 3050 &plebem
1694 3009 1832 3050 diffipant
1841 3019 1899 3041 non
1921 3008 2045 3051 resisten-

1162 3067 1221 3091 tem
1238 3079 1248 3094 ,
1285 3055 1438 3099 ipsumque
1462 3057 1665 3097 Presbyterum
1686 3057 1927 3102 comprehensum
1946 3083 1958 3101 ,
1984 3071 2043 3095 non

1155 3110 1225 3149 jam
1237 3107 1342 3139 ducere
1352 3107 1515 3151 dignantur
1529 3131 1539 3147 ,
1561 3106 1620 3150 sed
1621 3115 1676 3148 per
1679 3106 1774 3149 filices
1785 3107 1911 3143 trahunt
1919 3133 1935 3150 ,,
1954 3114 2000 3144 lta
2007 3118 2043 3143 ut

1161 3163 1193 3189 in
1203 3168 1277 3189 coxa
1286 3157 1349 3195 eius
1355 3155 1548 3199 pernitiosum
1561 3158 1671 3192 vulnus
1683 3157 1780 3200 fieret.
1808 3163 1902 3201 Atque
1911 3159 1970 3193 alto
1991 3161 2043 3196 die

1154 3206 1255 3248 sistunt
1263 3217 1330 3239 eum
1340 3214 1411 3239 ante
1423 3208 1552 3243 Iudicem
1567 3231 1578 3248 ‚
1603 3217 1637 3241 ut
1658 3214 1761 3254 magni
1782 3214 1916 3242 criminis
1938 3221 2044 3246 reum.

1163 3263 1220 3292 cui
1231 3257 1349 3298 quidem
1361 3257 1456 3291 Iudex
1476 3259 1570 3290 veluti
1589 3256 1643 3302 sub
1661 3260 1814 3300 Imperial}
1834 3257 1987 3302 Rescripta
2007 3261 2041 3295 <Y

1160 3313 1249 3339 minis
1260 3315 1428 3349 extorquere
1450 3309 1619 3349 contendit,
1646 3317 1680 3342 ut
1701 3320 1767 3342 cum
1789 3308 1922 3353 Damaso
1940 3318 2042 3343 conve-

1161 3361 1224 3388 niat
1234 3381 1240 3388 .
1255 3354 1409 3390 Veritatis
1421 3357 1539 3392 limites
1548 3358 1676 3394 excedit
1682 3357 1749 3393 haec
1761 3356 1961 3394 schismatica
1970 3366 2041 3392 nar.-

1159 3407 1242 3444 ratio
1254 3431 1264 3439 .
1291 3406 1425 3442 Interim
1437 3418 1496 3444 nos
1504 3407 1602 3444 docet
1612 3409 1808 3447 severitatem
1820 3433 1833 3451 ‚
1842 3420 1907 3453 qua
1916 3408 2042 3462 Κοζῐιι·ι

1951 3467 1989 3490 ru

2115 943 2141 974 b.
2166 953 2192 980 5.
