2352 3736
672 102 711 145 S.

245 188 401 223 monstrat
413 188 448 222 in
464 188 582 232 quinto
594 187 855 222 Monasticarum
878 186 1128 222 Institutionum

246 237 347 272 Libro
359 238 500 282 Joannes
512 239 696 273 Caffianus.

295 289 337 321 Et
350 300 519 332 promotos
532 290 565 322 in
579 290 716 324 Clerum
729 312 739 327 ‚
754 288 922 331 ipsumque
937 287 1037 320 etiam
1054 284 1131 327 Epi-

511 117 598 147 ΒΕ
785 101 1119 145 LEONIS

243 339 408 380 scopatum
421 339 610 373 Monachus
622 339 712 373 fuiffe
723 336 800 371 huic
813 338 844 371 di
854 337 996 379 sciplinae
1007 337 1130 379 semper

243 388 408 422 adstridtos
419 389 644 423 demonstrant
658 391 687 423 S.
701 388 808 421 Bafilii
832 387 873 420 ad
896 387 1130 430 Imperatorem

244 439 409 481 Julianum
432 439 567 473 laudata:
581 437 754 482 Epistolae,
781 438 855 471 &S-
881 435 1050 479 Eutychio
1075 446 1131 479 per

245 488 475 531 Imperatorem
507 488 726 532 Iustinianum
761 487 885 521 inflicta
919 485 1130 531 degradatio⁴

244 539 330 572 Inter
342 541 464 583 primos
477 538 724 573 Monachorum
745 537 786 571 ad
814 537 1042 580 Episcopalem
1066 534 1131 576 api-

243 600 315 622 cem
329 592 488 623 evedores
498 590 560 622 fuit
573 599 712 632 magnus
725 587 922 621 Athanasius
945 583 1129 620 patriarcha

243 639 506 672 Alexandrinus.
532 638 714 672 Firmando
726 636 874 671 adversus
887 636 1043 670 Arianam
1066 643 1130 667 tur-

243 687 424 723 bulentiam
437 691 523 722 resto
536 686 685 732 dogmati
697 689 837 731 aptiores
849 686 971 731 pugiles
995 684 1076 717 vidit
1095 696 1130 717 ae-

242 737 300 782 gre
309 738 525 782 reperiendos.
548 739 615 772 Eos
626 739 711 772 inter
726 739 788 771 fuit
801 735 999 771 Dracontius
1010 733 1129 769 Mona-

242 788 341 821 chus.
367 786 492 823 Verum
507 787 560 821 hic
574 788 801 831 Episcopatum
818 785 984 827 nunquam
996 785 1129 827 suscipe·

240 847 276 871 re
297 836 476 879 juraverat:
516 839 619 885 Qod
650 848 726 870 cum
750 833 1076 877 Monasticojejunio
1096 835 1129 868 &

241 889 457 931 temperantia
469 890 611 922 censeret
622 885 850 930 Episcopalem
873 884 1129 928 hospitalitatem

242 949 312 972 non
335 939 422 980 posse
445 935 605 970 cohaerere
619 961 627 968 .
655 936 700 972 Et
719 935 852 979 quidem
871 933 1027 978 ejusmodi
1044 935 1130 978 jura-

241 997 392 1020 mentum
404 987 467 1020 effe
480 985 627 1020 validum
640 985 802 1020 docebant
816 995 898 1020 tunc
922 985 1027 1029 plures
1040 1009 1051 1025 ,
1084 985 1130 1028 ip·

242 1038 414 1079 forumque
435 1037 629 1069 sententiam
653 1036 795 1078 sequitur
817 1037 851 1070 in
874 1034 1055 1069 Canonicis
1087 1034 1127 1068 ad

243 1086 398 1119 Sanctum
410 1085 683 1129 Amphilochium
697 1086 811 1121 litteris
823 1096 962 1130 magnus
975 1085 1127 1119 Basilius.

243 1134 439 1171 Athanasius
477 1138 677 1170 contrarium
711 1137 836 1170 censuit
860 1159 871 1175 ,
910 1136 1127 1170 Dracontium

244 1186 405 1229 compulit
418 1186 615 1229 Episcopum
639 1186 727 1226 fieri,
766 1186 799 1218 δε
821 1184 987 1228 adjunxit:
1017 1184 1128 1218 Licebit

244 1236 301 1268 tibi
311 1241 343 1268 in
355 1234 533 1278 Episcopatu
544 1234 697 1278 esurire&
714 1234 815 1276 sitire,
836 1235 909 1277 ficut
934 1236 1041 1268 Paulo.
1070 1238 1126 1267 'Li-

243 1286 318 1319 cebit
340 1288 374 1320 (9⁹
392 1292 499 1318 vinum
518 1297 575 1318 non
598 1285 718 1326 bibere,
750 1285 823 1328 ficut
844 1285 1014 1318 Timotheus
1033 1284 1125 1326 fecit.

239 1338 285 1369 Et
299 1338 459 1376 jejumare
474 1336 672 1378 frequenter,
699 1346 732 1369 ut
757 1336 870 1369 Paulus
897 1334 1011 1378 solebat
1025 1359 1032 1366 .
1076 1338 1127 1367 Ne

238 1391 328 1429 igitur
340 1387 415 1418 talia
426 1385 568 1426 objiciant
590 1392 636 1419 tui
659 1385 828 1426 Consiliarii
840 1410 847 1418 .
875 1389 1028 1419 Novimus
1049 1391 1128 1418 enim

238 1433 436 1477 &Epifhopos
453 1438 665 1476 jeiuniantes,
686 1438 721 1470 Θ·
742 1435 898 1469 Monacbos
923 1437 1104 1469 comedentes
1121 1459 1127 1464 .

240 1490 390 1518 Novimus
401 1484 560 1530 Episcopos
573 1498 631 1519 non
654 1486 788 1520 bibentes
813 1492 938 1524 vinum,
966 1487 1000 1519 Θ·
1025 1488 1126 1515 Mona-

66 939 223 977 C-10.17.

238 1535 304 1568 thos
315 1536 466 1570 bibentes.
497 1535 540 1569 Et
551 1547 593 1570 ex
617 1536 703 1570 hisce
727 1535 962 1579 quaestionibus
987 1532 1129 1566 manasse

237 1585 337 1621 credo
359 1587 531 1629 antiquum
553 1585 735 1618 Orientalis
759 1583 908 1617 Ecclefiae
930 1582 1126 1621 Canonem,

237 1635 295 1677 qui
319 1635 420 1669 Clero
443 1646 480 1668 ac
501 1633 558 1676 ipsi
583 1633 683 1667 etiam
709 1632 925 1676 Episcopatui
954 1632 1127 1665 admotum

235 1683 446 1718 Monachum
457 1682 632 1728 adstringit
645 1682 686 1716 ad
697 1681 903 1715 retinendum
918 1681 1059 1723 profeffae
1069 1677 1128 1711 hu-

235 1734 385 1768 militatis
397 1733 549 1767 habitum
563 1756 574 1772 ,
599 1731 713 1766 cibum
727 1756 738 1771 ‚
765 1740 904 1774 potum,
932 1739 1068 1763 omnem
1082 1727 1130 1761 di·

236 1784 426 1826 sciplinam.
468 1781 622 1816 Eundem
642 1780 814 1815 Canonem
839 1781 1000 1819 innovat,
1025 1779 1058 1812 &
1077 1778 1129 1810 fir·

235 1844 302 1867 mat
324 1834 357 1866 in
371 1832 501 1867 novella
517 1832 558 1865 ad
571 1830 798 1874 Epiphaniam
822 1827 1128 1871 Constantinopoli-

234 1893 350 1917 tanum
362 1881 682 1925 PatriarchamLege
708 1880 886 1923 Imperator
909 1879 1128 1920 Iustinianus.

61 1935 207 1971 Leg.5.c.8
229 1936 262 1966 51·
288 1939 354 1975 quis
382 1931 585 1965 Monachicam
634 1929 846 1972 profitentium
879 1926 1129 1971 conversationem

232 1987 342 2017 meruit
380 1983 485 2015 Clerici
524 1982 746 2015 ordinationem
764 2004 776 2020 ‚
811 1987 931 2014 maneat
970 1983 1060 2012 etiam
1091 1976 1130 2017 fic

235 2041 352 2075 puram
386 2030 520 2074 servans
559 2028 812 2073 conversationem
833 2054 840 2061 .
878 2028 972 2072 ,Quod
998 2025 1028 2068 fi
1051 2027 1131 2069 facit·

241 2084 348 2114 Clerici
373 2081 539 2113 abutantur
569 2080 679 2122 fiducia
705 2104 717 2121 ‚
753 2079 788 2112 <tr
812 2080 858 2111 ad
882 2084 1004 2120 nuptias
1029 2081 1131 2110 venire

235 2129 425 2174 praesumant
448 2143 455 2164 :
486 2132 607 2174 ‚Quippe
634 2139 667 2162 m
693 2130 749 2162 tait
769 2130 871 2172 gradu
895 2128 1066 2169 constitutus
1089 2133 1130 2160 in-

238 2191 284 2215 ter
310 2182 438 2214 ciericos
459 2205 470 2220 ‚
507 2186 557 2222 qui
592 2186 618 2214 ei
655 2191 776 2212 uxorem
812 2180 915 2212 ducere
945 2183 1107 2220 permittat

229 2230 417 2266 'caaludatur
451 2230 584 2263 omnibus
623 2230 717 2262 modis
754 2231 775 2261 ᾶ
810 2230 894 2261 ciero
917 2252 928 2268 ,
974 2230 1130 2270 tamquam

234 2287 367 2324 priorem
403 2279 652 2323 conversationem
678 2281 712 2314 (²1
744 2277 912 2322 solitariam
949 2278 1130 2319 confundens

239 2337 340 2365 vitam
379 2357 387 2364 .
424 2330 492 2364 Uti
520 2329 619 2364 hodie
644 2330 686 2363 ad
713 2329 944 2373 Epifiopatum
975 2352 986 2368 ,
1013 2329 1058 2363 ita
1094 2340 1128 2362 0-

240 2382 298 2414 lim
325 2381 365 2415 ad
393 2380 681 2423 Presbyteratum,
719 2390 756 2412 ac
782 2379 1006 2413 Diaconatum
1023 2404 1034 2419 ,
1061 2377 1129 2412 imo

240 2434 274 2466 Bc
319 2430 360 2464 ad
397 2431 604 2465 Lestoratum
650 2427 889 2464 assumebantur
924 2426 1086 2463 Monachi

237 2482 411 2524 omnisque
457 2481 514 2515 illa
556 2481 680 2515 evectio
726 2480 871 2514 solvebat
918 2490 955 2513 ac
987 2479 1130 2513 emanci-

238 2529 335 2574 pabat
371 2530 599 2565 Monasticum
633 2531 770 2575 jugum.
799 2530 894 2564 Hinc
931 2530 1062 2572 quidam
1090 2529 1129 2564 ad

241 2580 384 2615 minores
421 2581 539 2626 gradus
574 2581 724 2624 assumpti
738 2580 912 2614 censebant
936 2579 995 2613 fibi
1017 2579 1130 2613 revivi-

243 2630 326 2662 scere
337 2630 427 2664 istius
441 2632 487 2664 sui
498 2630 617 2675 gradus
641 2631 808 2665 licentiam
822 2656 832 2671 ‚
859 2629 998 2673 ideoque
1020 2631 1053 2664 &
1073 2629 1128 2663 du-

244 2677 361 2711 cebant
383 2679 537 2713 Uxores.
562 2678 759 2714 Adversum
783 2680 880 2714 hosce
898 2680 984 2713 solos
1002 2682 1127 2714 avitum

249 2728 424 2767 Canonem
449 2728 586 2762 innovat
613 2729 815 2772 Justinianus
837 2743 849 2763 .·
883 2730 988 2777 Qod
1012 2729 1127 2773 nempe

248 2777 444 2820 Episcopi&
455 2777 562 2821 quivis
572 2776 590 2810 ὲ
600 2778 777 2814 Monachis
788 2780 925 2823 majores
948 2779 1066 2814 Clerici
1092 2779 1127 2812 il-

248 2827 317 2861 lum
333 2826 462 2872 integre
472 2826 692 2861 custodirent.
720 2828 769 2862 Ita
787 2829 828 2864 de
855 2828 1033 2872 Aphronio
1054 2831 1122 2873 post

244 2876 454 2911 Monachum
501 2877 665 2921 Episcopo
713 2877 821 2911 scribit
869 2880 903 2911 in
941 2879 1123 2914 Monastica

247 2925 381 2961 historia
395 2926 650 2961 Theodoretus:
679 2926 898 2968 Aphroniusnec
917 2929 1044 2969 pallium
1064 2941 1123 2963 mu-

248 2984 332 3011 tavit
341 2976 502 3019 adstricum
515 3001 525 3017 ,
552 2988 603 3009 nec
613 2979 770 3010 tunicam&
787 2985 946 3019 caprarum
964 2980 1037 3019 pilis
1062 2991 1125 3013 con-

249 3035 387 3067 textam,
413 3025 657 3069 cibisqueeisdem
667 3025 737 3070 usus
749 3026 806 3067 est,
844 3026 947 3069 quibus
957 3030 1028 3061 ante*
1050 3032 1124 3071 Epi·

200 3114 201 3117 Ἴ
245 3075 598 3120 ftopatumvescebatur.
627 3077 669 3109 Et
680 3077 721 3110 de
748 3077 906 3111 Helladio
918 3077 1069 3112 Tarsensi
1090 3081 1123 3113 in

71 3108 144 3148 0¹³·
166 3120 211 3148 ¹7·
250 3126 353 3169 prima
364 3127 481 3161 Cilicia
493 3127 561 3170 post
581 3125 791 3161 Monachum
813 3126 1028 3170 Metropolita
1051 3129 1123 3171 Epi-

67 2955 139 2991 Cap.
158 2962 185 2988 ς.

249 3177 350 3218 scopo
373 3188 384 3208 .·
411 3177 571 3216 Prist'inam
594 3188 650 3209 non
671 3175 795 3221 deseruit
818 3175 1049 3219 Philosophiam,
1075 3177 1126 3220 sed

247 3225 398 3260 laboribus
410 3226 471 3258 illis
483 3229 571 3260 Ponti
570 3226 669 3269 ficales
681 3238 790 3270 quoque
796 3225 919 3268 sudores
929 3228 1054 3267 adjecit.
1077 3229 1120 3262 Et

247 3276 289 3309 de
309 3273 499 3308 Abrahamo
516 3277 688 3311 Carrarum
714 3278 748 3311 in
781 3276 1022 3319 Mesopotamia
1053 3278 1122 3320 post

248 3323 452 3358 Monachum
467 3326 627 3368 Episcopo
641 3340 652 3359 .-
679 3327 873 3360 Admirabilis
882 3326 932 3366 tste
944 3332 994 3359 vir
1006 3338 1056 3360 nec
1069 3335 1122 3370 pa-

248 3384 314 3408 nem
334 3373 531 3422 Episcopatus
548 3384 676 3420 tempore
695 3377 829 3421 gustavit
846 3401 859 3420 ‚
888 3388 938 3411 nec
958 3378 1105 3421 legumina
1117 3401 1126 3417 ‚

1140 187 1145 214 i

1189 97 1424 145 NON1
1493 101 1799 147 Acras·

1910 109 2003 162 365

1196 195 1247 217 nec
1256 186 1335 217 olera
1344 188 1407 228 igni
1416 183 1495 218 cava
1507 208 1518 224 ,
1544 195 1594 218 nec
1607 180 1722 226 'aquam
1732 209 1742 225 ,
1764 182 1822 227 sed
1838 183 1968 217 lailucas
1981 207 1992 223 ‚
2020 186 2065 220 ina*

1194 234 1259 272 tyba
1272 259 1282 274 ‚
1299 241 1371 276 apia
1382 259 1392 274 ,
1419 235 1453 268 ὠ*
1466 232 1632 278 hujusmodi
1643 236 1706 268 alia
1717 234 1773 267 cibi
1782 246 1816 267 ac
1822 242 1911 276 potus
1930 236 1986 268 loco
2011 235 2064 267 ha-

1192 283 1266 321 buit,
1272 285 1412 325 pistorum
1423 287 1457 319 (ἐν
1467 295 1592 318 cocorum
1599 281 1767 327 superfluas
1780 283 1841 326 esse
1853 295 1935 318 artes
1946 287 2066 320 demon-

1187 333 1288 374 strans
1308 360 1315 366 .
1344 340 1485 368 Autumni
1497 338 1567 369 vero
1578 340 1704 376 tempore
1710 333 1856 375 frudiibus
1877 333 2044 378 vescebatur
2056 361 2063 368 .

1194 384 1304 418 Plures
1317 384 1335 418 ὲ
1348 385 1526 419 Monachis
1539 385 1718 428 Episcopos
1729 385 1763 419 in
1775 385 1904 419 laudata
1925 385 1966 420 ad
1987 386 2069 419 Dra-

1192 435 1340 468 contium
1351 435 1484 479 epistola
1499 436 1607 470 laudat
1617 446 1765 479 magnus*
1780 434 1976 469 Athanasius
1987 459 1997 475 ,
2024 435 2069 469 af-

1192 485 1364 526 firmatque
1376 485 1553 519 cunctosin
1569 486 1623 519 sua
1647 485 1863 528 Philosophia
1884 485 2068 520 constanter

1193 535 1390 576 permansisse
1402 560 1409 566 .
1433 534 1477 569 Et
1486 533 1526 568 de
1538 535 1676 569 Zenone
1687 535 1820 569 Gazenfi
1833 534 1917 579 apud
1931 535 2070 569 Palaesti-

1193 595 1252 617 nos.
1275 585 1440 628 Episcopo
1462 585 1571 619 scribit
1594 585 1747 619 Hermias
1768 587 1976 619 Zozomenus
1988 600 2013 627 .·,
2031 590 2069 619 In

1192 633 1379 677 Philosophia
1402 635 1563 674 Monasttca
1583 641 1680 667 vitam
1702 638 1861 668 traduxit.
1901 635 2005 670 Addit
2026 647 2069 669 ex

1190 695 1347 718 manuum
1360 685 1469 717 labore
1482 683 1633 727 usquead
1661 695 1801 719 mortem
1822 686 1995 720 vistitaffe.
2025 687 2070 720 Ee

1191 735 1345 767 Isidorum
1376 734 1593 772 Pelusiotem‚
1629 734 1856 768 Alexandrinae
1887 735 2071 771 Ecclefiaee

2090 609 2120 638 L.
2128 616 2154 642 7.
2162 613 2187 636 c.
2199 612 2245 637 27.

1193 782 1363 817 Monacho
1376 783 1400 815 P
1410 782 1610 824 resbyterum
1623 807 1633 823 ‚
1654 784 1742 826 quod
1758 783 1953 827 Angelicam
1967 787 2069 819 vitam

1191 831 1357 867 traducere
1369 833 1402 867 &
1416 833 1609 868 Monasticae
1624 834 1696 868 vitae
1709 833 1822 867 vivum
1833 833 1996 877 speculum
2008 836 2071 869 effe

1190 884 1363 926 perrexerit
1388 906 1399 922 ,
1446 883 1595 927 praedicat
1618 884 1778 929 Evagrius
1804 883 2051 927 Epiphanienfis
2062 908 2071 917 .
2110 883 2111 887 ’

1191 934 1302 977 ipsum
1314 933 1425 968 vixiffe
1435 934 1475 967 ad
1486 934 1655 979 octoginta
1666 934 1699 967 ὃ(
1709 936 1854 978 quinque
1876 945 1982 968 annos
1992 935 2072 970 affir-

1190 995 1256 1018 mat
1269 985 1304 1017 in
1319 985 1474 1018 Laufiaca
1489 983 1624 1018 historia
1639 984 1807 1020 Palladius
1818 985 2074 1028 Helenopolita·

1192 1046 1252 1068 nus
1265 1034 1444 1077 Episcopus
1457 1058 1468 1074 ‚
1496 1034 1689 1079 &adjungit
1706 1050 1717 1069 .·
1756 1040 1814 1072 Hic
1834 1035 1962 1069 sandius
1983 1034 2073 1078 usquc

1191 1085 1233 1117 ad
1243 1083 1348 1117 horam
1369 1084 1461 1117 obitus
1483 1084 1557 1117 nihil
1568 1086 1677 1119 lineum
1693 1086 1826 1129 gestavit
1838 1095 1926 1119 extra
1937 1091 2050 1119 vittam
2062 1110 2072 1125 ,

1192 1145 1249 1167 non
1262 1134 1366 1167 balneo
1376 1134 1414 1174 est
1439 1133 1508 1177 usus
1518 1160 1529 1175 ‚
1557 1146 1614 1167 non
1629 1141 1727 1178 tetigit
1741 1146 1842 1168 carnes
1852 1158 1862 1174 ,
1889 1137 2039 1178 nunquam
2053 1137 2073 1169 ἃ.

1192 1183 1292 1227 mensa
1305 1186 1406 1224 recefflt
1416 1186 1545 1227 repletus
1562 1184 1652 1228 usque
1664 1187 1709 1218 ad
1717 1185 1905 1228 satietatem,
1933 1189 1962 1217 E
1965 1195 2016 1218 rat
2023 1196 2074 1217 au-

1191 1243 1249 1267 tem
1266 1243 1379 1276 corpore
1400 1236 1421 1269 oi
1446 1238 1502 1268 Dei
1510 1242 1615 1279 gratia
1625 1244 1688 1268 tam
1700 1236 1772 1270 ben?
1782 1243 2012 1277 contemperato,
2041 1243 2075 1268 ut

2094 1074 2164 1106 cap.
2184 1076 2207 1096 1.

1191 1296 1288 1318 omnes
1299 1286 1539 1329 quiignorabam
1561 1288 1625 1327 ejus
1648 1286 1748 1319 vibius
1769 1292 1932 1326 rationem,
1957 1283 2077 1327 persua-

1186 1333 1253 1377 sum
1266 1334 1405 1369 haberent
1414 1336 1496 1369 laute
1506 1335 1604 1379 ipsum
1622 1337 1656 1371 (⁸5
1682 1337 1801 1378 opipare
1820 1341 1926 1370 vivere
1937 1360 1944 1368 .
1972 1336 2016 1368 Et
2034 1334 2075 1368 de

1192 1385 1316 1427 Joanne
1337 1394 1454 1429 quarto
1476 1387 1546 1430 post
1571 1387 1779 1421 Monachum
1788 1385 1973 1420 Patriarcha
1986 1385 2077 1419 Con-

1192 1435 1489 1478 stantinopolitano
1510 1435 1619 1470 scribit
1641 1436 1914 1480 Theophyiactus
1933 1436 2077 1470 Simoca-

1192 1494 1224 1517 ta
1236 1497 1247 1516 .·
1276 1484 1432 1525 Postqucim
1443 1487 1493 1518 die
1500 1484 1555 1527 suo
1563 1485 1741 1526 perfunt‘ius
1753 1485 1790 1525 est
1794 1490 1825 1530 J
1827 1497 1935 1520 oannes
1946 1511 1956 1526 ,
1984 1490 2078 1527 Impe-
2099 1494 2150 1526 Lib
2162 1497 2258 1530 7·c.6.

1191 1542 1272 1565 rator
1283 1536 1445 1564 Mauritius
1458 1542 1492 1565 in
1503 1536 1567 1574 eius
1572 1534 1740 1581 facultates
1752 1541 1904 1576 inquirens
1914 1560 1925 1576 ,
1949 1543 2079 1576 pauper-

1192 1590 1285 1615 tatem
1295 1580 1617 1624 consec‘latuminvem't
1630 1608 1638 1615 .
1675 1583 1769 1616 Nihil
1787 1586 1875 1618 aliud
1895 1587 2035 1628 invemffe
2045 1597 2078 1617 a·

1184 1633 1260 1672 junt
1269 1640 1383 1671 praetcr
1394 1631 1500 1664 leHum
1512 1633 1659 1675 ligneum,
1673 1634 2004 1678 &laneumstragulum
2015 1636 2079 1668 nul-

1190 1680 1249 1711 lius
1256 1684 1349 1719 pretii
1366 1703 1376 1718 ,
1403 1680 1604 1721 acdeformem
1613 1684 1772 1724 penulam.
1798 1685 1859 1717 tht
1872 1691 1950 1718 enim
1971 1684 2079 1724 vestitu

1191 1727 1394 1762 delectabatur
1408 1735 1457 1762 vir
1461 1729 1642 1774 frugalitate
1664 1737 1742 1766 vitae
1771 1731 1959 1776 conspicuus.
1981 1735 2077 1768 Hinc

1190 1777 1280 1813 enim
1293 1779 1326 1813 ὅ(
1338 1779 1355 1812 a
1369 1780 1480 1814 Graeca
1494 1781 1528 1814 ἀ
1539 1780 1557 1812 a
1570 1782 1690 1816 Latina
1705 1782 1848 1818 Ecclefia
1861 1786 1961 1828 usque
1976 1784 2078 1822 hodie

1191 1828 1341 1862 titulatur
1354 1829 1499 1871 joannes
1516 1832 1683 1875 Jejunator
1696 1844 1710 1873 ;
1737 1832 1883 1877 Magnus
1902 1835 2009 1867 revera
2032 1835 2076 1879 E-

1193 1879 1360 1922 piscopm,
1401 1880 1457 1913 nifi
1480 1882 1634 1924 usurpato
1658 1882 1845 1925 Universalis
1866 1882 2008 1927 Episcopi
2029 1883 2079 1919 su·

1192 1927 1292 1973 perbo
1303 1929 1439 1964 nomine
1449 1931 1582 1965 virtutes
1594 1930 1739 1966 diluisset
1751 1935 1758 1964 ζ
1784 1933 1894 1975 Hujus
1905 1934 2078 1977 discipline

1192 1978 1275 2013 adeo
1286 1989 1384 2013 tenax
1398 1982 1518 2023 semper
1530 1981 1590 2014 fuit
1601 1981 1726 2014 Graecia
1739 2006 1749 2021 ‚
1776 1991 1811 2017 ut
1821 1983 1907 2017 inter
1918 1983 2076 2026 praecipua

1192 2029 1398 2072 Imperatoris
1409 2030 1622 2065 Constantini
1634 2029 1802 2066 Caballini
1825 2032 1981 2078 sacrilega
1998 2035 2076 2068 faci-

1194 2090 1273 2112 nora
1286 2079 1458 2120 referatur‚
1491 2079 1580 2124 quod
1600 2092 1768 2126 promptos
1787 2083 1806 2117 ὲ
1828 2082 2009 2118 Monachis
2030 2084 2076 2118 E-

1194 2130 1342 2173 piscopos
1364 2130 1397 2163 &
1418 2130 1581 2165 seduxerit
1603 2133 1637 2165 ὃς
1659 2132 1854 2175 compulerit
1867 2133 1908 2167 ad
1931 2132 2075 2169 edendas

1193 2190 1325 2213 carnes:
1352 2179 1385 2213 δε
1409 2181 1491 2215 inter
1513 2182 1689 2222 articulos,
1715 2183 1756 2216 de
1780 2183 1896 2227 quibus
1918 2185 2076 2220 Sanctum

1190 2230 1356 2273 ·J0annem
1390 2230 1664 2274 Chrysostomum
1696 2234 1857 2268 accusavit
1891 2234 1927 2268 in
1962 2233 2076 2270 habita.

1193 2279 1276 2323 apud
1289 2280 1459 2318 Quercum
1472 2280 1608 2324 synodo
1631 2283 1771 2325 Joannes
1793 2283 2074 2328 Constantinopo-

1193 2330 1301 2364 litanae
1316 2330 1465 2365 Ecclefiae
1477 2332 1647 2366 Diaconus
1660 2357 1669 2372 ,
1696 2333 1758 2367 fuit
1770 2335 1803 2368 ἀ
1816 2333 1891 2368 hic:
1920 2336 2015 2378 ,Quod
2026 2333 2074 2377 so-

1197 2382 1244 2414 lus
1268 2381 1337 2414 edat
1356 2404 1366 2420 ,
1401 2388 1629 2424 intemperanter
1650 2384 1802 2425 Cyclopum
1822 2390 1923 2418 vitam
1944 2385 2071 2428 degens.

1198 2431 1281 2464 Eum
1305 2433 1434 2466 accusat
1459 2433 1548 2476 quod
1569 2445 1609 2466 ex
1622 2433 1796 2468 Monacho
1808 2434 1987 2478 Episcopus
2006 2446 2073 2469 car-

1195 2492 1267 2515 nem
1279 2482 1311 2515 &
1324 2482 1438 2516 vinum
1450 2483 1651 2517 clandestine
1661 2495 1784 2519 voraret
1798 2510 1804 2517 .
1833 2482 2072 2519 Posterioribus

1194 2531 1313 2564 saeculis
1337 2533 1477 2575 Joannes
1502 2534 1648 2576 Glycas,
1674 2533 1692 2568 ὲ
1715 2535 1874 2579 conjugio
1893 2535 2071 2578 assumptus

1192 2581 1229 2614 ad
1243 2581 1357 2625 Regiae
1368 2583 1512 2616 civitatis
1523 2582 1805 2625 Patriarchatum,
1834 2584 1937 2618 voluit
1949 2585 2071 2619 Mona-

1189 2629 1286 2664 chum
1302 2632 1434 2666 induere
1449 2657 1459 2671 ,
1472 2633 1585 2666 verum
1597 2634 1614 2666 a
1626 2635 1679 2667 sua
1691 2635 1829 2677 Synodo
1847 2646 1915 2683 non
1928 2635 1990 2668 fuit
2002 2646 2071 2678 per-

1188 2681 1297 2714 misius
1311 2695 1321 2714 .·
1348 2682 1454 2729 Qod
1469 2684 1566 2716 senex
1579 2684 1654 2717 effer
1668 2685 1701 2718 δε
1725 2683 1882 2718 laboraret
1903 2684 2067 2727 podagra,

1188 2730 1328 2774 ideoque
1339 2731 1487 2765 carnibus
1503 2742 1568 2765 non
1583 2735 1669 2775 polle
1681 2744 1785 2767 carere
1799 2757 1806 2765 .
1834 2733 1863 2766 E
1888 2733 2068 2768 Monachis

1189 2780 1389 2815 Patriarchas
1409 2782 1531 2826 semper
1553 2782 1670 2817 dilexit
1695 2784 1753 2817 issa
1774 2782 1935 2818 Ecclesia:
1973 2783 2066 2819 Hinc

1186 2832 1220 2864 in
1247 2830 1471 2865 patriarcham
1497 2834 1596 2867 etiam
1622 2833 1762 2867 intrusus
1790 2832 1932 2868 Photius‘
1956 2833 2066 2869 statim

1185 2883 1214 2914 se
1251 2882 1329 2914 fecit
1365 2882 1495 2916 tonderi
1533 2883 1566 2916 in
1595 2882 1822 2918 Monachum.
1860 2882 1908 2918 At
1941 2884 2065 2920 saecula-

1185 2942 1250 2965 rem
1280 2931 1334 2965 illa
1362 2930 1477 2965 habere
1512 2933 1630 2967 maluit
1652 2959 1662 2974 ‚
1699 2935 1796 2977 quam
1833 2932 2064 2976 Monachum,

1185 2982 1241 3024 qui
1269 2993 1338 3015 non
1377 2982 1623 3017 Monachaliter
1662 2985 1800 3018 viveret.
1828 2984 1900 3017 Nec
1934 2984 1969 3018 in
2006 2985 2064 3019 tali

1185 3032 1256 3065 casu
1283 3033 1409 3065 censuit
1434 3043 1510 3065 cum
1536 3034 1624 3066 disto
1647 3034 1772 3076 Joanne
1797 3033 2063 3077 dispensandum..

1185 3081 1300 3115 Habes
1314 3082 1501 3125 exemplum
1524 3082 1608 3117 istud
1631 3083 1716 3128 apud
1742 3083 1968 3129 Nicephorum
1987 3084 2066 3119 Gre·

1185 3142 1314 3176 goram.

1233 3182 1494 3216 Fuerunttamen
1506 3185 1615 3223 casus,
1644 3184 1679 3217 in
1702 3184 1821 3228 quibus
1838 3186 1873 3220 ὅ(
1895 3196 2006 3220 carnes
2030 3185 2064 3220 δε

1194 3232 1306 3265 vinum
1326 3230 1504 3266 Monachis
1527 3232 1798 3277 permittebantur
1819 3261 1826 3270 .
1865 3235 1996 3270 Primus
2016 3234 2062 3268 est

1184 3282 1324 3324 corporis
1345 3282 1514 3317 infirmitas
1535 3310 1542 3316 .
1572 3285 1714 3319 'Etenim
1745 3286 1778 3318 in
1813 3285 1998 3329 praefatione
2019 3282 2059 3316 ad

1185 3332 1290 3364 Santii
1314 3330 1488 3366 Pachomii
1513 3334 1676 3378 Regulam
1708 3334 1819 3370 scribit
1847 3336 1888 3371 de
1918 3332 2058 3375 ejusdem

1184 3380 1358 3416 Monachis
1394 3382 1528 3418 Sanetus
1564 3384 1791 3427 Hieronymus
1813 3400 1825 3419 .-
1861 3387 2058 3437 AEgrotanter

1916 3440 2010 3466 mini-

2105 3367 2153 3398 ap·
2168 3366 2197 3397 4?
