2352 3736
95 451 162 479 La.
182 458 209 479 c.
225 459 250 480 ι.

95 490 169 530 Cap.
181 500 226 527 29.

81 1291 241 1329 1..3.c.156.

76 1757 138 1788 La.
149 1760 235 1794 0193

82 1806 147 1832 190.

75 1993 109 2022 1.
126 2002 146 2021 r.
158 2001 235 2027 c·44.

77 2107 140 2138 Lib.
173 2120 199 2138 2.

78 2152 155 2179 Past.
179 2160 204 2178 z..

77 2199 107 2220 C.
128 2201 174 2220 20.

83 2424 241 2460 L.3'·c.8.9.

345 146 445 195 296
654 140 680 182 S
714 153 741 180 A
778 152 808 181 N
843 152 871 181 c
908 152 932 179 T
965 150 983 180 1

275 219 381 259 &uini
404 225 517 259 officii
540 222 800 261 intercisionem,
825 223 879 255 seu
899 219 941 253 ad
965 220 1087 253 sextam
1119 219 1163 255 le-

272 275 416 310 ctionem
429 298 437 304 -
464 272 665 316 Episcopum
678 271 845 307 Sabbatho
855 270 1036 303 consecrari
1050 270 1161 305 scribit

272 326 371 359 etiam
408 321 597 356 Amalarius
634 324 831 357 Fortunatus
855 342 866 359 ,
903 318 937 352 ὃ(
973 319 1125 366 adjungit
1153 334 1160 354 ι

272 372 412 416 Episcopi
424 371 599 416 conJircratto
619 371 725 413 transit
736 377 769 404 in
783 372 966 403 Dominicam
990 371 1089 404 diem.
1117 371 1161 406 Et

270 421 403 458 inlibro
414 422 455 456 de
484 422 715 457 Ecclefiasticis
735 420 1018 456 observationibus
1040 421 1162 457 Micro-

270 476 390 517 logus:
431 475 570 517 ,Quaruor
595 476 781 513 Dominicae,
816 483 882 515 quae
904 480 1032 514 quatuor
1055 480 1161 515 tempo-

269 525 465 565 rumjejum'cr
481 524 620 565 proxim³
639 520 879 567 subsequuntur,
904 527 936 555 in
959 521 1035 555 libro
1058 525 1162 556 sacra-

270 582 432 608 mentorum
442 582 590 607 vacantes
598 575 831 616 pra-titulantur
842 599 852 614 ‚
884 584 917 607 eo
932 574 1013 616 quod
1029 579 1162 617 propriis

269 634 394 660 careant
429 624 538 666 Officiis
563 650 569 656 .
609 624 663 659 Sic
688 625 772 659 olim
798 624 947 657 adfirmat
966 623 1059 657 fuisse
1082 648 1092 664 ,
1128 625 1162 658 δε

268 676 491 721 prosequitur:
521 682 579 710 Hae
592 684 691 709 autem
706 679 869 708 Dominicae
880 674 1047 716 antiquitas
1059 674 1098 706 ab
1119 672 1162 714 of-

264 728 332 770 ficio
356 726 511 760 vacabant
524 751 535 767 ,
560 731 632 768 quta
652 725 806 760 celebratio
828 727 1047 758 ordinationum
1065 727 1163 766 juxta

267 779 395 812 Decreta
408 781 537 811 Patrum
548 786 613 809 tam
619 774 686 819 ser&
693 776 787 818 fiebat
799 781 831 808 in
858 774 1007 809 Sabbatha
1020 799 1031 815 ‚
1057 783 1091 808 ut
1109 783 1163 816 po·

264 826 329 862 :ios
349 831 515 862 Dominicae
537 829 629 871 quam
652 825 801 860 Sabbatho
822 823 1041 869 adscriberetur
1057 849 1064 858 .
1082 824 1162 859 Pro·

264 877 323 913 bat
344 874 390 913 'ex
418 879 548 914 laudata
575 877 682 912 Sansti
723 876 848 911 Leonis
883 876 924 911 ad
960 876 1160 910 Dioscorum

264 930 441 974 Epistola,
470 930 503 964 &
526 928 700 974 adjungit.-
728 927 810 961 Unde
839 928 874 961 Θ
900 931 1050 960 Romanus
1078 927 1162 959 Ordo

262 985 299 1014 in
323 979 562 1027 ,Quadragefima
590 985 621 1012 in
648 977 799 1011 sabbatho
825 979 1060 1011 Ordinationum
1095 987 1161 1009 ora-

261 1036 374 1065 tionem
396 1031 489 1075 super
512 1030 657 1072 populum
682 1029 834 1062 interdicit
853 1052 864 1068 ,
890 1029 933 1060 ad
959 1038 1052 1069 quam
1078 1030 1160 1059 anti-

262 1088 313 1123 qui
339 1092 396 1115 non
417 1080 511 1125 solam
536 1086 637 1123 capita
656 1105 666 1120 ‚
704 1077 761 1123 ft'd
785 1081 819 1112 (θ’
841 1089 941 1122 genua
972 1075 1136 1117 stedlebant
1149 1100 1159 1118 ,

263 1134 346 1174 quod
354 1137 470 1178 Nicen}
483 1135 621 1165 Canones
642 1135 676 1164 in
699 1133 854 1162 Dominica
875 1128 942 1171 fieri
959 1133 1084 1170 penitus
1108 1138 1161 1160 ve-

261 1190 352 1217 tant.
372 1183 474 1217 Etin
486 1182 601 1216 animae
611 1181 754 1215 Gemma
767 1178 877 1213 scribit
890 1179 932 1213 de
954 1179 1060 1222 prima
1085 1177 1156 1221 post

261 1231 480 1269 Pentecosten
492 1232 677 1267 Dominica
687 1230 863 1264 'Honorius
878 1227 1160 1272 Augustodunen-

261 1284 319 1318 fis:
352 1289 528 1324 Dominica,
558 1293 624 1326 quae
631 1279 790 1325 sequitur,
817 1281 883 1314 ideo
893 1279 934 1312 ab
947 1279 1044 1320 Officio
1055 1286 1159 1318 vacat,

261 1341 336 1378 quia
360 1337 429 1369 olim
453 1339 582 1369 Romani
602 1333 818 1366 Ordinationes
840 1335 873 1363 in
895 1332 1050 1363 Dominica
1066 1328 1159 1370 facie-

260 1386 362 1426 bant,
386 1383 441 1430 sed
451 1390 483 1418 in
495 1382 623 1427 Vespera
633 1380 779 1416 sabbathi
805 1379 1004 1423 incipiebant.
1030 1382 1075 1411 Et
1093 1380 1157 1412 ideo

259 1441 295 1470 in
310 1433 551 1480 ‚Quadragefima
561 1438 656 1469 oratio
666 1430 757 1476 super
763 1432 906 1474 populum
922 1440 980 1463 non
993 1429 1157 1469 dlcebatur,

259 1489 407 1531 adquam
419 1497 476 1519 non
485 1490 586 1527 capita
599 1509 610 1525 ,
632 1481 691 1526 sed
698 1493 800 1526 genua
818 1480 979 1520 flec‘lebant
992 1503 1003 1520 ‚
1030 1481 1112 1521 quod
1118 1485 1155 1511 in

258 1541 421 1571 Dominica
444 1534 568 1570 minime?
593 1532 718 1567 licebat.
745 1532 915 1565 sacerdotes
942 1541 1070 1570 namque
1082 1531 1157 1570 jure

260 1593 293 1620 in
306 1591 463 1620 Dominica
475 1587 680 1623 ordinantur,
703 1590 760 1624 per
784 1592 854 1623 quos
878 1582 1032 1612 Dominica
1053 1581 1157 1611 Sacra-

260 1647 367 1672 menta
378 1635 597 1682 consecrantur.
625 1632 790 1668 Adfirmat
801 1630 884 1664 olim
895 1630 938 1662 fic
953 1629 1045 1662 fuine
1071 1629 1157 1662 fasti-

258 1699 388 1722 tatum.
417 1686 479 1721 Ast
500 1685 576 1719 vero
602 1683 643 1717 de
670 1683 719 1714 sui
741 1679 899 1723 temporis
912 1688 1004 1711 more
1028 1677 1155 1710 scribit:

261 1741 352 1781 Papa
363 1741 500 1774 Vicarius
514 1731 645 1773 christi,
672 1728 824 1774 omnesque
851 1725 991 1770 Episcopi
1018 1725 1157 1768 Apostolo-

261 1801 330 1823 rum
341 1792 457 1823 Vicarn
468 1810 478 1826 ,
507 1790 538 1819 in
554 1787 711 1817 Dominica
723 1782 770 1813 die
783 1779 889 1813 debent
909 1778 1060 1810 ordinari.
1089 1774 1157 1810 Ad-

261 1839 372 1885 iungit
390 1837 522 1874 causas,
548 1845 584 1868 ac
598 1831 718 1876 pergit:
748 1826 1024 1870 MinistriEcclefiae
1034 1827 1086 1860 vel
1110 1827 1158 1859 ΑΙ-

262 1894 342 1927 taris
354 1895 387 1922 in
400 1884 551 1921 sabbatho
564 1884 742 1917 ordinantur
757 1906 767 1922 ,
793 1881 875 1923 quod
881 1883 997 1921 requies
1027 1879 1160 1915 dicitur·‚

263 1946 336 1984 quia
350 1938 418 1982 ipfis
431 1937 470 1970 ab
480 1941 559 1968 omni
575 1942 658 1976 opere
668 1930 773 1975 servili
784 1927 965 1973 requiescere
975 1952 985 1968 ,
1013 1929 1047 1961 ὁ*
1057 1933 1089 1960 in
1104 1931 1160 1960 Dei

260 1990 388 2034 servitio
411 1997 520 2022 vacare
536 1989 713 2028 praecipltur
738 2008 744 2014 .
781 1979 887 2028 Qod
911 1978 1017 2025 ipsum
1037 1978 1159 2012 eisdem

262 2041 372 2076 verbis
394 2037 504 2072 scribit
527 2037 633 2080 Hugo
655 2033 696 2068 de
721 2033 838 2068 Sancto
858 2030 1016 2065 Vistore.
1053 2027 1097 2062 Et
1123 2028 1157 2062 in

262 2089 478 2134 Theologica
495 2087 535 2121 de
558 2082 775 2121 Sacramentis
801 2080 1012 2115 eruditione.-
1040 2078 1160 2116 Presby-

263 2149 323 2177 tert·
338 2143 506 2175 &Diaconi
531 2134 682 2170 Sabbatha
704 2131 891 2176 conscerandi
916 2128 1062 2172 Episcopo
1079 2137 1160 2170 prae-

260 2191 423 2237 sentantur
445 2215 456 2232 ‚
494 2186 707 2222 benedictiones
745 2185 814 2217 vero
852 2178 1024 2221 Pontificum
1057 2178 1160 2212 diebus

266 2238 388 2278 tamum
400 2243 563 2274 Dominicis
574 2235 767 2272 celebrandas
782 2232 831 2277 effe
836 2230 917 2276 sacri
931 2234 1069 2262 Canones
1090 2226 1163 2271 san-

265 2302 377 2328 xerunt
408 2317 416 2324 .
453 2289 667 2332 Presbyteros
692 2297 729 2320 ac
762 2284 937 2318 Diaconos
961 2278 1162 2314 ordinandos

266 2345 421 2379 adfirmat
434 2342 482 2375 die
502 2336 654 2374 sabbathi
673 2343 749 2369 tirca
773 2333 932 2376 Vesperam
960 2329 1101 2364 celebrato
1118 2330 1164 2368 je-

261 2396 367 2439 jumo.
391 2386 734 2441 Qodipsumscribit
750 2384 863 2419 Abbas
876 2383 1057 2426 Rupertus.
1087 2380 1156 2414 Pri·

268 2441 448 2491 ma'igitur
458 2441 630 2484 Majorum
651 2436 839 2471 nostrorum
861 2433 963 2477 pietas
987 2431 1166 2476 Episcopo·

270 2507 344 2531 rum
359 2519 370 2534 ‚
396 2491 669 2535 Presbyterorum
683 2512 695 2527 ,
719 2498 757 2521 ac
776 2484 1011 2518 Diaconorum
1034 2481 1165 2516 ordina-

1054 136 1391 186 LEONis

1459 142 1720 204 ΝΟΝῙ3

1226 225 1306 258 riam
1318 224 1500 259 Dominica
1513 226 1614 268 prima
1627 228 1885 275 Qadragefimae
1894 254 1904 272 ,
1930 230 1964 267 ἀ
1982 231 2102 267 Domi·

1225 276 1299 309 nica
1319 285 1431 317 quarta
1442 273 1615 310 Adventus
1625 279 1805 311 etiamnum
1816 278 1915 313 hodie
1923 281 2009 318 idem
2021 294 2100 317 cum

1223 324 1416 369 praecedenti
1431 324 1596 361 Sabbatho
1609 325 1731 361 habent
1759 327 1992 372 Evangelium.
2019 333 2099 368 Ves-

1223 375 1354 419 pertinae
1364 375 1568 419 jejuniorum
1589 377 1694 411 Miffae
1715 376 1799 421 apud
1823 389 1884 412 nos
1905 378 2063 415 defierunt
2081 384 2101 417 a

1222 425 1333 469 paucis
1345 425 1467 461 saeculis
1480 451 1487 459 .
1514 427 1559 462 Et
1569 438 1649 462 tunc
1672 428 1877 462 Clericorum
1897 429 1998 463 etiam
2016 430 2102 465 ordi·

1222 476 1374 511 nationes
1384 487 1553 520 coeperunt
1563 478 1719 514 celebrari
1741 486 1817 512 ante
1830 479 2019 523 prandium.
2057 480 2102 515 Et

1221 526 1255 559 in
1268 535 1407 570 paternae
1416 527 1596 572 disciplinae
1617 529 1813 563 memoriam
1835 529 2105 577 Qadragefima-

1222 576 1267 611 les
1281 575 1430 622 Vesperae
1450 588 1527 613 ante
1538 578 1709 623 prandium
1721 577 1830 614 adhuc
1851 579 1951 614 hodie
1971 590 2104 614 cantan-

1220 637 1274 662 tur
1286 653 1294 661 .

1273 679 1385 725 Qaeri
1413 679 1507 722 poffit
1522 704 1532 719 ,
1569 680 1651 725 Quo
1669 681 1785 715 saeculo
1808 679 1962 724 Episcopi
1981 679 2022 714 ad
2047 690 2106 715 ter·

1223 729 1302 763 tiam
1318 730 1506 763 Dominicae
1526 730 1591 763 diei
1614 730 1749 772 horam,
1786 731 1906 764 Clerici
1927 742 2037 765 autem
2061 730 2102 764 ad

1223 777 1376 814 Sabbathi
1390 780 1564 823 Vesperam
1577 782 1731 824 coeper'int
1741 781 1921 815 consecrari
1934 783 1946 815 .>
1958 782 2103 824 Respon-

1222 829 1284 878 deo
1303 831 1471 874 praecisum
1492 831 1583 864 istius
1605 831 1758 875 temporis
1778 830 1944 866 cardinem
1965 832 1984 864 ὲ
2008 831 2105 865 nobis

1224 880 1388 924 ignorari.
1418 881 1592 915 Romanus
1602 882 1698 917 Ordo
1710 906 1721 923 ‚
1750 893 1847 925 quem
1860 883 1973 915 ostavo
1987 881 2103 916 saeculo

1223 930 1377 974 scriptum
1387 930 1691 966 adfirmanteruditi
1704 933 1788 972 viri,
1815 932 1925 965 laudat
1943 933 1976 965 &
2000 933 2104 965 serva-

1221 981 1245 1013 ri
1258 979 1347 1023 jubet
1369 980 1555 1023 primaevam
1581 980 1686 1016 adhuc
1706 983 1877 1027 pietatem.
1905 980 2031 1015 Eodem
2053 983 2104 1015 sae-

1221 1030 1297 1064 culo
1317 1032 1352 1064 in
1366 1030 1528 1073 papatum
1544 1031 1683 1065 intrusus
1694 1033 1757 1066 fuit
1767 1032 2007 1067 Constantinus
2026 1031 2102 1065 Lai-

1222 1091 1278 1113 cus
1291 1104 1302 1120 ‚
1329 1081 1363 1114 &
1375 1078 1442 1122 ejus
1450 1081 1653 1115 consecratio
1662 1082 1725 1114 fuit
1738 1083 1834 1116 variis
1846 1082 1967 1115 foedata
1990 1082 2101 1115 exces-

1223 1131 1319 1164 libus.
1360 1132 1413 1164 De
1435 1130 1501 1172 ejus
1524 1141 1632 1165 tamen
1655 1131 1832 1165 Diaconali
1858 1132 2101 1165 consecratione

1223 1180 1332 1215 scribit
1345 1180 1512 1215 Marianus
1533 1182 1666 1215 Scotus:
1706 1181 1860 1224 Illuscente
1879 1181 1928 1214 dre
1952 1183 2101 1214 Diaconus

1214 1231 1319 1272 fac‘lus
1343 1230 1402 1265 effi.
1433 1229 1493 1264 Ast
1517 1231 1594 1264 vero
1616 1232 1734 1265 Beatus
1758 1230 1922 1264 Alcuinus
1945 1231 2104 1270 Flaccus,
2122 1239 2256 1278 Cap.37.

1221 1293 1276 1315 aut
1288 1282 1487 1324 quicumque
1499 1281 1678 1315 aliusistius
1689 1282 1730 1317 de
1738 1280 1857 1316 divinis
1877 1282 2006 1316 Officiis
2027 1282 2103 1315 libri

1226 1333 1348 1366 Austor-
1374 1331 1486 1365 floruit
1511 1342 1604 1366 nono
1631 1333 1767 1374 saeculo,
1792 1332 1826 1366 &
1854 1331 1984 1366 scribit.-
2024 1335 2105 1373 Epi·

1215 1381 1324 1424 scopus
1351 1387 1382 1414 in
1409 1384 1564 1416 Dominica
1590 1383 1750 1417 ordinatur
1773 1407 1783 1423 ‚
1831 1382 1938 1424 reliqui
1974 1380 2104 1422 Ministrt

1221 1438 1251 1464 In
1275 1431 1446 1465 Sabbatha.
1474 1433 1518 1466 Et
1544 1435 1684 1467 iterum:
1723 1430 1863 1475 Episcopi
1905 1429 2105 1474 consecratio,
2121 1435 2192 1472 Cap.
2212 1444 2257 1469 29·

1221 1488 1270 1527 qui
1290 1482 1328 1522 est
1353 1487 1491 1516 Vicarius
1515 1483 1732 1526 Apostolorum,
1758 1485 1816 1516 imo
1839 1484 1872 1516 (et
1895 1481 2006 1521 christi
2021 1506 2031 1522 ‚
2064 1482 2104 1524 fit

1219 1538 1253 1565 In
1284 1536 1441 1565 Dominica
1456 1557 1465 1572 ‚
1491 1539 1564 1575 quia
1591 1535 1690 1568 eodem
1715 1536 1763 1567 die
1785 1542 1840 1575 per
1868 1535 1974 1566 donum
2011 1535 2107 1574 spiri-

1222 1591 1270 1615 tus
1293 1581 1393 1614 saneta
1421 1586 1566 1615 Dominus
1589 1585 1732 1626 dignatus
1763 1584 1801 1623 est
1835 1583 1982 1623 illustrare
2013 1583 2104 1615 corda

1223 1631 1432 1674 Apostolorum.
1461 1633 1505 1666 Et
1530 1632 1571 1666 de
1597 1633 1717 1673 Misia,
1745 1634 1778 1666 in
1802 1644 1866 1675 qua
1886 1632 2009 1665 Clerici
2024 1643 2103 1665 con-

1223 1683 1406 1719 secrantur,
1442 1681 1593 1728 adjungit
1614 1697 1625 1716 .-
1664 1688 1769 1716 Oratio
1783 1682 1844 1724 post
1864 1686 2102 1714 Commum'onem

1223 1742 1278 1762 non
1303 1729 1428 1763 babetur
1441 1753 1451 1770 ,
1478 1736 1550 1772 quia
1579 1731 1655 1771 istud
1674 1733 1806 1774 Officium
1826 1731 1996 1775 frequenter
2024 1738 2103 1764 circa

1222 1779 1330 1813 noc‘lem
1345 1781 1530 1813 Dominicam
1543 1780 1615 1824 solet
1624 1781 1689 1823 fieri
1701 1806 1711 1821 ,
1737 1787 1768 1814 in
1788 1793 1849 1823 qua
1871 1783 1994 1814 minim?
2009 1787 2104 1824 genu-2

1225 1830 1365 1867 fleffltur.
1393 1831 1494 1864 Sacrae
1506 1831 1615 1873 itaque
1640 1830 1870 1865 ordinationis
1891 1829 1970 1864 hora
1991 1831 2104 1865 medio

1225 1882 1307 1914 inter
1331 1881 1523 1914 Romanum
1547 1881 1710 1915 Ordinem
1733 1882 1765 1915 &
1791 1880 1879 1916 hune
1906 1882 2104 1924 scriptorem

1223 1940 1367 1974 tempore
1389 1931 1451 1965 fuit
1475 1940 1615 1965 mutata.
1655 1931 1823 1979 Qasdam
1843 1941 1953 1965 tamen
1974 1932 2105 1974 antiqui

1226 1981 1328 2016 moris
1355 1980 1504 2024 reliquias
1527 1982 1584 2016 sub
1605 1981 1773 2016 undecimi
1796 1980 1898 2015 saeculi
1929 1980 2103 2016 exordium

1226 2031 1359 2077 viguisse
1391 2030 1500 2065 adhuc
1519 2032 1554 2066 in
1579 2031 1708 2077 Gallia,
1742 2032 1839 2065 docet
1860 2030 2115 2065 Lemovicenfis

1227 2083 1282 2116 sub
1303 2080 1471 2116 Benedieti
1494 2083 1574 2116 noni
1599 2081 1799 2116 pontificatu
1821 2080 2105 2123 celebratalSyno-

1225 2132 1286 2166 dus
1301 2156 1308 2163 .
1333 2131 1492 2166 Decernit
1502 2141 1535 2165 ut
1553 2131 1583 2173 fi
1599 2142 1688 2165 tanta
1709 2133 1865 2165 multitudo
1879 2130 1946 2172 fuit
1965 2131 2105 2163 ordinan-
2122 2125 2186 2158 Αᾶ-
2214 2136 2240 2157 2·

1229 2185 1350 2222 dorum,
1378 2194 1470 2224 quam
1481 2181 1628 2215 sabbatho
1642 2194 1698 2214 non
1705 2183 1783 2224 poffit
1794 2180 1938 2223 Eiscopur
1960 2178 2105 2223 conficta·

1228 2245 1259 2266 re
1273 2258 1283 2273 ,
1311 2238 1344 2265 in
1356 2232 1486 2273 crastina
1499 2237 1656 2265 Dominica
1669 2231 1758 2276 usque
1772 2232 1816 2264 ad
1825 2232 1928 2264 horam
1944 2229 2064 2273 sextam
2083 2232 2107 2263 ὰ

1228 2281 1379 2325 manequ'i
1398 2281 1601 2325 superfuerint
1626 2283 1750 2316 debeant
1772 2283 1925 2319 ordinari,
1951 2282 2030 2315 altas
2053 2292 2108 2314 au-

1230 2343 1289 2371 tem
1315 2334 1397 2367 nullo
1415 2334 1517 2372 modo,
1543 2332 1600 2375 ntfi
1615 2332 1703 2376 causa
1718 2333 1848 2376 grandis
1883 2332 2047 2372 neceffltatts
2068 2332 2107 2364 de

1230 2388 1395 2417 Diaconatu
1417 2391 1535 2417 tantum
1555 2386 1589 2418 Θ·
1612 2383 1820 2422 Presbyterum
1848 2389 1959 2424 oportet
1991 2382 2108 2415 ordina-

1230 2440 1254 2468 ti
1263 2446 1331 2468 ones
1356 2439 1406 2478 agi
1418 2459 1424 2466 .
1462 2437 1507 2467 Et
1529 2433 1578 2467 hoc
1600 2439 1632 2467 in
1654 2434 1736 2468 nulla
1749 2433 1919 2476 festivitate
1931 2455 1942 2471 ‚
1977 2430 2036 2474 mllt‘
2049 2434 2112 2463 Dos

1216 2491 1339 2521 ,minim
1351 2486 1418 2525 die,
1447 2495 1535 2527 quam
1559 2493 1658 2518 tamen
1670 2485 1820 2525 jejum'um
1836 2482 1973 2526 generale
1991 2486 2024 2514 in
2032 2479 2108 2512 Sab-

2120 1161 2173 1190 Au.
2184 1169 2249 1196 797.

271 2547 382 2582 tiones
394 2555 431 2577 ea
444 2552 533 2585 parte
550 2534 738 2581 xioffisfluae
749 2534 881 2569 lucescit
894 2533 927 2566 in
943 2531 1077 2574 primam
1090 2531 1163 2566 Sab-
1216 2526 1318 2570 ''batho
1334 2535 1512 2578 praecefferit
1534 2560 1540 2566 .
1590 2534 1751 2568 Proximae
1774 2543 1853 2566 tunc
1874 2530 1943 2574 post
1965 2540 2108 2573 quatuor

271 2594 391 2635 bathi,
417 2594 470 2627 seu
496 2590 566 2634 post
590 2587 694 2621 nostis
712 2585 859 2619 medium
883 2579 1062 2615 inchoabat
1082 2605 1093 2620 ‚
1128 2581 1163 2614 ὃς

274 2643 427 2691 usquead
441 2643 547 2676 lucem
559 2634 794 2673 durabatistud
816 2632 962 2668 officium
976 2658 986 2673 ,
1021 2630 1162 2675 ideoque

275 2699 313 2732 in
330 2697 397 2730 fine
408 2692 514 2727 Miffae
526 2701 594 2724 non
609 2686 776 2722 dicebatur
788 2680 1086 2730 Qadragefimalis
1105 2691 1161 2715 aut

276 2746 410 2782 alterius
441 2741 557 2787 jejunii
588 2740 681 2782 super
713 2734 874 2780 populum
906 2731 1050 2765 Collesta
1073 2756 1090 2778 ,ι
1129 2731 1163 2765 ὅτ,

278 2798 336 2832 ista
348 2794 530 2830 Dominica
544 2788 677 2825 vacabat
688 2787 706 2820 a
718 2786 820 2820 Missa
833 2810 840 2816 .
869 2781 1051 2816 Posteriora
1073 2783 1164 2816 saecu-

280 2848 312 2882 la
325 2847 364 2881 ad
388 2843 492 2880 noiiis
503 2840 675 2878 exordium
687 2835 884 2872 inchoarunt
897 2830 983 2867 istud
995 2831 1142 2866 officium
1151 2857 1162 2874 ‚

283 2899 316 2932 &
342 2909 422 2931 tunc
446 2890 532 2929 solos
556 2900 631 2926 cum
649 2888 721 2923 aliis
753 2885 892 2920 Clericis
925 2882 1097 2916 Diaconos
1125 2894 1162 2915 ac

283 2946 494 2990 Presbyteros
511 2943 760 2979 consecrarunt,
797 2935 1033 2978 Episcoporum
1054 2934 1163 2966 conse·

285 2998 464 3031 crationem
476 2992 672 3029 distulerunt
684 2991 717 3024 in
733 2987 863 3022 tertiam
885 2982 1075 3017 Dominicae
1097 2981 1163 3016 diei

284 3043 401 3080 horam
426 3061 436 3079 .-
474 3043 565 3090 quod
595 3052 676 3077 tunc
696 3035 849 3082 Apostoli
872 3033 1065 3077 accepissent
1096 3032 1165 3077 Spi-

288 3095 386 3129 ritum
399 3098 568 3130 Sanctum.
597 3092 637 3126 In
648 3087 831 3125 minoribus
841 3086 923 3120 olim
933 3084 974 3118 ad
985 3082 1099 3118 horam
1111 3094 1167 3117 no·

289 3155 390 3183 nam,
409 3141 448 3177 “in
501 3139 807 3187 u'adragefimalibus
829 3146 938 3171 autem
950 3145 988 3168 ac
1009 3134 1081 3169 aliis
1104 3144 1164 3168 ma·

288 3193 411 3241 j'oribus
431 3193 557 3235 jejuniis
575 3193 675 3226 Missa
706 3187 920 3224 inchoabatur
950 3184 1020 3229 post
1053 3183 1166 3233 horam

292 3236 360 3279 diei
386 3241 629 3282 duodecimam,
657 3242 711 3275 seu
734 3239 804 3283 post
826 3237 979 3273 occasum
1001 3235 1107 3271 Solis:
1134 3232 1167 3268 &

290 3290 379 3328 hane
389 3289 505 3325 horam
526 3291 709 3324 mediorum
731 3288 921 3323 saeculorum
942 3287 1041 3329 pietas
1062 3285 1167 3320 sanxit

293 3340 395 3379 etiam
417 3342 451 3375 in
474 3340 566 3374 sacris
588 3338 792 3371 Clericorum
826 3337 1092 3371 ordinationibus
1113 3336 1168 3368 ser-

293 3394 452 3429 vandam.
479 3390 525 3424 Et
537 3398 617 3422 tunc
630 3388 844 3428 quatuoristae
866 3386 1053 3420 Dominicae
1074 3386 1169 3419 defie-

287 3433 591 3481 runt‘vacaressst
615 3437 650 3471 in
673 3436 813 3478 antiquae
835 3435 1018 3470 vacationis
1048 3447 1170 3472 memo.

1226 2596 1372 2628 tempora
1385 2586 1574 2620 Dominica·
1586 2596 1652 2618 non
1666 2593 1757 2619 erant
1767 2591 1916 2616 vacantes
1930 2603 1940 2619 ‚
1966 2580 2021 2613 sed
2035 2590 2108 2622 pro-

1232 2637 1333 2679 priam
1346 2634 1509 2669 habebant
1520 2635 1652 2668 Misssm
1666 2657 1676 2672 ‚
1701 2633 1837 2674 ideoque
1847 2631 1949 2664 etiam
1970 2630 2006 2663 in
2025 2628 2108 2668 hac,

1224 2685 1407 2719 dummodo
1419 2695 1528 2718 tamen
1543 2683 1740 2718 continuato
1754 2681 1880 2724 jejunio
1891 2690 1968 2713 ante
1991 2678 2109 2714 horam

1225 2737 1347 2771 sextam
1362 2759 1374 2776 ,
1402 2734 1434 2768 id
1445 2733 1491 2766 est
1505 2758 1516 2774 ‚
1540 2743 1615 2767 ante
1638 2731 1806 2766 meridiem
1825 2730 1936 2770 fieret,
1977 2726 2110 2763 laudata

1223 2785 1375 2829 Synodus
1398 2782 1539 2827 permisit
1563 2783 1773 2825 Presbyteros
1793 2792 1830 2814 ac
1863 2780 2034 2813 Diaconos
2067 2789 2111 2811 ex

1222 2841 1399 2870 memorata
1424 2834 1517 2869 causa
1528 2832 1727 2868 consecrari.
1757 2831 1943 2874 Antiquam
1972 2827 2111 2871 discipli-

1225 2896 1300 2921 nam
1327 2884 1452 2919 censuit
1477 2884 1495 2917 ὲ
1523 2886 1554 2917 se
1579 2883 1712 2916 servari.
1748 2880 1897 2917 Eandem
1922 2889 1979 2914 aut
2024 2878 2111 2911 resti-

1227 2947 1337 2975 tuere,
1362 2943 1418 2968 aut
1444 2933 1558 2968 saltem
1585 2932 1729 2967 stabilire
1749 2942 1885 2967 conatus
1906 2929 2006 2963 estin
2034 2928 2111 2962 Cla-

1227 2994 1423 3021 romontana
1458 2983 1595 3028 Synodo
1627 2982 1785 3019 Urbanus
1814 2981 1969 3017 secundus
1993 2991 1999 3010 ε
2035 2983 2109 3012 Non

1225 3037 1305 3080 fiant
1317 3037 1446 3069 ordines
1461 3059 1472 3075 ‚
1499 3033 1556 3075 m'fi
1560 3041 1592 3068 in
1606 3041 1728 3077 quatuor
1737 3039 1826 3067 certis
1843 3028 2027 3072 temporibus
2038 3055 2048 3070 ‚
2075 3031 2109 3062 (δ’

1230 3086 1396 3120 §abbbatho
1420 3086 1565 3118 medianae
1587 3082 1846 3129 Quadragefimae.
1873 3084 1918 3112 Et
1943 3088 2012 3113 tunc
2027 3082 2110 3120 jeju-

1231 3144 1314 3171 nium
1317 3134 1520 3180 protrahatur
1530 3135 1618 3179 usque
1633 3132 1840 3176 adVesperam
1853 3154 1862 3169 ‚
1887 3130 1954 3171 &fi
1972 3130 2040 3172 fieri
2056 3138 2119 3171 po·-

1230 3187 1280 3228 test
1294 3213 1304 3229 ‚
1331 3185 1418 3231 usque
1431 3191 1463 3219 in
1473 3186 1651 3226 crastinum,
1679 3191 1713 3217 ut
1722 3187 1818 3226 magis
1840 3189 1989 3222 appareat
2007 3185 2040 3213 in
2061 3180 2111 3212 dte

1233 3243 1380 3271 Dominica
1389 3238 1518 3270 Ordines
1525 3237 1613 3280 fieri.
1641 3233 1750 3267 Voces
1764 3255 1774 3271 ,
1801 3234 1832 3264 51
1849 3229 2036 3274 fieripotest',
2062 3229 2110 3261 in·

1232 3290 1357 3323 finuant
1376 3287 1394 3320 ¹22
1408 3286 1600 3331 quibusdam
1619 3291 1698 3316 tunc
1720 3279 1826 3315 adhuc
1848 3281 1998 3315 Ecclefiis
2018 3277 2110 3312 fiiisse

1233 3339 1413 3382 jejunatum
1426 3338 1526 3379 usque
1541 3333 1580 3369 ad
1593 3333 1778 3366 Dominicae
1791 3332 1855 3365 diei
1869 3332 1973 3364 lucem
1986 3352 1996 3368 ‚
2021 3326 2111 3360 ideo-

1234 3400 1296 3431 que
1320 3389 1353 3422 &
1377 3388 1476 3421 sacras
1494 3384 1730 3421 Ordinationes
1752 3382 1834 3416 circa
1855 3381 1922 3423 ejus
1937 3376 2112 3411 exordium

1234 3439 1326 3474 fuisse
1340 3438 1479 3482 primurn
1504 3434 1664 3479 expletas.
1705 3421 1867 3467 Laudatas
1886 3426 2035 3462 Canonis
2056 3438 2112 3459 vo-

2015 3488 2066 3512 ces

2126 2959 2200 2999 Cap,
2219 2962 2267 2996 24ss
