2352 3736
48 304 124 336 Part.
142 315 167 334 r.

44 345 186 382 Cap-1261.

68 2616 129 2653 Lib:
161 2626 186 2646 1.

70 2656 208 2699 Epissnii.

496 152 587 186 'DE

224 237 294 266 nen
313 225 500 263 invalidari.
531 225 655 261 Unicae
680 236 791 263 tamen
816 225 982 261 mersionis
1005 225 1097 258 usum

223 288 428 323 nequaquam
440 277 555 322 probat
566 301 578 318 ,
598 288 654 312 aut
665 277 829 312 admittit.
859 277 973 312 Exstat
985 275 1099 319 episto-

223 327 254 363 la
266 329 301 363 in
312 330 458 364 Decreto
469 330 500 364 S.
512 328 642 362 lvonis.
671 327 715 362 Et
728 326 807 361 hinc
817 325 970 362 discimus
993 325 1081 362 varia
1094 349 1102 358 .

220 376 336 413 Brimo
349 402 360 419 ,
385 378 475 422 quod
487 378 592 413 unicae
603 377 767 412 mersionis
779 374 912 411 audacia
934 377 975 411 ab
990 377 1100 410 Euno-

221 429 291 463 mio
316 429 472 463 tranfierit
495 429 596 462 etiam
622 428 663 462 ad
694 427 892 462 Bonosiacos
913 451 920 459 .
948 424 1102 462 Haeretici

220 479 333 520 enim,
360 478 703 521 licetjuratiinv-icem
713 476 839 518 hostes,
868 477 1021 512 *adversus
1043 475 1103 509 Ec-

223 529 347 564 clesiam
372 530 447 563 sunt
459 539 514 573 per
524 527 642 563 caudas
653 527 822 571 colligatae.
835 527 965 570 vulpes,
991 524 1103 574 faciles

222 579 264 614 ad
290 587 439 613 mutuam
461 578 647 616 excessuum
666 578 915 617 confusionem.
942 576 1099 610 Attamen

222 630 312 664 fache
331 627 427 673 hujus
449 627 653 662 confusionis
678 639 717 663 ac
745 627 887 662 traducis
900 626 1034 661 modum
1061 635 1098 657 ac
1138 627 1140 630 '

223 679 388 724 originem
400 679 518 723 ignoro
532 701 539 708 .
566 677 719 712 Secundo
733 677 888 712 discimus
898 701 909 717 ‚
921 686 978 710 cur
990 674 1101 708 datum

218 727 243 765 B.
256 728 444 764 Bonosiacis
452 725 648 771 baptismum
657 727 805 772 quaedam
818 737 923 762 ratum
934 748 945 766 ,
957 724 1101 768 quaedam

224 778 353 822 synodi
376 778 500 813 ducant
521 777 663 812 irritum.
693 777 796 824 Qod
823 773 942 819 nempe
968 775 1103 808 istorum

224 827 358 872 quidam
384 828 420 861 in
447 827 546 862 solius
572 825 720 866 Christi,
745 824 879 870 quidam
901 825 937 859 in
951 825 1103 859 omnium

224 879 326 912 trium
348 879 555 922 personarum
581 875 718 909 nomine
736 874 956 919 baptizarent.
985 875 1105 909 Tertio

225 928 400 965 discimus,
427 924 639 968 qued-datum
656 925 690 959 in
704 925 803 959 solius
830 924 954 959 Christi
969 925 1105 959 nomine

226 976 424 1021 baptismum
436 974 587 1009 Romana
602 975 740 1008 Ecclesia
752 976 878 1018 semper
888 974 1105 1018 duxetieirri-

227 1037 319 1064 tum,
345 1035 560 1068 necunquam
581 1024 752 1058 crediderit
775 1025 905 1060 sanatos
926 1024 1106 1068 Apostolos

226 1075 274 1110 ita
283 1075 466 1119 baptizasse.
494 1074 604 1122 Qare
615 1074 749 1108 sanstus
762 1074 910 1109 Hilarius
928 1074 1107 1110 pictavien-

227 1122 269 1160 ἐς
279 1125 483 1170 Episcopus,
509 1123 671 1159 adversam
698 1125 893 1159 sententiam
918 1124 1107 1159 constanter

229 1175 409 1210 defendens
436 1175 471 1208 in
497 1173 581 1208 libro
590 1173 632 1208 de
644 1174 809 1216 synodis,
836 1184 905 1208 non
926 1175 971 1209 est
993 1173 1109 1210 admit-

230 1225 367 1260 tendus.
397 1223 527 1271 Quarto
538 1223 714 1265 discimus,
737 1224 829 1268 quod
841 1225 1015 1258 Bonosiaci
1028 1223 1109 1270 gras·

228 1275 290 1310 sati
302 1273 422 1309 fuerint
435 1274 521 1308 circa
533 1275 701 1317 Syrmium
713 1276 885 1318 praesertim
911 1286 949 1308 ac
958 1272 1106 1320 Singidu-

230 1335 311 1359 num
319 1349 330 1366 ,
364 1324 511 1368 adeoque
523 1324 670 1358 Bonosus
681 1324 826 1359 videatur
838 1324 931 1360 fuisse
939 1324 1067 1368 Syrmie
1074 1337 1110 1359 n·

229 1373 270 1408 fis
282 1375 463 1418 Episcopus
476 1375 631 1409 successor
653 1374 792 1409 photini
801 1402 810 1411 .

282 1425 443 1460 Eunomii
454 1425 589 1459 audacia
598 1436 666 1459 non
678 1426 802 1460 transiit
812 1425 853 1460 ad
864 1425 946 1460 alios
958 1424 1110 1460 Arianos.

230 1474 369 1511 Etenim
394 1471 479 1510 inter
506 1474 648 1510 Arianos
675 1486 712 1510 ac
739 1477 969 1510 Eunomianos
995 1474 1112 1509 diserte

229 1525 407 1571 distinguit
419 1525 573 1569 septimus
585 1525 974 1569 Constantinopolitanus
984 1524 1112 1558 Canon.

232 1575 312 1613 Illos
323 1587 378 1620 per
390 1574 716 1610 Chrismamaudans
725 1574 859 1608 admitti
867 1574 904 1606 in
918 1573 1093 1606 Ecclesiam
1103 1596 1112 1611 ‚

233 1624 323 1659 nihil
333 1624 443 1667 culpat
453 1625 487 1657 in
502 1624 645 1667 ipsorum
658 1622 858 1667 baptismate.
886 1622 1046 1656 Attamen
1061 1622 1113 1654 tri-

231 1685 282 1708 nz
292 1674 459 1709 mersionis
476 1673 698 1719 significatum
724 1672 771 1705 illi
783 1679 998 1713 corruperunt
1011 1696 1018 1701 .
1047 1670 1114 1701 Bo-

233 1723 357 1759 nofiaci
373 1725 504 1757 fuerunt
516 1721 650 1757 Sabellii
666 1720 793 1762 soboles
806 1743 813 1751 .
840 1720 933 1753 Hinc
956 1719 995 1753 ad
1020 1719 1115 1762 profi·

233 1773 370 1808 tendam
381 1773 512 1806 unicam
524 1770 666 1805 Domini
676 1770 743 1805 Dei
769 1771 803 1804 δε
815 1779 964 1804 naturam
991 1770 1025 1803 ὃς
1050 1779 1114 1812 per-

232 1824 351 1858 sonam
363 1823 522 1867 quaepiam
534 1821 676 1866 ipsorum
693 1821 790 1856 fadiio
810 1820 970 1865 assumpsit
983 1819 1114 1854 unicam

234 1874 443 1908 mersionem.
472 1871 683 1907 Adversiillis
695 1871 813 1905 Ariani
837 1869 957 1907 trinam
980 1869 1117 1906 retinue-

233 1932 333 1962 runt,
358 1934 426 1957 non
454 1923 495 1956 ad
518 1922 702 1957 triduanam
729 1922 871 1956 Domini
899 1921 1116 1966 sepulturam,

234 1984 294 2007 nec
309 1969 348 2007 ad
360 1973 482 2007 trinam
496 1973 602 2007 unicae
616 1974 758 2007 Deitatis
776 1974 946 2016 personam
958 1998 969 2013 ,
996 1973 1051 2007 sed
1078 1970 1117 2005 ad

234 2022 452 2066 profitendam
481 2025 601 2056 trinam
634 2025 667 2057 ὃ(
696 2024 863 2066 personam
888 2024 921 2057 &
949 2032 1115 2057 naturam.

234 2074 280 2107 Et
292 2071 333 2106 ab
341 2072 498 2106 Eudoxio
508 2073 887 2116 Constantinopolitano
898 2073 1063 2116 Episcopo
1077 2073 1115 2105 ad

236 2122 356 2156 Arium
367 2123 532 2156 transversi
547 2123 652 2157 Gothi
667 2124 870 2167 impietatem
898 2122 982 2157 hanc
1010 2125 1116 2157 siecum

236 2171 450 2206 traduxerunt
465 2172 498 2205 in
520 2173 717 2216 Hispanias.
746 2173 790 2206 Et
809 2175 928 2208 virtute
954 2174 988 2207 ὅς
1014 2171 1117 2206 erudi·v

237 2222 330 2256 tione
341 2233 480 2267 magnos
493 2223 672 2266 Episcopos
686 2223 803 2257 habuit
826 2233 907 2257 tunc
932 2224 1120 2266 Hispania,

239 2271 297 2314 qui
322 2273 355 2306 ὅ(
368 2273 426 2306 suo
440 2273 526 2306 circa
538 2273 603 2306 haec
617 2274 728 2307 officio
743 2285 810 2308 non
825 2274 996 2307 defuerunt
1010 2299 1016 2305 .
1044 2273 1119 2306 Tri-

239 2333 317 2356 nam
329 2322 522 2357 mersionem
536 2347 546 2363 ,
574 2323 646 2357 licet
667 2323 897 2366 Apostolicum
911 2323 1118 2362 Institi-itum,

239 2370 327 2415 quod
341 2372 390 2406 illi
403 2374 491 2407 suam
504 2373 622 2416 lepram
636 2373 865 2408 subintrufiffet
878 2373 1002 2408 Ariana
1023 2374 1118 2417 perfi-

238 2421 294 2455 dia
314 2446 326 2462 ,
352 2423 671 2466 circumscripserunt
695 2448 706 2465 ,
734 2424 934 2457 induxerunt
954 2424 1086 2457 unicam
1110 2447 1119 2462 ‚

243 2481 342 2515 atque
363 2472 407 2507 ita
432 2473 507 2507 suos
525 2472 743 2508 Orthodoxos
755 2474 922 2517 Hispanos
938 2474 977 2508 ab
990 2471 1120 2507 Arianis

243 2519 365 2556 Gothis
388 2523 574 2567 separarunt
605 2548 615 2565 ‚
641 2524 880 2565 discreverunt,
907 2525 941 2558 ὃ(
962 2523 1118 2558 custodie-

241 2581 336 2605 runt.
364 2571 551 2607 Audiamus
572 2575 667 2608 rema
680 2574 801 2619 Magni
813 2573 966 2618 Gregorii
993 2573 1031 2608 ad
1045 2574 1119 2607 San-

243 2621 285 2653 sti
296 2621 439 2657 Leandri
453 2623 655 2666 Hispalensis
669 2623 917 2669 Archiepiscopi
941 2625 974 2658 &
988 2622 1119 2658 Gotho-

244 2680 316 2703 rum
344 2670 493 2712 Apostoli
520 2672 713 2707 relationem
737 2674 908 2718 Rescripto
929 2687 935 2707 :
964 2678 1010 2707 De
1035 2680 1118 2707 trina

244 2718 376 2761 mersione
389 2720 577 2763 baptismatis
590 2723 667 2757 nibil
689 2722 857 2766 responderi
879 2730 978 2758 verius
996 2724 1088 2766 potest
1104 2748 1114 2764 ,

204 2794 208 2797 μ
245 2771 336 2812 qudm
351 2771 431 2811 quod
438 2768 644 2812 ipfifcripfistis
654 2797 661 2804 .
691 2775 774 2816 ‚Quia
785 2780 818 2807 tn
829 2786 890 2807 una
896 2774 956 2816 fide
975 2774 1053 2807 nihil
1061 2775 1114 2816 offi-

245 2818 404 2862 eitsanc‘lae
425 2817 557 2860 Ecclesia
568 2818 739 2863 consuetudo
764 2823 908 2866 diversa.
937 2827 1004 2856 Nos
1018 2833 1115 2857 autem

246 2870 329 2912 qued
337 2873 422 2903 terti&
449 2875 606 2914 mergimus
619 2894 629 2910 ,
659 2872 810 2905 triduanae
830 2872 990 2915 s'epulturae
1013 2877 1117 2908 Sacra-

246 2928 348 2952 menta
351 2918 519 2963 fignamus‚
546 2928 580 2953 ut
589 2920 659 2952 dum
671 2927 756 2954 tertio
766 2921 873 2962 infans
893 2922 930 2954 ab
942 2929 1028 2965 aquis
1049 2927 1117 2958 edu-

245 2975 322 3002 citur
340 2995 350 3011 ,
387 2969 555 3013 resurreHio
579 2971 714 3002 triduam·
746 2977 886 3013 temporis
912 2979 1116 3014 exprimatur.

247 3018 373 3062 ,Qubdfi
380 3020 535 3062 quitforte
547 3026 637 3053 etiam
654 3028 711 3061 pro
724 3019 849 3063 summae
859 3023 1019 3055 Trinitatis
1032 3035 1117 3057 vene-

248 3074 362 3102 ratione
373 3069 492 3108 aestlmet
510 3070 598 3112 fieri,
627 3081 719 3112 neque
745 3073 788 3103 ad
808 3071 857 3104 hoc
880 3073 998 3114 aliquid
1020 3073 1119 3115 obfistit

248 3117 431 3159 baptizando
453 3119 543 3162 semel
566 3126 597 3152 in
608 3126 696 3163 aquis
710 3132 854 3164 mergere.
885 3124 970 3165 ,Quia
997 3122 1066 3156 dum
1087 3130 1117 3156 tn

250 3166 346 3200 tribus
356 3167 488 3211 personIs
500 3181 561 3203 una
568 3169 732 3213 substantia
743 3170 779 3211 est
790 3196 801 3212 ,
827 3171 1047 3213 reprehensibile
1069 3174 1119 3216 effe

250 3218 541 3260 nullatenuspotest‚
567 3220 718 3262 infantem
730 3227 763 3255 in
775 3220 950 3265 baptismate
969 3229 1002 3255 in
1012 3233 1120 3265 aquam

250 3268 304 3301 vel
323 3276 368 3301 ter
394 3269 446 3301 vel
459 3267 552 3311 semel
561 3276 749 3315 immergere,
776 3273 897 3314 quando
924 3273 957 3305 ὀ·
979 3278 1012 3304 in
1024 3273 1119 3307 tribus

250 3328 313 3350 mer
322 3317 432 3350 ionibus
451 3315 642 3361 personarum
653 3324 803 3361 Trinitas,
837 3323 870 3355 <st
892 3327 924 3354 in
950 3333 1010 3355 una
1030 3323 1119 3364 potest

252 3369 435 3401 Diva’tatis
452 3367 645 3411 singularitas
670 3371 833 3414 designari·
860 3372 920 3404 sed
944 3378 1012 3414 quia
1045 3385 1122 3407 nunc

251 3415 306 3450 buc
314 3415 402 3461 usque
423 3417 461 3450 ab
489 3422 640 3452 Haerotici's
667 3420 771 3461 infans
781 3428 813 3454 in
831 3420 1009 3465 baptismate
1036 3430 1121 3458 tertio

351 3466 458 3508 Christ.
471 3472 548 3511 Lupi
559 3474 643 3512 Oper.
656 3473 732 3503 Tom.
745 3475 794 3504 1V.

656 139 697 184 S.
769 131 1787 184 L-ii02'ii‘is1N.0ni·Ai-.aeis.

1881 155 1968 200 393

1163 224 1348 269 mergebatur
1360 247 1370 263 ,
1390 225 1526 267 fiendum
1536 227 1622 267 apud
1645 237 1703 258 vos
1722 228 1778 269 effe
1797 238 1855 262 non
1863 225 1981 271 censeo.-
2006 234 2043 264 ηε·

1164 275 1234 307 dum
1259 275 1409 317 mersiones
1437 285 1614 316 numerant,
1643 278 1845 311 Divinieatem
1869 279 2017 312 amdam
2028 288 2044 322 ,⁶

1165 323 1291 367 dumque
1316 327 1397 368 quod
1406 325 1571 368 faciebant
1584 325 1726 368 factum,
1750 326 1786 370 se
1800 338 1910 363 morem
1919 328 2046 369 nostrum

1164 375 1259 418 vicisse
1263 376 1428 419 glorientur
1438 399 1445 408 .
2042 390 2044 392 ·

1216 426 1318 463 Aliud
1329 426 1373 460 est
1386 427 1563 470 propositio
1575 425 1721 462 haeretica
1735 435 1791 463 aut
1798 425 2049 469 'erronea-aiiii&

1166 476 1343 519 propositio
1356 477 1495 520 suspe&a
1508 502 1519 517 ,
1547 477 1729 511 scandalosa
1740 501 1751 517 ,
1777 483 1838 512 ant·
1848 478 1974 522 piarum
1990 490 2046 513 au-

1167 524 1249 559 rium
1278 526 1452 560 offensiva-
1481 526 1582 560 Hanc
1606 527 1882 571 propositionem,
1908 530 1937 561 S.
1958 533 2046 572 Virgo

1166 574 1202 614 est
1215 575 1418 618 christipara,
1449 577 1524 618 quis
1547 575 1676 611 dubitet
1702 578 1765 611 effe
1775 576 1985 613 Catholicam
2012 579 2046 612 ὃς

1167 623 1422 659 Orthodoxam?
1450 626 1553 669 Ipsam
1567 636 1677 662 tamen
1689 628 1804 671 quinta
1815 628 1967 672 Synodus
1987 628 2046 661 cir.-

1167 674 1361 718 cumscripsit
1381 674 1592 709 &abolevit.
1625 675 1727 723 Qiod
1755 679 1872 722 nempe
1883 678 2048 712 Nestoriu-

1168 726 1226 763 ni‚
1252 734 1367 758 vocem
1378 727 1514 765 Deipara
1525 726 1686 764 aversati,
1714 737 1786 760 eam
1810 729 1844 761 in
1871 727 2048 762 suierroris

1169 773 1343 810 latibulum
1369 773 1554 814 vertissent,
1581 775 1615 808 ὅ(
1644 773 1732 809 hunc
1744 775 1801 809 sub
1829 777 1894 818 ipsa
1907 778 2050 811 occulta-

1168 833 1262 864 rent,
1289 825 1338 858 uti
1365 824 1479 867 lupum
1509 824 1568 858 sub
1588 824 1687 859 ovina
1714 824 1808 858 lana.
1843 825 1946 859 Erant
1958 836 2052 859 voces

1170 876 1281 909 sanetae
1309 875 1343 908 &
1364 884 1468 918 purae‚
1494 874 1607 909 verum
1633 873 1673 909 ad
1702 875 1808 909 sandia
1835 876 1869 909 &
1895 876 2053 919 profana,

1169 924 1209 958 ad
1222 935 1300 968 pura
1326 925 1498 968 &impura
1510 926 1597 960 sensa
1627 924 1858 960 ambidextrae:
1888 926 1921 960 &
1949 924 2054 964 obin-

1170 977 1294 1012 trusum
1306 975 1451 1009 Nestorii
1464 975 1550 1009 virus
1564 975 1646 1009 male
1672 975 1761 1010 olere
1782 986 1964 1019 coeperant,
1991 976 2055 1009 effe

1172 1026 1354 1068 periculosae
1381 1024 1598 1060 &scabiosae-
1626 1025 1723 1060 Paffae
1736 1028 1807 1060 sunt
1828 1025 1913 1060 istud
1926 1025 2054 1068 ipsum,

1171 1075 1259 1119 quod
1286 1074 1408 1119 patitur
1433 1075 1556 1110 munda
1583 1075 1676 1109 vestis
1702 1076 1880 1111 abintruso
1907 1075 2054 1110 scabioso

1171 1135 1306 1169 corpore
1320 1149 1327 1156 .
1356 1125 1400 1159 Et
1411 1123 1490 1159 hinc
1502 1136 1569 1159 nori
1585 1126 1698 1159 sanum
1710 1126 1774 1160 illis
1785 1127 1927 1160 inditum
1950 1127 1970 1159 a
1986 1126 2056 1159 san·

1172 1175 1226 1208 {tis
1237 1173 1389 1209 Patribus
1400 1175 1527 1209 sensum
1543 1175 1712 1210 damnavit
1724 1201 1735 1217 ,
1763 1175 1817 1210 sed
1838 1177 1917 1218 ipsas
1930 1175 2058 1209 dumta-

1173 1235 1229 1259 xat
1240 1224 1281 1266 ab
1294 1225 1389 1259 omni
1402 1224 1491 1259 fideli
1506 1236 1560 1259 ore
1575 1226 1728 1269 deinceps
1740 1227 1919 1269 proscripsit
1948 1225 2055 1258 lauda·

1174 1285 1206 1309 ta
1217 1273 1371 1318 Synodus
1382 1299 1393 1316 ,
1425 1275 1572 1310 sanciens
1583 1287 1718 1310 omnem
1732 1277 1805 1319 ipsis
1821 1276 1890 1320 post
1905 1274 1965 1309 hac
1987 1275 2058 1309 usu·

1174 1335 1246 1359 rum
1272 1326 1342 1360 fore
1368 1325 1453 1359 male
1475 1324 1626 1366 olidum,
1654 1327 1875 1369 &suspectum
1889 1325 1928 1360 de
1940 1323 2060 1358 Nesto-

1176 1374 1246 1415 rio,
1274 1384 1330 1409 aut
1355 1374 1454 1410 etiam
1479 1376 1668 1411 convistum
1690 1403 1695 1410 .
1727 1377 1840 1423 Qiam
1866 1376 2059 1421 potestatem

1176 1423 1295 1465 habet,
1323 1425 1554 1469 &frequenter
1564 1427 1710 1460 exercuit
1723 1427 1864 1460 Ecclesia
1892 1427 1977 1460 circa
2005 1424 2063 1458 bo-

1179 1486 1235 1508 nas
1262 1474 1341 1508 item
1354 1475 1517 1516 actiones,
1545 1478 1643 1510 etiam
1672 1476 1756 1510 circa
1783 1476 1944 1510 elementa
1958 1477 2065 1509 Sacra-

1178 1523 1333 1556 mentalia
1350 1546 1358 1554 .
1386 1524 1522 1557 Etenim
1550 1526 1714 1567 publicam
1743 1525 1855 1569 populi
1883 1525 1939 1559 sub
1967 1525 2064 1558 unica

1180 1571 1271 1615 panis
1283 1570 1385 1614 specie
1397 1573 1672 1608 communionem
1683 1576 1756 1618 quis
1769 1576 1899 1619 ignoret
1911 1575 2066 1613 sanstam,

1178 1622 1210 1654 ὃς
1223 1621 1322 1654 etiarn
1335 1621 1417 1654 olim
1429 1621 1564 1656 liberam
1592 1635 1629 1657 ac
1647 1625 1796 1659 usitatam
1806 1625 1823 1658 a
1837 1625 1949 1659 multis
1960 1624 2067 1668 genti-

1179 1669 1263 1702 bus?
1290 1668 1418 1702 Verum
1442 1670 1562 1714 Magni
1577 1672 1701 1705 Leonis
1727 1683 1875 1717 tempore
1902 1675 1936 1707 ὃς
1955 1674 2066 1707 Mani-

1178 1717 1258 1752 chaei
1284 1718 1317 1753 &
1330 1717 1580 1755 priscillianistae
1594 1723 1668 1756 sunt
1682 1723 1746 1767 ipsa
1762 1723 1850 1758 abusi
1865 1749 1872 1755 .
1896 1725 1976 1770 Qo
2004 1723 2065 1757 Ec-

1181 1769 1280 1803 clefiae
1305 1781 1341 1804 ac
1358 1770 1558 1814 Reipublicae
1567 1772 1682 1808 oculos
1707 1774 1741 1807 ὅ(
1753 1785 1865 1817 poenas
1877 1773 2064 1812 evaderent,

1180 1820 1210 1855 se
1223 1819 1257 1855 in
1270 1821 1412 1856 Basilicis
1423 1822 1601 1865 junxerunt
1616 1823 1719 1857 solum
1735 1835 1852 1866 panem
1880 1823 2066 1857 communi-

1180 1871 1328 1905 cantibus
1341 1871 1511 1913 fidelibus,
1538 1883 1635 1916 atque
1663 1874 1708 1908 ita
1737 1874 1830 1908 istam
1858 1873 2067 1908 communio·

1184 1933 1256 1956 nem
1270 1920 1436 1958 reddidere
1458 1923 1652 1965 suspediam.
1683 1923 1779 1957 Hinc
1805 1924 1906 1966 ipsam
1934 1923 2070 1966 proscri-

1183 1973 1239 2015 psit
1256 1997 1266 2011 ,
1290 1973 1464 2006 &omnem
1479 1971 1577 2005 ltaliae
1602 1980 1700 2015 atque
1723 1973 1893 2016 Hispaniae
1905 1973 2065 2016 populum

1182 2023 1222 2056 ad
1236 2022 1401 2064 utriusque
1414 2022 1530 2064 speciei
1554 2022 1774 2065 sumptionem
1795 2023 1967 2057 adstrinxit
1994 2022 2068 2057 Ma-

1172 2083 1265 2117 ‚gnus
1279 2072 1366 2114 Papa
1378 2071 1468 2112 Leo,
1496 2072 1642 2106 sanciens
1653 2083 1788 2107 omnem
1807 2073 1848 2107 de
1874 2072 1945 2107 solo
1974 2073 2066 2116 panis

1174 2122 1343 2159 ¹elemento
1354 2119 1508 2165 deinceps
1519 2123 1823 2158 communicantem
1850 2122 1919 2156 fore
1946 2121 2067 2156 haben-

1182 2172 1261 2207 dum
1288 2172 1536 2207 &tractandum
1549 2174 1596 2207 uti
1609 2171 1835 2209 Manichaeum
1862 2184 1917 2207 aut
1940 2172 2068 2206 Priscil-

1185 2223 1364 2257 lianistam.
1390 2221 1489 2256 Plura
1501 2223 1573 2256 sunt
1597 2222 1955 2266 hujusmodiexempla.
1972 2222 2065 2256 Dum

1186 2271 1421 2307 ArianiGothi
1436 2282 1639 2316 occuparunt
1659 2273 1860 2317 Hispanias,
1885 2271 2065 2307 orthodoxi

1184 2322 1444 2357 istiusDioecesis
1473 2323 1627 2367 Episcopi
1654 2323 1794 2358 eandem
1822 2324 1969 2368 regulam
1994 2335 2068 2356 cen-

1187 2374 1316 2413 suerunt
1329 2372 1562 2408 adsumendam
1574 2374 1659 2408 circa
1669 2375 1788 2408 trinam
1809 2374 2002 2408 mersionem
2017 2373 2069 2406 ba*

1184 2424 1354 2467 prismatis.
1386 2423 1487 2467 Ejus,
1512 2423 1587 2457 licet
1603 2436 1670 2459 non
1682 2425 1865 2464 elementa,
1893 2434 2003 2458 tamen
2024 2424 2069 2456 sa-

1183 2486 1236 2508 cra
1261 2474 1441 2519 significata
1459 2473 1569 2508 Gothi
1594 2485 1818 2509 mutaverant:
1845 2474 1976 2508 Tresin
1992 2475 2069 2506 Deo

1185 2536 1250 2558 non
1264 2523 1394 2558 tantum
1408 2526 1558 2568 personas
1572 2550 1583 2566 ,
1610 2525 1662 2558 sed
1690 2526 1724 2559 δε
1738 2535 1867 2559 naturas
1878 2522 2064 2566 blaspheme

1182 2574 1433 2618 profitebantur.
1463 2575 1557 2608 Hinc
1586 2575 1682 2611 istum
1700 2598 1710 2614 ,
1737 2576 1813 2609 licet
1840 2573 2068 2608 sanctissimum

1182 2637 1218 2659 ac
1231 2623 1464 2668 Apostolicum
1492 2625 1590 2659 ritum
1617 2625 1842 2660 omittendum
1870 2625 1902 2658 δε
1933 2625 2068 2657 circum-

1181 2674 1370 2708 ducendum
1382 2675 1577 2708 censuerunt
1593 2675 1719 2718 providi
1732 2674 1964 2717 Hispaniarum
1988 2674 2066 2716 Epi-

1182 2723 1287 2766 scopi,
1312 2723 1345 2757 &
1356 2723 1487 2757 unicam
1503 2747 1513 2762 ‚
1541 2735 1611 2767 quae
1623 2735 1722 2758 unam
1737 2724 1869 2758 Divinae
1882 2722 2063 2765 Majestatis

1184 2783 1327 2808 naturam
1356 2774 1558 2816 profiteretur
1585 2796 1595 2813 ,
1618 2775 1811 2809 mersionem
1837 2773 2037 2807 induxerunt
2054 2798 2061 2804 .

1182 2826 1227 2859 Ita
1243 2825 1327 2857 inter
1345 2824 1576 2857 Romanorum
1589 2825 1622 2857 in
1641 2824 1806 2868 Hispania
1833 2835 1939 2858 veram
1961 2822 2061 2856 fidem

1180 2876 1211 2908 ὅς
1226 2873 1415 2907 Gothorum
1430 2873 1599 2917 perfidiam
1623 2873 1841 2909 discreverunt
1855 2899 1861 2905 .

1230 2925 1364 2957 Sanctus
1379 2924 1499 2958 interea
1521 2923 1670 2958 Leander
1686 2923 1907 2959 Richaredum
1936 2923 2063 2967 Regem

1181 2975 1213 3008 ὃς
1225 2985 1361 3008 omnem
1375 2973 1563 3007 Gothorum
1577 2974 1608 3007 in
1623 2974 1784 3017 Hispania
1803 2983 1935 3019 gentem
1954 2973 2069 3017 perdu-

1183 3025 1229 3057 xit
1243 3024 1282 3057 ad
1295 3022 1462 3057 Christum
1476 3024 1664 3058 Dominum
1690 3025 1724 3057 ὅτ.
1753 3023 1962 3058 Catholicam
1989 3023 2066 3057 His-

1185 3073 1280 3118 paniae
1291 3072 1498 3116 disciplinam
1515 3097 1526 3112 ,
1549 3083 1646 3115 atque
1663 3075 1709 3108 ita
1734 3075 1837 3109 etiam
1862 3073 1903 3107 ad
1930 3073 2061 3107 unicam

1182 3125 1390 3158 mersionem.
1421 3123 1477 3157 Ob
1490 3122 1566 3157 duas
1579 3124 1748 3167 praesertim
1765 3125 1906 3159 rationes
1918 3149 1925 3156 .
1952 3123 2063 3156 Prima

1183 3174 1254 3214 fuit,
1268 3185 1307 3207 ne
1321 3173 1465 3216 ipsorum
1478 3174 1630 3217 antiquus
1645 3172 1685 3207 de
1700 3173 1825 3208 Divina
1840 3173 1972 3208 essentia
1986 3171 2063 3206 blas-

1186 3224 1319 3268 phemus
1329 3234 1418 3257 error
1429 3223 1580 3267 deinceps
1591 3223 1723 3258 haberet
1736 3226 1847 3259 ansam
1858 3233 1914 3257 aut
1935 3223 2062 3257 fomen-

1182 3285 1272 3308 tum.
1301 3274 1344 3307 Et
1358 3271 1442 3307 hanc
1458 3273 1618 3308 rationem
1630 3273 1763 3309 laudant
1775 3274 1911 3308 adducta
1940 3271 2059 3314 Magni

1184 3324 1332 3367 Gregorii
1348 3323 1442 3357 verba
1457 3337 1467 3357 .·
1494 3329 1546 3357 Ne
1558 3325 1630 3357 dum
1641 3324 1788 3367 merfiones
1800 3331 1960 3357 numerant
1972 3343 1981 3358 2
2006 3324 2060 3355 Di·

1187 3379 1346 3407 vinitatem
1359 3375 1503 3406 dividant
1515 3398 1522 3406 .
1549 3373 1696 3407 Alteram
1710 3374 1844 3411 edicunt
1867 3372 1930 3404 haec
1943 3368 2033 3401 verba
2049 3380 2055 3399 τ

1186 3428 1236 3458 Ne
1247 3425 1318 3457 dum
1330 3425 1408 3466 quod
1411 3422 1571 3464 faciebant
1576 3423 1699 3466 faciunt
1711 3449 1722 3466 ‚
1748 3435 1856 3457 morem
1877 3419 1934 3459 nost
1937 3430 2000 3449 rum
2022 3416 2057 3460 se

1534 3473 1570 3508 D
1597 3473 1617 3508 d
1644 3473 1664 3508 d
1913 3467 2006 3511 vicisse
