2352 3736
522 127 716 171 DeS.

226 213 279 247 fia:
306 208 428 249 Altari,
461 220 526 251 quo
549 208 671 245 Divina
692 210 871 253 pet-asturus
892 208 947 243 iile
972 206 1108 243 debebat

230 259 337 294 statim
358 259 525 293 accedere.

280 308 529 354 Pergitlaudata
540 308 831 343 commemoratio:
862 313 940 343 Hinc
959 308 1108 341 ordinarit

230 363 405 393 Latinorum
432 357 566 400 Ecclefiis
587 365 670 392 Intra
692 356 788 402 ipsam
807 357 1108 399 Constantinopolim,

228 409 420 443 anathemate
432 409 509 442 dida
533 409 663 450 cunctis,
689 414 738 452 qus·
760 409 898 449 deinceps
919 413 1111 441 communica-

227 469 294 493 rent
306 461 342 492 de
351 470 444 492 manu
455 463 575 499 Graeci,
601 463 766 494 Romanum
788 458 968 500 sacrificium
992 463 1110 497 vitupe-

226 516 349 547 rantis,
374 515 407 542 in
418 507 508 552 osculo
514 515 621 552 pacis,
645 517 764 550 accepta
780 507 932 541 orthodoxi
953 512 1109 548 Imperato-

792 124 1127 170 LEONIS

1196 122 1430 170 N0N1

1500 127 1796 171 ACTIS.
1883 145 1980 189 447

1174 218 1276 239 norum
1288 231 1299 246 ,
1311 207 1436 241 Paulum
1449 207 1587 241 videlicit
1596 231 1606 247 ,
1617 208 1753 249 acfilium
1762 209 1827 248 ejus
1839 208 1858 239 5
1859 212 2044 251 maragdum,

1171 254 1257 299 caesos
1269 259 1302 290 (ν’
1313 259 1445 290 detentos
1460 257 1596 289 Michaeli
1608 260 1739 291 tradidit
1754 283 1763 297 ,
1782 256 1877 298 fitque
1902 260 2044 290 tumultus

1170 307 1219 341 ille
1228 312 1392 348 conquievIt
1405 330 1411 337 .
1437 307 1543 340 Verizm
1554 311 1719 348 Imperator
1725 307 1785 349 post
1797 311 1831 339 N
1833 311 1930 340 unitos
1942 311 2048 340 Roma-

1171 367 1223 388 nos
1239 356 1358 389 direclis
1365 355 1429 399 ficis
1445 381 1454 396 ,
1480 358 1631 398 exemplar
1641 362 1942 390 excommunicationis
1958 368 2048 391 vera·

1169 407 1303 446 ciffimum
1313 408 1334 441 ἃ
1344 413 1468 440 civitate
1479 407 1625 449 Rufflarum
1629 407 1684 448 fibi
1696 408 1840 450 remissum
1851 413 1959 448 accepit
1973 431 1983 447 ,
2010 412 2049 439 ci-

1170 454 1314 497 vibusque
1325 481 1335 496 ‚
1361 468 1396 489 ac
1408 457 1530 489 tandem
1543 457 1711 492 Michaelem
1718 455 1837 500 falsaffi
1846 456 1980 489 chartam
1993 460 2050 491 Le·

1166 515 1302 549 gatorum
1314 511 1448 550 comperit
1462 530 1472 545 ‚
1481 516 1569 549 atque
1580 513 1723 540 convicit.
1751 512 1857 549 Itaque
1868 517 2023 540 commotus
2036 530 2048 546 ,

226 566 268 592 ris
281 560 402 593 licentia
411 583 422 599 ‚
448 557 588 602 donisque
597 556 799 600 Imperialtbus
811 559 830 591 5
832 558 916 590 aneto
939 560 1027 590 Petro
1040 580 1050 595 ,
1076 553 1110 587 Θ
1151 559 1157 591 Ι
1172 560 1276 587 amicos
1288 556 1322 588 (9·
1333 556 1448 598 adfines
1459 555 1544 597 ipfius
1557 556 1709 589 honoribus
1725 564 1865 598 privatos
1890 558 1909 588 ἆ
1931 558 2048 589 Palatio

219 608 278 650 fibi
288 633 299 648 ‚
325 610 438 642 alacres
449 617 595 650 coeperunt
605 614 716 642 reverti
724 634 734 650 ‚
761 617 867 651 quarto
879 609 987 643 decimo
998 604 1110 640 Kalen-

226 660 284 691 das
295 658 412 703 Augusti
425 683 432 690 .
459 658 575 693 Aliam
589 658 718 702 insuper
729 655 1108 694 excommunic-tionem

224 707 441 750 adjunxerunt
452 709 524 742 viva
538 719 618 742 voce
630 721 637 741 :
657 703 920 752 Quicumquefidei
931 704 1046 739 sanc‘iae
1056 708 1112 739 Ro-

228 769 328 790 manae
343 759 377 791 &
388 757 550 799 apostolica
561 760 646 791 Sedis
657 782 668 798 ‚
679 756 796 800 ejusque
802 756 945 800 sacrificio
951 761 1109 798 pertinaci-

226 816 272 841 ter
284 809 498 841 contradixerit
509 833 518 848 ,
537 807 576 848 fit
582 807 755 840 LAnathema
767 805 952 838 Maranatha
962 831 972 846 ‚
998 815 1048 838 nec
1058 805 1109 838 ba·

227 856 332 890 beatur
342 857 526 897 christianus
539 857 709 891 Catholicus
721 879 733 896 ,
755 854 812 897 sed
823 859 989 896 Prozymita
1000 854 1111 889 baereti-

226 916 278 939 cus
294 931 301 939 .
328 910 403 939 Fiat
413 930 424 945 ,
444 906 503 947 fiat
521 930 533 945 ,
555 906 614 947 fiat
636 930 642 936 .
673 904 846 949 Judiciales
863 929 873 944 ‚
899 915 936 938 ut
959 905 1112 948 valeant,

227 956 400 991 sententias
411 955 528 997 scripto
539 954 607 987 fieri
620 955 776 988 mandant
787 955 820 989 δε
832 954 936 998 Leges
947 955 980 988 &
1006 955 1113 988 Cano-

216 1015 286 1038 ‘nes
296 1029 303 1036 .
326 1004 407 1038 Haec
422 1014 488 1037 non
516 1003 581 1036 fuit
602 1000 790 1046 hujusmodi
805 1028 811 1035 .
834 1005 912 1040 Fuit
941 1004 1090 1048 generale
1101 1029 1111 1044 ‚

229 1053 319 1098 quod
334 1053 519 1087 Canonicas
531 1051 697 1087 haerefis&
709 1053 887 1087 schismatis
908 1053 1055 1090 edicebat
1079 1054 1113 1087 ὅ(

230 1104 350 1137 cunetis
361 1102 544 1137 minabatur
552 1113 665 1145 poenas
674 1126 685 1142 ,
712 1104 905 1139 Decretum.
935 1103 1026 1138 Hinc
1039 1103 1112 1137 viva

231 1164 313 1187 voce
327 1152 434 1196 potuit
445 1152 514 1186 fieri
524 1177 531 1184 .
545 1153 597 1187 De
610 1153 835 1196 lmperialibus
847 1153 881 1188 in
893 1154 1033 1198 Legatos
1044 1164 1113 1186 mu-

232 1202 362 1237 neribus
373 1202 483 1237 scribit
495 1201 687 1239 Lambertus
696 1201 1000 1247 schafnaburgensis
1011 1216 1018 1236 ε
1043 1206 1113 1236 Fre-

232 1254 345 1287 derisus
372 1251 620 1286 Archi-Diaconus
644 1277 656 1293 ‚
683 1252 932 1294 Constantinopoli
954 1253 1091 1297 regressus
1103 1278 1112 1293 ‚

233 1304 309 1337 dona
319 1314 384 1344 quae
395 1302 433 1335 ab
455 1307 636 1345 Imperatore
657 1302 979 1345 Constantinopolitano
994 1311 1114 1344 perma-

226 1352 353 1396 gnificat
375 1352 526 1395 deferebat
546 1376 557 1393 ‚
584 1352 717 1395 Ecclefiae
744 1357 887 1388 Romanae
916 1352 1096 1398 consignavit
1106 1375 1114 1384 .

229 1404 418 1437 Romanam
441 1402 618 1438 Ecclesiam
628 1428 640 1444 ,
665 1404 719 1437 cui
741 1403 871 1438 reddere
893 1404 1057 1438 Dioeceses
1079 1403 1113 1435 &

227 1454 424 1495 patrimonia
446 1464 514 1488 non
537 1462 662 1497 poterat
683 1478 694 1494 ‚
733 1451 939 1488 orthodoxus
961 1452 1114 1496 Princeps

228 1502 385 1548 Augustis
394 1502 702 1538 saltemmuneribus
716 1503 822 1538 voluit
844 1502 1042 1537 honoratam
1053 1526 1061 1534 .

275 1553 356 1588 Haec
392 1554 506 1589 omnia
533 1562 715 1589 terruerunt
741 1552 947 1588 Michaelem
975 1551 1112 1583 Patriar-

226 1601 322 1636 cham
332 1627 343 1644 ‚
370 1603 511 1646 ideoque
530 1603 637 1644 pergit
659 1601 788 1634 laudata
810 1598 1109 1635 commemoratio:

225 1656 333 1684 Nimia
341 1652 481 1690 instantia
486 1658 609 1692 precum
621 1648 774 1682 Michaelis
786 1648 963 1689 spondentis
977 1655 1048 1679 tunc
1059 1647 1109 1678 de-

224 1698 343 1742 mumse
355 1699 551 1739 conflic‘lurum
561 1709 625 1731 cum
638 1701 758 1739 Legatis
771 1720 781 1737 ,
808 1701 970 1737 Imperator
984 1696 1110 1737 compul-

220 1748 274 1792 sus
285 1750 304 1780 ci
315 1747 440 1787 Selybria
456 1749 565 1781 litteris
571 1745 635 1789 fiiis
647 1757 693 1779 eos
712 1752 865 1780 revocavit
885 1750 970 1779 tertio
1001 1747 1112 1781 decimo

224 1799 369 1833 kalendas
382 1797 516 1841 Augusti.
545 1799 613 1840 ,Quo
622 1802 710 1829 etiam
735 1798 781 1829 die
796 1795 974 1837 festinantes
1000 1796 1110 1840 regreffl

225 1851 415 1882 diverterunt
424 1849 468 1881 ad
477 1848 629 1882 Palatium
642 1849 714 1890 Pegt
729 1865 738 1871 -
762 1849 849 1889 ,Quos
868 1845 1024 1888 praefatus
1051 1849 1110 1879 Mi-

225 1898 311 1934 chael
319 1896 515 1939 Haerefiarcba
525 1902 700 1939 comperiens
709 1896 823 1938 rediisse
838 1920 848 1936 ‚
866 1893 949 1937 quasi*
956 1897 999 1928 ad
1008 1898 1110 1929 Conci-

225 1950 297 1983 lium
306 1948 464 1982 conabatur
472 1948 619 1981 adducere
630 1952 662 1979 in
676 1945 831 1986 Ecclesiam
853 1948 872 1980 5
874 1945 972 1979 am‘lae
994 1945 1110 1988 sopbiae

222 1997 357 2043 sequenti
367 1999 416 2031 die
428 2020 440 2036 ,
464 2005 497 2029 ut
507 1995 614 2037 ostensa
624 1995 729 2029 cbarta
741 1996 854 2028 illorum
866 2018 876 2033 ,
887 2007 977 2037 quam
990 2002 1106 2030 omnino

225 2055 396 2089 corruperat
406 2044 615 2086 transferendo
627 2070 637 2086 ‚
646 2045 831 2079 obruerentur
838 2045 948 2079 ibidem
959 2046 1105 2087 apopulo.

226 2097 456 2142 ,Quodprudens
468 2100 628 2137 Imperator
635 2104 813 2137 praecavens
824 2096 913 2128 noluit
927 2094 1032 2129 haberi
1052 2097 1107 2129 ali·

226 2149 305 2191 quod
314 2147 476 2179 Concilium
487 2169 498 2185 ,
524 2144 619 2187 nisi&
630 2144 692 2187 ipse
704 2146 811 2189 adesset
835 2143 969 2189 praesens
984 2170 991 2177 .
1019 2149 1107 2178 Cum-

227 2209 283 2240 que
293 2202 325 2230 in
335 2195 385 2230 boc
396 2202 423 2230 ei
431 2196 604 2228 omnimodis
623 2194 751 2229 Michael
771 2197 982 2230 contradiceret
994 2221 1004 2237 ,
1024 2196 1106 2237 juffit

228 2245 365 2291 Augustus
379 2244 453 2289 ipsos
463 2249 597 2279 Nuntios
607 2245 754 2287 confestim
766 2251 898 2287 arripere
909 2252 967 2280 iter
979 2271 986 2278 .
1013 2247 1109 2291 ,Quod

228 2296 387 2338 &sadum
396 2295 435 2337 est
445 2321 452 2328 .
482 2298 573 2330 Porro
584 2294 710 2339 vesanus
722 2295 850 2329 Michael
856 2296 955 2329 dolens
961 2293 987 2339 s
979 2307 1034 2330 uas
1047 2307 1105 2330 non

1171 606 1345 638 eliminavit
1356 631 1366 645 ,
1391 615 1548 649 contraque
1557 613 1567 638 i
1569 605 1656 649 psum
1667 606 1756 650 usque
1769 618 1842 641 nunc
1847 618 1961 650 graves
1981 612 2047 639 iras

1169 659 1302 688 retinuit.
1332 655 1432 704 Qod
1447 655 1653 698 Apostolicas
1665 659 1789 692 litteras
1797 658 1909 693 falsare
1920 656 1957 690 fit
1968 656 2050 691 anti-

1171 715 1234 747 qua
1275 706 1425 738 omniurn
1449 704 1695 747 haereticorum‚
1723 708 1908 741 Graecorum
1932 706 2050 749 praeser-

1172 755 1232 787 tim
1245 777 1256 795 ,
1281 755 1371 787 ars&
1383 754 1500 793 dolus,
1525 754 1652 788 ostendi
1667 757 1760 799 poffit
1779 756 1926 798 plurimis
1946 767 2052 790 exem-

1171 803 1253 847 plis.
1281 802 1428 838 Perrexit
1458 802 1605 838 Michael
1626 804 1750 839 sordere
1773 805 1807 838 in
1827 806 1881 838 sua
1904 805 2053 839 adversus

1173 854 1360 890 Romanam
1387 852 1581 888 Cathedram
1606 853 1750 897 superbia
1771 855 1804 888 &
1826 854 2054 894 contumacia,

1174 905 1256 947 ipsas
1282 903 1470 938 traduxitin
1484 903 1704 945 successores,
1731 914 1828 947 atque
1851 905 1895 937 ita
1919 914 2056 937 omnem

1174 954 1380 988 orientalem
1393 954 1568 987 Ecclesiam
1581 955 1792 997 praecipitavit
1812 955 1845 987 in
1876 954 2055 987 Turcicam

1175 1004 1395 1046 captivitatem
1406 1028 1415 1043 ,
1441 1003 1474 1038 ἀ
1487 1004 1561 1049 usqe
1574 1002 1673 1039 hodie
1687 1004 1871 1050 sanguineis
1882 1002 2057 1046 lachrymis

1178 1052 1391 1096 deplorandas
1405 1053 1562 1087 miserias.

1227 1103 1350 1137 Omnia
1369 1100 1435 1136 haec
1448 1101 1645 1145 compendio
1658 1103 1813 1146 descripta
1836 1102 1933 1138 habes
1956 1103 2057 1137 etiam

1181 1153 1215 1186 in
1237 1153 1363 1189 famoso
1385 1153 1470 1195 apud
1491 1152 1900 1197 constantinopolitanum
1925 1154 2057 1187 Patrum

1182 1201 1430 1237 Praedicatorum
1463 1202 1677 1239 Conventum
1712 1214 1840 1246 reperto
1867 1203 2027 1236 Trastatu
2050 1227 2059 1235 .

1183 1251 1390 1288 Cardinalem
1412 1252 1617 1288 Fredericum
1641 1254 1733 1289 fuisse
1746 1253 1902 1287 Romanae
1916 1252 2059 1286 Ecclesiae

1181 1301 1422 1337 cancellarium
1444 1326 1455 1343 ‚
1492 1303 1635 1347 Legatos
1670 1301 1994 1339 honorificentiffime
2013 1302 2062 1335 su·

1177 1353 1301 1395 sceptos
1321 1351 1362 1386 ab
1384 1353 1575 1396 Imperatore
1600 1352 1850 1394 Monomacho,
1875 1352 1916 1388 de
1931 1354 2062 1394 Azymo

1177 1412 1290 1445 quater
1319 1402 1490 1445 disputasse
1509 1414 1584 1436 cum
1607 1401 1771 1438 Michaele
1785 1399 1969 1438 Patriarcha
1992 1427 2003 1442 ,
2028 1402 2064 1435 ἔτ

1177 1462 1255 1486 tunc
1277 1451 1318 1485 ab
1341 1452 1412 1495 ipso
1445 1452 1537 1486 fuisse
1567 1452 1729 1487 devitatos
1749 1453 1896 1488 adfirmat
1920 1477 1930 1493 ‚
1968 1461 2064 1495 atque

1179 1500 1379 1544 prosequitur
1388 1516 1399 1535 .-
1431 1505 1537 1545 Legati
1549 1514 1617 1536 mox
1628 1506 1657 1536 5.
1672 1506 1692 1536 5
1693 1503 1788 1545 opbiae
1802 1502 1960 1541 Basilicam
1971 1508 2067 1545 ingre-

1176 1551 1290 1583 dientes
1303 1573 1314 1588 ‚
1329 1549 1421 1591 super
1433 1552 1534 1583 altare
1557 1554 1732 1594 paginulam
1753 1550 2067 1586 excommunicatio-

1179 1598 1230 1632 nis
1238 1596 1399 1639 posuerunt
1409 1623 1416 1629 .
1444 1601 1474 1633 E
1477 1608 1605 1634 xeuntes
1616 1610 1716 1635 autem
1727 1602 1765 1634 ab
1777 1600 1904 1643 Ecclefia
1918 1625 1927 1642 ,
1937 1599 2066 1644 sublatis

1172 1647 1286 1688 pedum
1290 1644 1444 1687 sandaliis
1454 1670 1465 1686 ‚
1485 1653 1730 1687 pavimentorum
1742 1662 1889 1685 marmora
1898 1655 2067 1692 percutien-

1178 1704 1223 1728 tes
1237 1719 1248 1735 ‚
1274 1701 1308 1727 in
1321 1707 1403 1729 mare
1411 1696 1565 1736 pulverem
1582 1700 1791 1739 proiecerunt.
1820 1703 1974 1735 Praeerea
1997 1699 2066 1742 ipfis

1175 1746 1192 1779 ἒ
1203 1749 1328 1778 civitate
1341 1743 1557 1788 discedentibus
1568 1772 1578 1787 ,
1598 1747 1776 1790 stupendum
1788 1750 1880 1784 valde
1891 1751 2066 1784 miraculum

1177 1793 1340 1834 ac‘lumest.
1369 1798 1523 1829 Liminare
1545 1809 1739 1832 marmoreum
1760 1799 1893 1843 ejusdem
1914 1799 2067 1842 Ecclefiae‚

1175 1850 1260 1878 mirae
1272 1846 1490 1888 magnitudinis
1501 1870 1512 1886 ,
1538 1847 1706 1890 dissolvitur
1717 1873 1728 1889 ,
1746 1848 1906 1891 statimque
1922 1851 1994 1891 talis
2006 1851 2064 1882 clae

1175 1896 1228 1928 des
1238 1894 1276 1936 est
1278 1893 1455 1937 subsecuta,
1480 1904 1514 1927 ut
1535 1897 1636 1929 diebus
1656 1904 1763 1939 paucis
1787 1902 1957 1932 Graecorum
1975 1896 2063 1941 sexa-

1169 1951 1259 1990 ginta
1271 1946 1366 1979 millia
1377 1954 1555 1979 morerentur
1566 1970 1577 1986 ‚
1603 1957 1655 1980 nec
1667 1948 1744 1980 ullus
1758 1947 1969 1991 alienaegentis
1980 1973 1987 1979 .
2014 1953 2063 1982 In-

1173 2000 1259 2029 terim
1271 1995 1305 2029 (θ’
1310 2003 1368 2037 per
1379 1996 1513 2028 triduum
1534 1996 1752 2037 inaestimabiles
1770 1997 1998 2041 coruscationes,
2025 2000 2060 2032 (θ’

1173 2050 1305 2079 tonitrua
1315 2069 1326 2086 ,
1351 2045 1532 2085 &imbrium
1543 2047 1770 2090 &grandinum
1781 2049 1987 2082 multitudines
2008 2059 2059 2083 ex-

1168 2094 1323 2137 stiterunt.
1353 2094 1401 2129 lta
1418 2096 1511 2129 suum
1521 2096 1562 2130 de
1573 2095 1740 2132 Michaele
1761 2097 1921 2141 judicium
1931 2098 2058 2133 Divina

1174 2143 1504 2180 Bonitasdeclaravit.
1534 2146 1576 2180 Et
1587 2147 1627 2180 de
1638 2145 1756 2183 horum
1780 2148 1916 2183 veritate
1927 2159 1996 2183 non
2008 2149 2054 2183 est

1172 2193 1410 2230 dubitandum.
1441 2196 1574 2230 Etenim
1599 2196 1744 2233 subditur
1771 2203 1869 2232 :Haec
1889 2198 1971 2243 gesta
1985 2196 2056 2242 fient

1171 2245 1296 2278 annoab
1306 2250 1514 2280 Incarnatione
1537 2250 1656 2281 Domini
1684 2258 1782 2295 1055.
1800 2247 1958 2283 indidione
1981 2248 2056 2283 oda-

1172 2308 1232 2329 va.
1259 2297 1354 2340 ,Quod
1360 2307 1409 2343 ego
1420 2297 1585 2331 Pantaleon
1595 2323 1607 2339 ,
1633 2309 1697 2332 cum
1706 2299 1787 2342 essem
1794 2298 1840 2333 ibi
1850 2298 2056 2341 Constantino-

225 2347 378 2389 procedere
388 2345 526 2388 infidias,
550 2351 708 2381 concitavit
732 2351 906 2388 Imperatori
925 2344 1102 2388 seditionem
1164 2345 1228 2388 poli
1239 2370 1250 2386 ,
1275 2346 1327 2380 ubi
1338 2345 1388 2379 boc
1398 2346 1495 2379 aetum
1512 2346 1550 2388 est
1562 2372 1573 2388 ,
1599 2347 1650 2382 boc
1660 2349 1766 2383 idcirco
1778 2349 1962 2384 memorabile
1960 2348 2029 2392 feci
2041 2374 2054 2393 ‚

229 2397 482 2441 vulgimaximam
496 2420 507 2436 ‚
532 2398 614 2431 velut
627 2401 741 2431 nuntiis
753 2405 906 2439 cooperata
918 2395 1018 2438 fuerit
1036 2398 1103 2437 ejus

230 2448 369 2482 voluntas
383 2471 391 2480 .
416 2447 501 2482 Unde
512 2451 675 2492 Imperator
689 2446 801 2484 conaus
811 2453 990 2490 interpretes
1016 2450 1101 2481 Lati-

1167 2407 1222 2438 quo
1230 2397 1392 2440 legentibus
1400 2405 1507 2438 pateat
1522 2397 1819 2443 Latinaeserem'tatls
1831 2398 1969 2442 institutio
1982 2423 1995 2443 ,
2019 2400 2055 2434 (5

1170 2458 1253 2481 nemo
1263 2448 1376 2483 audeat
1384 2448 1461 2482 talia
1466 2446 1643 2493 praeficmtre
1652 2474 1660 2485 .

854 2800 1416 2886 FINIS.

1751 3376 1932 3462 IN-‚
