2352 3736
739 178 1077 223 LEONrs

197 275 309 309 accepto
328 273 442 307 corpore
462 269 585 298 Domini
607 266 642 299 (tt
663 262 841 308 reservato?
867 268 1025 305 Utrumque
1037 258 1091 300 fal-

196 330 270 353 vum
282 315 339 357 est:
366 319 412 347 Et
423 321 620 357 participatio
627 316 769 358 sacrificii
780 338 792 354 ,
805 315 839 347 δ’
853 318 982 347 executio
992 312 1090 353 officii.

196 365 316 402 Ethaec
329 366 383 400 sua
395 366 484 400 sensa
498 367 673 400 confirmat
693 365 846 406 exemplo
871 365 899 397 S.
926 360 1090 398 Frustuofi

197 417 453 452 Tarraconensis
489 415 739 460 Archiepiscopi
763 414 796 448 ὅ(
820 414 980 455 Martyris
1001 438 1012 454 ,
1049 411 1091 446 de

197 479 264 511 quo
275 478 350 503 cum
362 466 459 500 sociis
470 467 672 501 incarcerato
682 467 715 500 ἀ
728 466 768 499 ad
782 474 921 498 mortem
934 464 1090 498 damnato

198 516 321 552 habent
345 515 424 551 Asta
439 531 450 551 .-
478 521 556 550 Cum
569 518 701 550 multitu
714 515 862 558 fraterna
880 513 1028 547 charitate
1049 517 1090 545 eis

197 568 337 608 offerrent
347 568 562 600 condimentum
573 591 584 607 ,
609 573 643 599 ut
657 572 842 608 permixtum
862 565 997 607 poculum
1000 562 1093 606 sume-

199 627 264 651 rent
274 642 285 658 ‚
309 623 353 650 ait
365 617 544 660 Frui‘luosus
555 629 563 649 z
590 617 734 649 Nondum
744 615 780 655 est
791 614 861 647 bora
865 613 1003 658 solvendi
1009 613 1091 653 jeiu-

198 675 260 702 nii.
288 667 436 712 Agebatur
447 673 529 700 enim
554 666 627 699 hora
647 667 708 700 diei
730 675 858 709 quarta.
886 664 1039 707 Siquidem
1061 667 1092 694 in

197 729 311 752 carcere
320 726 437 760 quartae
451 716 545 758 feriae
563 715 723 757 stationem
738 715 906 759 solemniter
926 713 1091 746 celebrave-

197 778 286 802 runt.
313 771 407 811 Igitur
414 764 507 809 sexta
517 766 604 809 feria
614 768 703 800 laetus
721 776 812 808 atque
829 763 949 808 securus
966 761 1090 804 festina-

197 818 251 851 bat
262 842 273 857 ,
299 826 333 850 ut
344 827 408 849 cum
421 816 599 857 Martyribus
611 819 646 851 ὁ·
661 815 817 857 Prophetis
833 821 866 847 in
873 811 1016 856 paradiso
1023 821 1092 854 per-

195 866 323 912 solveret
326 865 502 906 stationem.
529 866 641 911 Urget
665 865 760 900 verba
772 889 784 905 ‚
804 862 1090 907 Persolveretstatio-

466 179 667 225 DES.

197 929 285 951 nem:
310 917 392 951 Haec
402 917 492 951 enim
501 914 643 950 omnino
656 915 812 949 videntur
836 915 1012 958 importare
1029 915 1092 951 sla-
1111 912 1122 932 ³

198 967 301 1002 tionis
311 965 538 1000 dissolutivum
552 964 832 1007 complementum
842 989 850 996 .

249 1014 450 1057 Respondeo
485 1013 552 1049 haec
588 1013 672 1048 Asta
703 1014 799 1049 nobis
824 1014 929 1058 palam
954 1016 1059 1048 favere
1081 1038 1089 1046 .

197 1066 286 1114 Qis
297 1064 387 1098 enim
400 1076 469 1099 non
483 1065 602 1102 videat,
615 1064 635 1098 ὲ
656 1066 776 1099 Sancto
797 1065 974 1103 Frutiuoso
995 1064 1091 1099 isthic

203 1126 258 1160 per
271 1115 471 1150 solutionem
491 1116 585 1151 fuifle
606 1114 805 1149 intellectam
826 1115 942 1158 jejunii
966 1115 1089 1149 fractio-

200 1178 279 1200 nem
300 1167 317 1198 ,ἓ
342 1165 427 1211 Qae
437 1163 517 1199 dum
528 1164 604 1199 ante
614 1176 740 1208 tempus
751 1167 812 1204 fit,
837 1166 882 1199 est
907 1166 1091 1209 praevarica-

197 1217 268 1251 tio.
296 1216 340 1249 Et
361 1215 495 1259 antiqua
517 1214 614 1248 statio
634 1225 703 1250 erat
723 1214 866 1250 omnino
889 1214 1004 1258 jejunii
1027 1216 1091 1258 spe-

197 1267 284 1300 cies.
311 1264 418 1300 Porro
439 1265 601 1308 jejunium
625 1276 692 1299 non
721 1266 792 1300 solo
813 1265 890 1300 cibo
910 1275 965 1299 aut
987 1274 1090 1309 potu,

198 1317 254 1350 sed
274 1316 308 1350 δε
328 1314 425 1349 variis
446 1316 520 1349 aliis
541 1315 683 1350 laeditur.
713 1315 847 1350 Etenim
874 1316 991 1354 saltus,
1016 1325 1088 1349 can-

197 1376 274 1407 tus,
302 1365 462 1409 nuptialia
472 1377 511 1400 ac
522 1365 672 1401 natalitia
686 1366 763 1401 festa
779 1391 790 1407 ,
816 1366 966 1400 immo&
991 1366 1090 1400 sacras

197 1417 390 1450 Sanstorum
418 1416 641 1451 solemnitates
659 1441 670 1458 ‚
708 1427 909 1461 omnemque
937 1418 991 1450 seu
1020 1427 1090 1458 pro-

198 1464 342 1511 phanam
353 1468 407 1500 seu
421 1466 543 1501 sacram
555 1466 703 1501 laetitiam
718 1491 730 1508 ,
754 1467 896 1510 ajejunii
906 1465 1019 1500 diebus
1037 1476 1093 1499 an-

198 1517 287 1560 tiqua
302 1515 473 1560 disciplina
496 1517 694 1562 proscripsit.
723 1518 762 1551 ln
785 1516 850 1551 illis
871 1516 999 1549 nullum
1023 1526 1091 1558 per-

198 1566 285 1601 misit
296 1566 454 1602 celebrari
482 1566 599 1601 festum
615 1591 626 1606 ,
653 1566 713 1601 nifi
740 1566 844 1600 solam
869 1564 1090 1598 Dominicam

197 1617 503 1651 Annuntiationem
517 1641 524 1648 .
536 1617 629 1661 Qin
642 1614 834 1657 &Hispani
848 1613 974 1649 dudum
988 1614 1090 1656 ipsam

198 1677 267 1700 non
281 1666 316 1700 in
329 1664 583 1711 quadragesima
595 1689 607 1705 ,
632 1664 686 1697 sed
702 1664 735 1697 in
754 1664 931 1698 Decembri
950 1662 1091 1697 celebra-

196 1725 291 1751 runt.
322 1714 376 1749 Ex
388 1712 506 1750 eodem
529 1714 693 1756 principio
717 1712 823 1746 Graeci
843 1712 878 1745 in
903 1711 980 1745 solis
1003 1710 1092 1758 Qa-

196 1765 381 1810 dragefimae
417 1763 610 1798 Dominicis
636 1774 674 1796 ac
695 1759 868 1796 Sabbathis
905 1760 1090 1799 habuerunt

197 1813 334 1859 plenum
356 1815 582 1853 Sacrificium,
608 1812 750 1856 reliquos
773 1811 843 1847 dies
858 1811 931 1846 solo
955 1810 1091 1850 Praesan-

199 1865 416 1899 ecificatorum
453 1865 567 1898 officio
601 1863 759 1906 jusserunt
794 1863 858 1896 esse
892 1869 1089 1897 contentos.

198 1914 305 1964 Qod
321 1913 440 1957 nempe
459 1913 652 1949 Dominicis
671 1914 705 1949 δι
731 1909 905 1948 Sabbathis
929 1923 997 1947 non
1017 1911 1091 1956 jeju-

198 1975 316 2000 narent
338 1989 346 1997 .
367 1964 463 1998 Hinc
490 1964 526 1998 &
552 1962 658 2006 plures
684 1963 759 1997 Afri
784 1962 967 2006 probabant
994 1963 1092 1996 istum

199 2026 350 2055 rnorem,
375 2012 617 2056 censebantque
641 2012 741 2047 etiam
763 2012 951 2047 stationaria
969 2012 1091 2056 jejunia

199 2065 370 2101 Sacrificio
380 2063 549 2103 orbanda,
577 2072 633 2096 aut
649 2062 863 2098 arceium-a
875 2063 1000 2107 populo
1022 2073 1091 2097 non

199 2113 540 2149 communicandum·
565 2111 640 2146 Nec
664 2113 730 2147 fine
750 2112 990 2147 fundamento.
1017 2113 1093 2146 Ete-

201 2165 272 2200 nim
293 2164 413 2207 jejunia
436 2165 512 2197 sunt
533 2163 737 2206 poenitentiae
747 2163 817 2197 dies
833 2187 844 2203 ,
864 2163 897 2197 δε
922 2173 1002 2197 tunc
1023 2174 1092 2196 non

201 2215 309 2250 solum
323 2215 355 2247 in
367 2215 451 2247 vitiu
463 2238 475 2254 ,
499 2212 553 2247 sed
565 2213 664 2247 etiam
678 2213 713 2246 in
727 2211 842 2247 habitu
852 2213 886 2246 δε
907 2214 1002 2247 omni
1021 2214 1092 2246 adiu

202 2277 263 2310 prae
285 2264 380 2298 nobis
399 2265 481 2298 ferre
506 2261 662 2297 debemus
683 2263 880 2307 poenitentes
903 2287 914 2302 ,
946 2262 1002 2304 qui
1040 2262 1094 2296 Sa-

202 2314 329 2351 crificio
353 2313 458 2348 adeffe
485 2324 556 2347 non
584 2314 716 2356 poslunt
735 2338 746 2354 ‚
786 2324 847 2347 nec
885 2312 994 2348 videre
1030 2312 1095 2346 Eu-

202 2364 410 2405 charistiam,
436 2362 538 2408 longe
560 2362 670 2397 minus
692 2363 871 2407 percipere.
899 2362 976 2397 Hac
998 2363 1093 2397 ratio·

205 2427 248 2449 ne
279 2413 455 2449 censebant
491 2413 533 2448 ab
565 2411 770 2448 Eucharistia
802 2413 884 2447 solvi
914 2412 1091 2455 jejunium.

206 2465 287 2499 Hoc
310 2463 495 2508 improbat,
523 2475 592 2497 non
606 2474 717 2497 tamen
740 2463 874 2498 damnat
897 2463 1094 2507 Septimius,

207 2514 351 2558 ideoque
381 2514 473 2548 addit
494 2528 505 2548 .-
532 2516 653 2555 Accepto
675 2517 796 2547 Domini
821 2521 934 2556 corpore
954 2515 989 2548 o·
1006 2512 1092 2555 reser-

209 2574 283 2598 vato
325 2573 460 2606 trumque
468 2562 591 2607 salvum
601 2564 654 2604 est.
681 2564 832 2610 Qorum
852 2564 1025 2598 verborum
1048 2564 1094 2597 in-

210 2624 279 2656 terp
307 2615 467 2648 nCtionem
479 2613 610 2648 alterare
621 2613 666 2647 est
690 2614 833 2648 nimium
854 2613 960 2648 audax
981 2613 1095 2659 graffa-

210 2665 277 2697 tio.
295 2663 448 2709 Nostram
457 2664 546 2698 enim
558 2664 852 2707 interpunctionem
875 2665 1006 2698 firmant
1018 2664 1097 2698 Bea-

211 2724 265 2748 tus
302 2711 482 2748 Rhenanus
503 2737 515 2752 ,
544 2713 683 2755 Iacobus
718 2713 903 2754 pamelius,
931 2714 1097 2759 Georgius

213 2762 402 2806 Capucinus
448 2760 678 2797 Ambianenfis
702 2788 713 2804 ‚
749 2764 890 2798 Carolus
926 2763 1065 2798 Moreau
1086 2788 1097 2805 ‚

215 2812 377 2847 Nicolaus
399 2810 589 2856 Rigaltius,
616 2812 737 2855 aliique
760 2813 909 2858 Septimii
931 2813 1098 2857 Exposito·

211 2873 282 2898 tes.
311 2863 354 2897 Et
374 2872 422 2895 res
446 2861 513 2905 ipsa
536 2859 674 2895 clamat.
704 2862 813 2896 Etiam
838 2863 919 2898 editi
934 2864 969 2897 in
982 2864 1100 2906 Hispa-

215 2913 271 2948 nia
294 2912 448 2946 Canones
477 2911 629 2945 adversus
654 2910 894 2946 Priscillianum
913 2937 920 2943 .
959 2914 1100 2960 roir-

215 2962 395 2998 cailliAfri
408 2972 476 2996 non
490 2972 545 3005 per
557 2962 722 3004 sumptum
742 2961 784 2995 ab
808 2960 1016 2996 Eucharistiae
1038 2964 1101 3005 spe-

216 3011 327 3047 ciebus
337 3012 550 3051 alimentum,
576 3009 629 3044 sed
641 3022 696 3054 per
706 3010 881 3053 spiritalem
905 3011 946 3045 ab
970 3011 1025 3046 illa
1052 3010 1102 3048 da-

215 3074 284 3097 tam
297 3062 391 3097 nobis
402 3060 644 3107 dignitatem&
666 3061 810 3095 laetitiam
829 3060 1001 3096 censebant
1022 3062 1102 3096 solvi

216 3124 254 3147 ac
275 3111 347 3145 laedi
367 3112 524 3154 jejunium
539 3136 546 3145 .
575 3111 619 3145 Et
646 3111 789 3154 ipsorum
819 3110 980 3154 judicium
1001 3113 1104 3147 secuta

216 3160 405 3206 quidemest
419 3162 529 3197 Graeca
551 3161 712 3200 Ecclesia,
739 3172 806 3194 non
828 3172 939 3195 tamen
964 3161 1105 3196 Latina.

218 3209 322 3260 Qod
348 3221 408 3245 nos
430 3212 540 3246 Latini
560 3213 595 3245 in
611 3211 714 3256 plenis
725 3212 822 3245 etiam
834 3210 963 3254 jejuniis
974 3213 1105 3255 plenum

219 3262 423 3297 Sacrificium
435 3284 446 3300 ‚
471 3262 522 3296 sed
532 3261 615 3296 circa
627 3263 789 3306 vesperam
802 3286 813 3301 ‚
839 3261 961 3304 semper
981 3261 1107 3296 obtule-

220 3314 342 3352 rimus,
369 3311 426 3344 suo
443 3309 519 3344 loco
541 3311 747 3346 ostendetur.
773 3310 867 3358 Qin
889 3311 922 3345 ὅ(
948 3313 1105 3355 populum

221 3361 357 3396 fecimus
381 3361 468 3394 illius
480 3361 670 3404 participem
691 3386 698 3394 .
730 3362 868 3396 Dudum
890 3372 998 3395 tamen
1023 3363 1105 3396 sum-

223 3422 313 3454 ptam
340 3409 577 3445 Eucharistiam
605 3422 673 3446 non
700 3410 844 3453 juffimus
870 3412 951 3445 sumi
979 3413 1013 3446 in
1045 3412 1105 3446 Ec-

1146 174 1754 222 N0N1Acrls.
1881 181 1971 237 383

1155 261 1187 293 in
1216 261 1279 303 ipsa
1303 262 1417 296 Sancta
1439 262 1612 296 Parasceve
1632 261 1775 304 potuerit
1798 262 2039 297 communicare

1157 311 1263 344 noster
1285 313 1446 355 populus,
1475 312 1631 346 testantur
1641 311 1796 355 antiquus
1812 313 2040 348 Romanorum

1154 360 1269 402 Ordo,
1295 362 1460 397 Alcuinus
1480 362 1636 401 Flaccus,
1659 373 1698 396 ac
1722 360 1908 397 Amalarius
1927 364 2042 398 Fortu-

1156 422 1264 445 natus.
1292 413 1397 460 Qod
1420 425 1463 447 an
1483 414 1519 447 sit
1532 411 1789 457 antiquissimum
1801 436 1812 452 ,
1839 425 1907 447 non
1919 414 1963 448 est
1976 412 2041 449 hoc

1156 462 1228 495 loco
1240 462 1466 507 definiendum
1480 488 1487 495 .
1722 498 1724 501 .

1205 512 1320 547 Tertia
1333 513 1468 556 quaestio
1480 512 1524 547 est
1534 535 1546 552 ,
1571 513 1640 547 Cur
1652 512 1785 556 quidam
1797 512 1948 557 privatim
1964 513 2042 556 jeju-

1155 573 1267 596 nantes
1285 562 1357 596 Afri
1369 562 1549 597 censuerint
1562 573 1628 596 non
1641 563 1769 598 tantum
1780 563 1797 596 ὲ
1809 563 1964 599 sumenda
1977 564 2042 598 Eu-

1153 609 1300 646 charistia
1314 638 1324 653 ,
1351 614 1403 648 sed
1416 615 1515 647 etiam
1527 614 1546 647 a
1557 613 1668 648 dando
1688 614 1723 648 &
1745 612 1937 658 accipiendo
1955 614 2041 658 pacis

1152 663 1265 696 osculo
1292 662 1542 697 abstinendum?
1572 664 1625 696 Est
1650 663 1783 707 quaestio
1804 665 1972 699 intricata.
2000 665 2040 698 ln

1153 714 1275 756 quintae
1285 713 1325 746 ad
1338 712 1564 746 Theodofiani
1575 710 1699 746 codicis
1710 714 1843 748 titulum
1851 715 1892 750 de
1913 716 2040 757 sponsa-

1153 762 1366 796 libus&ante
1377 766 1507 804 nuptias
1527 759 1763 796 donationibus
1776 763 1857 808 legis
1873 776 2040 799 commen-

1152 812 1234 847 tario
1258 812 1395 856 Jacobus
1417 811 1643 847 Gothofredus
1664 812 1800 855 exponit
1822 814 1924 848 osculi
1936 813 2041 855 jusin-

1153 873 1200 897 ter
1220 864 1354 906 sponsos
1370 887 1381 903 ‚
1401 861 1493 897 addit
1506 873 1659 908 magnam
1670 866 1770 897 etiam
1784 863 1867 898 inter
1885 861 2041 897 Christia-

1155 923 1214 947 nos
1236 913 1298 948 eii'e
1322 914 1425 948 osculi
1447 914 1683 953 reverentiam,
1709 914 1743 948 &
1763 914 1886 958 pergit:
1907 915 2042 949 Nam&

1125 1003 1130 1009 ἡ
1150 969 1237 1006 pacis
1251 962 1339 1007 osculo
1344 962 1404 1007 Ji‘Je
1407 963 1590 1007 salutabant
1596 964 1699 1006 passim
1710 960 1874 1004 Christiani
1885 989 1896 1005 ,
1922 965 1957 999 Ca·
1977 976 2042 997 ora-

1152 1020 1259 1048 tionem
1279 1021 1456 1047 nominatim
1471 1013 1560 1058 osculo
1577 1012 1719 1058 obfignari
1738 1026 1800 1047 mos
1815 1014 1881 1058 fuit
1905 1039 1917 1055 ‚
1950 1016 2040 1048 extra

1151 1065 1331 1105 jejuniorum
1343 1065 1426 1098 dies.
1455 1065 1498 1099 Et
1510 1064 1624 1107 probat
1646 1064 1710 1099 hoc
1733 1065 1875 1108 praesenti
1898 1064 2042 1099 testimo-

1157 1116 1213 1149 nio
1240 1114 1470 1149 Tertulliani.
1505 1114 1569 1149 Vir
1597 1115 1743 1149 eruditus
1766 1115 1902 1150 labitur.
1940 1114 2041 1150 Hanc

1154 1165 1243 1199 enim
1258 1189 1268 1205 ,
1294 1174 1502 1208 praeterquam
1515 1166 1549 1201 in
1571 1165 1688 1199 Sancto
1709 1163 1853 1206 Pascha,
1867 1164 2042 1199 abstinen-

1157 1217 1235 1249 tiam
1256 1216 1485 1250 Tertullianus
1506 1214 1684 1258 improbat.
1710 1215 1765 1249 De
1784 1215 1928 1259 antiquis
1946 1213 2042 1249 Chri-

1156 1264 1264 1298 stianis
1274 1266 1373 1299 etiam
1388 1265 1525 1300 Gabriel
1537 1265 1763 1309 Albaspinaeus
1772 1264 1807 1300 in
1830 1266 1938 1309 primo
1958 1264 2042 1299 anti-

1155 1327 1288 1358 quarum
1298 1316 1566 1350 observationum
1581 1316 1664 1350 libro
1676 1316 1772 1360 ponit
1783 1314 1873 1350 hunc
1882 1316 2017 1351 titulum
2028 1328 2040 1348 .-

1159 1365 1198 1398 Ab
1209 1365 1300 1408 osculo
1315 1371 1401 1408 pacis
1424 1366 1611 1408 abstinebant
1633 1365 1738 1399 diebus
1752 1367 1888 1407 jeJ'unii.
1915 1364 2041 1400 Probat
2060 1386 2134 1424 Cn„
2154 1393 2198 1421 η.

1156 1417 1233 1450 item
1244 1427 1285 1450 ex
1301 1416 1533 1452 Tertulliano.
1562 1416 1609 1451 At
1620 1415 1720 1461 longe
1732 1416 1851 1451 melius
1870 1416 1983 1450 scribit
2005 1415 2042 1449 in
2059 1428 2061 1431 ’

1156 1465 1285 1500 scholiis
1294 1465 1335 1500 ad
1347 1465 1467 1500 librum
1479 1465 1520 1502 de
1533 1467 1683 1500 oratione
1695 1479 1706 1498 :
1733 1466 1937 1510 ,Quamobrem
1946 1464 2043 1509 oscula

1155 1524 1295 1558 negarent
1320 1518 1517 1557 jejunantes,
1543 1527 1602 1549 non
1619 1521 1761 1556 invenio,
1786 1517 1868 1559 quod
1890 1517 1936 1549 ad
1953 1515 2047 1549 augo-

1152 1575 1200 1596 res
1223 1588 1235 1604 ‚
1271 1570 1517 1606 antiquorumque
1542 1570 1621 1597 ritus
1647 1567 1857 1609 intelligendos
1879 1567 2048 1607 plurimum

1153 1613 1318 1655 conferret.
1346 1615 1480 1648 Nam&
1494 1612 1526 1656 fi
1540 1612 1780 1657 consuetudinem
1805 1614 1884 1649 banc
1905 1615 2050 1658 improbet

1154 1663 1351 1696 Tertullianus
1362 1686 1374 1702 ‚
1399 1663 1503 1704 aliqua
1511 1671 1614 1696 tamen
1624 1674 1697 1698 vero
1700 1663 1791 1705 fimili
1805 1671 1920 1708 ratione
1942 1664 2051 1705 consta-

1154 1712 1225 1745 bat.
1253 1710 1335 1745 Non
1351 1711 1386 1745 in
1396 1711 1547 1752 cunctis,
1572 1712 1675 1747 sedin
1700 1713 1779 1748 solis
1797 1714 1952 1757 privatim
1974 1713 2051 1758 jeju-

1156 1760 1309 1796 nantibus
1322 1760 1552 1796 Tertullianus
1564 1761 1727 1806 improbat
1736 1789 1744 1796 .
1777 1763 1880 1799 Reae
1887 1763 1924 1798 N
1926 1764 2050 1799 icolaus

1155 1811 1324 1857 Rigaltius
1338 1824 1345 1844 :
1360 1814 1478 1846 Pravae
1489 1809 1706 1854 consuetudinis
1716 1812 1837 1856 causam
1847 1815 2051 1848 Tertullianus

1155 1874 1213 1896 non
1237 1867 1364 1905 inquirit
1378 1886 1385 1894 .
1412 1865 1481 1896 Nec
1502 1867 1596 1897 etiam
1617 1863 1707 1907 vulgo
1728 1862 1844 1905 adferri
1866 1864 1973 1906 video,
1999 1862 2055 1907 niss

1153 1909 1373 1956 quodinosculo
1385 1911 1551 1946 hilaritatis
1576 1914 1698 1954 aliquid
1718 1913 1770 1956 ff
1792 1914 1954 1956 ducerent,
1979 1915 2049 1949 alie·

1156 1975 1227 1998 num
1248 1964 1269 1995 ἃ
1283 1964 1397 2005 Jejunii
1417 1962 1553 2003 moestitia
1574 1962 1729 2005 luctuque.
1756 1963 1957 2008 Respondeo
1975 1964 2051 2000 dan·

1154 2013 1274 2048 dum&
1284 2011 1509 2056 accipiendum
1521 2013 1556 2047 in
1567 2013 1737 2048 Sacrificio
1748 2013 1897 2049 osculum
1909 2013 2003 2051 fuisse
2015 2015 2052 2050 il-

1155 2065 1219 2098 lius
1229 2063 1431 2108 signaculum
1440 2063 1475 2097 &
1485 2062 1793 2107 comprobationem
1806 2090 1816 2106 ,
1843 2063 1983 2110 ideoque
1998 2065 2049 2110 jus

1156 2114 1301 2148 solorum
1313 2114 1538 2149 perfectorum
1548 2138 1556 2146 .
1583 2113 1689 2149 Porro
1701 2114 1855 2159 privatim
1866 2115 2050 2159 jejunantes

1155 2162 1506 2209 gerebant&agebant
1516 2164 1748 2208 poenitentium
1770 2163 1898 2201 schema
1921 2178 1960 2202 ac
1985 2175 2052 2211 per·

1156 2216 1270 2249 sonam
1283 2237 1293 2253 ‚
1307 2213 1447 2255 ideoque
1458 2213 1500 2249 ab
1511 2213 1571 2249 illo
1583 2214 1792 2250 abstinebant
1807 2215 1868 2250 ,Et
1882 2215 1968 2260 ipsos
1979 2228 2051 2251 non

1156 2265 1197 2298 de
1220 2262 1451 2304 Eucharistiae,
1472 2264 1526 2299 sed
1547 2264 1589 2300 de
1611 2265 1711 2300 solius
1728 2266 1831 2300 osculi
1852 2266 2051 2302 abstinentia

1155 2314 1386 2348 Tertullianus
1399 2313 1480 2349 reste
1493 2315 1601 2359 arguit
1612 2340 1620 2347 .
1646 2314 1752 2363 Qod
1765 2315 1884 2361 nempe
1904 2316 1947 2352 ab
1969 2317 2025 2351 illa
2037 2341 2050 2358 ,

1158 2375 1226 2398 non
1237 2362 1278 2398 ab
1289 2363 1353 2398 hoc
1366 2364 1493 2407 possent
1514 2364 1580 2399 fine
1605 2365 1781 2410 janantia,
1807 2368 2052 2410 proximorum-

1156 2426 1221 2458 que
1229 2414 1263 2448 &
1274 2414 1432 2450 Sacrificii
1442 2414 1567 2450 offensa
1581 2415 1743 2451 abstinere
1755 2441 1762 2450 .

1206 2465 1333 2512 Qarta
1346 2464 1478 2507 quaestio
1489 2465 1556 2507 est,
1585 2465 1656 2501 Cur
1677 2466 1712 2501 in
1734 2468 1852 2502 Sancta
1874 2467 2051 2503 parasceve

1144 2515 1266 2566 ‚omnis
1279 2515 1419 2549 Ecclesia
1434 2515 1609 2550 abstineret
1620 2516 1662 2551 ab
1672 2516 1813 2552 osculo?
1826 2518 2026 2562 Respondeo
2039 2541 2051 2558 ,

1144 2564 1202 2600 ‘ob
1214 2565 1413 2600 trescausas.
1438 2564 1548 2600 Prima
1561 2566 1626 2600 fuit
1648 2566 1819 2610 publicum
1842 2578 1921 2603 tunc
1946 2568 1981 2602 δε
2003 2569 2052 2602 so-

1158 2616 1269 2650 lemne
1293 2614 1451 2658 jejunium
1477 2640 1485 2648 .
1521 2616 1644 2650 Omnis
1664 2627 1743 2651 tunc
1765 2617 1908 2653 Ecclesia
1934 2611 2051 2662 agebat

1160 2666 1353 2709 poenitentis
1365 2667 1557 2709 personam,
1586 2665 1729 2711 ideoque
1749 2667 1933 2703 abstinebat
1955 2669 1989 2701 δε
2009 2667 2051 2701 ab

1161 2713 1361 2750 Eucharistia
1382 2714 1468 2749 &ab
1489 2715 1621 2749 osculo.
1652 2715 1856 2759 Praecipuum
1881 2716 1972 2751 enim
1993 2716 2052 2751 hu-

1166 2765 1215 2808 jus
1236 2765 1384 2799 officium
1394 2763 1439 2798 est
1447 2765 1605 2808 populum
1617 2765 1657 2799 ad
1667 2764 1913 2809 percipiendam
1925 2766 2053 2801 Eucha-

1161 2814 1283 2849 ristiam
1304 2825 1474 2862 praeparare
1486 2840 1494 2849 .
1522 2815 1566 2850 Et
1577 2813 1655 2849 hinc
1673 2828 1735 2851 nec
1746 2816 1816 2851 dari
1826 2818 1994 2852 consuevit
2016 2817 2052 2852 in

1161 2865 1402 2901 Defunstorum
1417 2864 1543 2899 Miffis:
1571 2864 1660 2910 quod
1682 2866 1805 2911 inipfis
1819 2867 1958 2912 populus
1983 2879 2052 2902 non

1162 2914 1439 2950 communicaret.
1468 2915 1541 2950 Nec
1574 2916 1667 2950 enim
1690 2916 1814 2961 privata
1841 2916 2053 2952 Eucharistiae

1163 2966 1308 3009 sumptio
1331 2991 1344 3007 ,
1381 2963 1436 2999 sed
1460 2966 1529 3000 sola
1550 2965 1680 3001 oblatio
1705 2967 1834 3011 prodest
1862 2968 2051 3002 Defunctis.

1163 3015 1315 3059 Sumptio
1333 3027 1377 3050 ex
1397 3013 1554 3050 sumentis
1576 3017 1632 3050 seu
1651 3018 1818 3060 operantis
1839 3017 1958 3061 pietate
1983 3029 2053 3062 pro·

1164 3066 1248 3101 deire
1267 3065 1382 3108 poffit,
1409 3075 1479 3100 non
1488 3075 1529 3099 ex
1541 3075 1638 3108 opere
1648 3077 1802 3110 operato.
1830 3067 1945 3103 Altera
1965 3069 2052 3105 ratio

1164 3116 1210 3151 est
1224 3139 1235 3155 ,
1261 3114 1351 3158 quod
1371 3115 1405 3148 in
1427 3115 1542 3149 SanCia
1563 3113 1740 3151 parasceve
1765 3117 1957 3153 offerrentur
1982 3119 2052 3153 sola

1166 3166 1252 3200 Prae-
1264 3164 1460 3199 sanctificata
1483 3189 1490 3197 .
1517 3164 1598 3200 Haec
1617 3166 1709 3202 enim
1731 3166 1799 3211 jam
1817 3169 1939 3213 signata
1958 3178 2051 3203 erant

1166 3228 1221 3260 per
1245 3215 1394 3260 osculum
1413 3239 1424 3255 ,
1460 3226 1524 3250 nec
1554 3216 1672 3252 iterato
1701 3218 1845 3262 egebant
1866 3219 2047 3263 signaculo.

1165 3267 1315 3300 Tertiam
1341 3265 1468 3299 causam
1491 3265 1548 3300 dat
1572 3265 1761 3303 Amaiarius
1779 3270 1995 3304 Fortunatus:
2022 3271 2047 3300 Α

1161 3322 1247 3358 pacis
1274 3314 1364 3357 osculo
1388 3326 1440 3347 nos
1467 3315 1668 3360 abstinemus,
1693 3329 1752 3351 non
1776 3319 1861 3361 quad
1879 3325 1964 3360 pacis
1973 3316 2047 3360 oscu-

1165 3367 1226 3399 lum
1249 3366 1361 3398 malum
1378 3364 1418 3406 fit
1437 3389 1448 3406 ‚
1487 3366 1537 3399 ubi
1555 3377 1593 3400 ex
1612 3366 1759 3402 charitate
1782 3379 1859 3403 vera
1870 3367 2041 3409 profertur,
2068 3364 2130 3397 Lib·
2156 3377 2183 3398 ι-

1159 3417 1220 3462 sed
1240 3425 1274 3448 ut
1296 3414 1520 3457 demonstretur,
1547 3428 1636 3458 quam
1658 3413 1948 3460 injurtaempafficssi‘t
1959 3414 2046 3449 Chri·
2066 3407 2139 3445 0³1²·
2163 3413 2205 3443 ¹3·

223 3461 337 3503 clefia,
367 3461 417 3497 sed
431 3461 629 3507 permisimus
656 3462 803 3498 reservari
824 3487 830 3494 .
868 3460 969 3508 Qod
1006 3462 1104 3509 ipsam
1161 3465 1223 3506 stus
1237 3463 1491 3511 sisuoproditore.
1517 3467 1597 3502 Ut&
1613 3478 1667 3504 nos
1687 3467 1812 3504 eandem
1833 3469 1977 3510 injuriam
1998 3472 2045 3509 ‘vi->

1902 3525 1996 3551 “mut
