2352 3736
517 160 608 191 DE
679 144 717 190 S.
789 143 1124 189 LeoNts

253 238 339 270 me.
367 235 519 265 Necenim
525 230 642 275 possunt
653 233 736 264 eaecis
760 229 872 262 donare
897 225 1015 268 visum,
1051 235 1142 265 neque

247 282 353 329 surdis
375 284 510 316 auditum
535 305 547 321 ,
572 292 665 324 neque
685 289 783 313 omnes
812 279 969 312 Daemones
992 275 1140 318 efflgase,

248 343 366 377 praeter
375 344 422 367 eos
436 338 488 375 qui
502 331 541 365 ab
554 330 621 373 ipfis
633 334 835 365 immittuntur
845 351 853 359 .
874 330 907 360 51·
921 335 1023 360 tamen
1035 327 1069 360 (5
1079 323 1142 358 haec

244 383 369 427 faciunt
381 408 389 415 .
417 387 526 425 Neque
539 382 660 422 debiles,
670 389 723 413 aut
735 378 854 413 claudos
865 401 876 416 ‚
901 385 955 409 aut
963 376 1140 419 paralyticos

251 445 354 469 curare
374 457 385 474 ‚
422 434 475 467 vel
495 434 557 466 alta
581 432 715 475 quadam
732 432 856 468 corporis
870 434 959 468 parte
979 434 1106 460 vexatos
1132 449 1142 465 ,

251 485 500 528 quemadmodum
505 481 587 526 sape*
596 485 698 515 evenit
705 479 773 522 fieri
779 475 942 519 seeundum
965 476 1141 519 corporalem

252 533 459 576 infirmitatem
471 558 482 574 ‚
507 534 561 566 vel
568 542 669 566 earum
678 540 747 572 quae
762 526 842 568 foris
863 527 1000 560 accidunt
1019 525 1142 568 infirmi·

252 593 348 618 tatum
370 584 462 618 bonas
475 583 666 617 valetudines,
675 578 858 619 restaurare.
884 579 1019 610 Tantam
1033 573 1141 617 absunt

253 635 292 669 ab
303 647 356 676 eo,
381 643 415 668 ut
425 641 570 666 mortuum
596 635 726 666 excitent
738 654 749 670 ,
775 628 1021 672 quemadmodem
1044 628 1140 657 Domi-

255 697 312 719 nus
321 688 468 718 excitavit
478 707 488 722 ,
513 683 548 715 o·
561 679 683 723 Apostoli
692 688 747 721 per
759 685 920 712 orationem
931 702 942 717 ,
967 677 1001 709 Θ
1015 681 1048 707 in
1063 679 1141 708 Fra-

253 741 395 769 termtate
411 730 566 775 saepffme’
588 753 600 769 ,
619 737 741 772 propter
764 730 884 770 aliquid
904 727 1089 768 necessarium
1107 736 1141 758 ea

251 795 319 828 quae
338 782 375 823 est
396 782 432 814 inv
453 793 564 824 quoquo
585 782 645 814 loco.
665 778 793 820 Ecclefia
815 775 958 819 universa
977 775 1144 818 postulante*

248 844 306 879 per
319 835 472 875 Jejunlum
501 834 535 865 er
562 829 785 873 postulationem
809 830 937 859 multam
956 852 967 867 ‚
1004 824 1141 872 reversus

253 885 292 925 est
311 887 442 925 Spt'rt'tus
468 887 578 914 mortui
595 905 609 920 ‚
646 881 683 912 6¹
706 880 836 911 donatus
864 876 903 917 est
929 876 1011 909 homo
1037 882 1141 908 oratio-

249 934 342 966 nibus
368 932 560 965 sanaeorum.
597 929 718 966 Multis
743 927 946 963 demonstrat
971 925 1142 961 miraculo-

253 995 326 1018 rum
352 982 490 1027 gratiam
516 980 579 1014 effe
607 980 644 1014 in
682 979 750 1012 sola
788 977 932 1011 Ecclefia
954 1001 965 1017 ‚
1002 975 1143 1020 ideoque

251 1033 340 1076 apud
364 1032 548 1067 Haeteticos
571 1042 642 1065 non
662 1028 794 1071 reperiri
821 1027 878 1060 nifi
893 1027 1066 1064 mendaces
1078 1039 1144 1061 rna-

87 1110 91 1113 -
254 1084 314 1129 giae
324 1085 436 1118 fucos.
465 1079 628 1131 Qiaeejus
641 1078 739 1112 verba
755 1077 923 1119 probavit,
950 1078 1058 1112 &suae
1077 1077 1145 1115 Hi«

75 1117 109 1151 L
132 1127 157 1153 ς·
173 1129 203 1149 ⁶⁸
214 1130 236 1157 7⁴
252 1133 500 1172 storiaeinseruit
514 1130 669 1164 Eusebius
683 1128 906 1164 Caesareenfis.

81 1160 154 1198 Cap.
164 1167 211 1198 ‘3⁰'
304 1185 348 1218 Et
361 1183 395 1216 in
408 1181 693 1224 Praescriptionum
706 1178 790 1212 libro
802 1177 1031 1213 Tertullianus
1041 1177 1141 1212 edicit

254 1234 492 1269 miraculorum
526 1228 772 1265 virtutem1ess‘e
793 1228 961 1273 proprium
999 1228 1140 1273 legitimi

246 1282 469 1326 ·Apostolatus
489 1280 703 1315 characterem
729 1303 740 1319 ,
784 1290 822 1315 ac
854 1279 957 1323 pergit
994 1278 1026 1311 in
1054 1278 1140 1311 Gno-

251 1333 366 1368 sticos:
398 1333 466 1368 Volo
477 1337 568 1376 igitur
581 1332 615 1364 (9¹
626 1335 753 1364 virtutes
764 1340 862 1365 eorum
870 1328 1000 1370 proferri
1013 1353 1020 1360 .
1034 1326 1144 1361 Adfir-

252 1395 319 1417 mat
331 1384 475 1426 ipsorum
487 1380 644 1417 miracula
655 1382 718 1414 effe
731 1390 883 1416 mortuos
899 1379 917 1412 ἐ
937 1379 1021 1415 vivis
1033 1403 1049 1418 ,γ
1073 1389 1138 1411 non

252 1434 270 1468 ὲ
294 1434 430 1468 mortuis
441 1433 531 1465 vivos
551 1456 558 1464 .
585 1429 630 1463 Et
641 1431 674 1463 in
698 1429 783 1462 libro
806 1428 848 1462 de
869 1429 978 1463 anima
1003 1427 1138 1462 scribit:

253 1485 350 1517 Multa
361 1480 564 1524 &adversigm
575 1479 716 1522 Apostolos
738 1481 839 1512 Simon
861 1481 895 1512 (θ’
915 1480 1038 1516 Elymas
1057 1481 1143 1520 Magi

251 1534 424 1568 ediderunt
435 1531 669 1566 miraculorum
683 1530 794 1568 fucos,
816 1527 875 1570 fi'd
877 1528 974 1570 plaga
997 1532 1139 1560 caecltatis

79 1575 151 1613 ΟΨ·
171 1584 218 1612 57·
251 1586 288 1616 de
299 1583 459 1626 praeflt'giis
472 1581 619 1621 nonfuit.
644 1579 741 1621 ,Quid
751 1579 844 1610 novi?
872 1578 1044 1609 AEmulatio
1066 1580 1141 1608 veri-

251 1639 327 1666 tatis
340 1631 480 1675 &spiritu
494 1629 646 1662 immundo
658 1653 665 1660 .
692 1631 769 1660 Ecce
794 1627 883 1660 hodsi*
903 1625 1036 1669 ejusdem
1055 1628 1142 1658 simo-

250 1689 298 1715 nis
323 1682 483 1718 Haerett‘cos
505 1689 595 1713 tanta
613 1676 807 1721 praesumptlo
831 1682 910 1708 artis
937 1676 1054 1709 extollit
1076 1698 1086 1713 ‚
1109 1684 1142 1707 ut

177 1753 182 1757 ·
238 1738 343 1766 *etiam
381 1730 595 1773 Prophetarum
628 1733 744 1760 animas
771 1726 810 1758 ab
837 1726 944 1767 inferis
968 1736 1085 1757 movere
1109 1722 1143 1767 se

250 1782 418 1837 spondeant
430 1806 436 1812 .
449 1785 493 1814 Et
506 1781 593 1813 credo
602 1783 675 1820 quia
687 1778 837 1810 mendacio
845 1774 972 1818 possunt
985 1800 992 1807 .
1022 1774 1088 1807 Am
1093 1773 1143 1817 ple

251 1830 394 1867 ostendit
404 1829 672 1872 omniaipsorum
687 1826 841 1861 miracula
864 1826 926 1860 effe
950 1824 1120 1859 mendacia
1132 1849 1142 1864 ‚

250 1884 283 1917 ὅ(
295 1881 418 1927 pergit:
444 1882 503 1914 Sed
511 1878 567 1920 ets?
570 1876 712 1921 quosdam
723 1881 878 1910 revocavit
890 1883 923 1908 in
942 1884 1062 1918 corpora
1087 1877 1142 1907 Dei

248 1939 349 1966 virtus.
362 1956 373 1971 ,
399 1937 431 1963 ln
443 1932 615 1963 documenta
623 1931 703 1969 jurls
710 1926 756 1969 fici
769 1951 779 1966 ,
803 1938 860 1959 non
873 1927 938 1960 ideo
950 1931 1140 1958 communica-

248 1982 329 2015 bitur
359 1982 435 2024 fidei,
454 1982 488 2015 (9
511 1980 649 2012 αιιιίασὶιεν
678 1981 832 2021 Magorum
856 2002 867 2010 .,

249 2033 484 2066 excitationem
522 2030 674 2063 asleverat
712 2029 773 2061 effe
806 2026 905 2060 solius
927 2026 1034 2060 divini
1065 2025 1143 2068 juris

248 2084 303 2116 seu
330 2081 498 2124 potestatis
520 2104 531 2120 ,
569 2078 709 2121 ideoque
732 2077 862 2111 nonnisi
895 2088 949 2119 per
973 2075 1141 2110 Christum

251 2132 441 2165 Dominum
454 2154 464 2170 ,
489 2139 544 2163 aut
555 2128 667 2162 fideles
691 2127 759 2170 ejus
770 2128 876 2161 servos
888 2128 975 2169 poffe
998 2126 1066 2160 fieri
1087 2136 1141 2159 aut

253 2183 296 2215 im
303 2182 413 2224 perrari
424 2206 430 2212 .
445 2180 556 2214 Etiam
572 2179 613 2212 ad
627 2178 832 2212 Montanum
843 2177 990 2219 delapsus
1001 2175 1144 2218 Aposto-

250 2233 360 2267 lorum
369 2243 407 2267 ac
419 2227 824 2274 Prophetarummiracula
834 2227 944 2260 laudat
955 2227 989 2259 in
1011 2224 1094 2259 libro
1103 2226 1143 2259 de

250 2281 410 2325 pudicitia
424 2306 435 2322 ‚
461 2291 498 2314 ac
510 2280 615 2324 pergit
630 2280 662 2311 in
677 2277 905 2321 zephyrinum
919 2276 1117 2310 Pontificem
1132 2289 1142 2308 .-

45 2338 49 2341 ’
79 2333 212 2373 Capar·
249 2331 373 2365 Exhibe
409 2334 449 2366 (9²
479 2340 560 2364 nunc·
589 2327 663 2361 mihi
687 2352 697 2367 ,
735 2327 887 2370 apostolice
907 2351 918 2367 ,
965 2324 1147 2368 Prophetica

250 2383 388 2424 exempla
401 2405 411 2422 ,
438 2378 639 2424 &agnoscam
650 2380 852 2411 Divinitatem
866 2402 876 2417 ‚
903 2378 937 2410 (θ’
957 2378 1084 2410 vendica
1104 2381 1139 2408 ti·

251 2432 282 2464 bi
311 2433 561 2465 remittendorum
585 2427 732 2472 eiusmodi·
762 2428 930 2462 delic‘lorum
950 2426 1139 2470 potestatem.

252 2482 438 2515 Laudatum
464 2479 664 2514 Pontificem
690 2478 739 2512 obv
770 2489 928 2522 nuperum
966 2488 1044 2511 tunc
1081 2487 1146 2520 pr02

250 2530 400 2566 Moechia
423 2531 605 2565 Decretum
620 2528 829 2563 existimabat
852 2552 868 2568 ,v
889 2528 939 2561 uti
961 2526 1139 2561 Christiani

247 2580 415 2626 dogmatis
430 2581 709 2626 praevaricatorem
725 2604 735 2619 ‚
759 2578 917 2613 excidisse
937 2589 1007 2612 vera
1031 2576 1143 2611 Eccle--

253 2631 315 2670 fia,
343 2632 482 2675 ideoque
499 2630 542 2665 ab
563 2628 622 2664 illo
644 2630 749 2673 exigit
771 2628 948 2668 miracula,
974 2639 1079 2662 certus
1105 2627 1138 2659 &

254 2681 457 2723 securusipsa
468 2681 510 2714 ab
520 2680 683 2713 Haeretico
697 2691 763 2712 non
776 2678 861 2722 posse
884 2678 1021 2722 patrari.
1048 2678 1138 2724 Qo.

255 2729 359 2764 modo
371 2729 460 2762 Elias
476 2728 636 2772 Propheta
648 2728 838 2764 Sacerdotes
847 2729 926 2762 Baal
940 2754 949 2768 ‚
978 2729 1020 2761 ita
1037 2728 1137 2761 nostri

255 2779 378 2814 Clerici
389 2789 442 2813 aut
454 2778 616 2814 Mouachi
629 2780 795 2814 variorum
814 2779 1052 2812 Haereticorum
1065 2777 1141 2812 Cle-

256 2831 342 2864 ricos
363 2839 419 2863 aut
441 2826 648 2868 Monachos,
677 2830 856 2864 neceffitate
878 2839 1041 2874 cogente,
1067 2838 1138 2871 pro-

258 2890 416 2914 vocarunt
437 2879 480 2912 ad
507 2879 701 2912 miraculum
715 2903 725 2918 ‚
751 2879 785 2912 ὃς
808 2879 937 2912 nullutn
959 2889 1140 2922 umquam,

259 2931 316 2963 nisi
338 2930 355 2962 a
378 2930 440 2963 sese
461 2928 613 2969 editum,
640 2929 810 2962 viderunt.
840 2927 937 2961 Plura
960 2930 1031 2961 sunt
1045 2928 1138 2970 hujus

257 2981 386 3024 generis
403 2979 552 3022 exempl-a
585 3002 591 3009 .

257 3029 521 3074 Thaumaturgis
543 3029 606 3062 fuit
628 3027 762 3062 Sanstus
779 3027 944 3062 Martinus
965 3027 1140 3062 Turonen-

256 3079 294 3112 fis
315 3080 494 3123 Episcopus
518 3103 525 3111 .

256 3128 392 3163 factioni
427 3128 688 3164 communicavit
721 3127 767 3162 ob
803 3127 892 3161 diem
930 3127 1112 3161 humanum
1130 3154 1140 3170 ‚

258 3179 442 3222 suspensum
465 3180 556 3215 fuiffe
576 3179 621 3213 ab.
638 3179 697 3212 ista
719 3178 822 3221 gratia
835 3202 849 3217 ,f
872 3178 1006 3210 testatur
1029 3179 1062 3211 in
1075 3178 1142 3221 ejus

258 3230 327 3262 vita
349 3229 503 3271 Sulpitius
525 3231 676 3264 Severus.
706 3227 812 3275 rol
826 3238 943 3270 nempe
957 3227 1013 3261 illa
1026 3239 1086 3261 nec
1098 3227 1138 3262 ad

258 3278 439 3313 Schismata
457 3278 637 3312 derivetur.
665 3279 718 3313 Sic
729 3278 813 3321 apud
829 3276 1022 3311 Colchos&
1034 3277 1142 3313 iberos

177 3361 212 3385 η
257 3330 329 3374 post
341 3329 488 3372 rejeftam
501 3328 832 3371 FlorentinaeSynodi
855 3328 1012 3361 unionem
1034 3329 1143 3363 ceffas-

215 3373 223 3383 ⁶
257 3381 291 3413 se
320 3379 459 3415 eandem
499 3378 632 3413 testatur
654 3378 690 3412 in
721 3390 821 3422 opere
840 3378 881 3412 de
906 3377 1040 3411 istorum
1066 3390 1142 3413 cum

260 3428 387 3464 Latinis
415 3428 541 3465 unione
566 3428 720 3464 Clemens
745 3427 910 3464 Galanus.
940 3428 1050 3464 Etiam
1087 3429 1144 3463 mi*-

86 3353 162 3391 Cap.

898 1977 1141 2009 Defunstorum
1162 2009 1164 2011 ,

629 2977 658 3010 E
682 2977 814 3011 summis
836 2978 963 3012 Latinae
991 2977 1157 3022 Eccleliaeg

554 3078 601 3112 At
621 3089 695 3112 ecce
714 3078 818 3120 ipsum
841 3102 851 3118 ,
888 3078 944 3111 ubi
970 3076 1157 3112 Ithacianae‘

1196 141 1795 189 NoutAcrts.
1920 146 2016 210 302v

1200 226 1379 260 raculosam
1406 223 1569 260 Paschalis
1595 224 1730 259 luminis
1764 222 1966 269 gratiarum
2004 224 2085 259 Hie-

1200 276 1437 320 rosolymitana
1462 276 1587 312 cessaffe
1615 274 1757 310 Ecclesia
1778 298 1790 315 ‚
1815 272 1861 308 est
1885 274 2011 309 cunetis
2031 285 2087 309 ex-

1202 325 1365 370 ploratum
1378 351 1386 359 .
1815 356 1817 358 .

1252 375 1378 412 Verum
1390 375 1470 419 quid
1484 375 1525 410 ad
1536 375 1680 418 superius
1691 372 1861 413 laudatum
1881 374 2088 411 Tertulliani

1201 424 1311 459 locum
1324 451 1336 466 ,
1354 426 1412 462 ubi
1423 427 1542 461 fatetur
1563 426 1604 460 ab
1626 425 1865 461 Haereticorum
1887 423 2089 460 Douoribus

1203 477 1346 511 suscitari
1370 487 1517 511 mortuos
1538 501 1549 516 ,
1575 477 1610 510 δε
1632 476 1757 510 debiles
1782 475 1975 511 reformari?
2001 474 2090 509 Eum

1203 526 1236 560 in
1264 527 1361 561 tertio
1396 526 1483 561 libro
1507 525 1654 561 adversus
1680 525 1889 561 Marcionem
1908 550 1918 566 ,
1965 524 2092 559 Christi

1203 577 1247 610 sui
1277 578 1343 611 fine
1376 575 1500 621 praeviis
1531 575 1771 619 Prophetarum
1804 575 2091 620 praedicationibus

1201 628 1409 670 repentinum
1423 627 1600 663 adventum
1626 637 1681 669 per
1700 626 1766 659 sola
1778 633 1928 659 virtutum
1937 627 2091 660 documen-

1201 686 1235 709 ta
1254 678 1451 714 sufficienter
1472 676 1602 719 probari
1627 676 1814 716 volentem,
1839 676 1954 710 acriter
1972 678 2090 711 confir«-

1201 737 1268 760 mat
1293 740 1300 760 :
1338 731 1378 759 At
1400 738 1449 771 ego
1482 724 1594 768 negabov
1620 723 1715 767 solam
1739 724 1817 758 hanc
1834 727 1878 758 illi
1898 724 2023 767 speciem
2047 727 2092 766 ad

1200 777 1393 817 testimonium
1416 777 1575 818 competiffe
1596 799 1608 815 ‚
1644 784 1734 816 quam
1766 776 1800 807 δ’
1830 773 1892 816 ipse
1908 775 2091 816 postmodum

1201 827 1431 861 exaudJoravit.
1459 826 1618 867 siquidem,
1636 827 1755 858 edicens
1779 825 1886 858 multos
1907 829 2091 860 venturos&

1195 875 1280 921 signa
1294 876 1456 918 fuc‘lurm,
1482 877 1516 909 &
1541 881 1673 911 virtutes
1684 885 1809 919 magna-t
1819 876 1975 915 edituros,
2001 886 2093 908 aver-

1195 926 1303 969 sionem
1322 934 1415 961 etiam
1439 926 1609 959 Elec‘lorum
1632 950 1643 966 ‚
1670 936 1720 960 nec
1756 926 1821 959 ideo
1842 934 1945 959 tamen
1980 925 2093 958 admit-

1202 979 1308 1011 tendos
1334 1002 1346 1019 ,
1382 983 1574 1010 temerariam
1601 974 1749 1019 signorum
1768 977 1803 1010 (9·
1832 982 1979 1009 virtutum
2000 975 2094 1018 fidem

1201 1028 1324 1069 ostendit
1337 1052 1348 1068 ‚
1375 1035 1408 1060 ut
1425 1029 1460 1061 ὢ·
1483 1033 1576 1060 etiam
1605 1028 1689 1069 apud
1710 1025 1987 1070 Pseudo-Christos
2001 1025 2099 1068 facil·

1201 1081 1341 1112 limarum
1363 1103 1372 1114 .
1407 1076 1607 1120 Respondeo
1638 1087 1812 1121 utrumque
1830 1076 1944 1111 locum
1963 1076 2089 1119 exponi

1204 1128 1527 1175 infigniteraSansto
1540 1127 1753 1171 Augustino,
1780 1126 1986 1161 scribentein
2010 1127 2095 1160 Fau-

1205 1180 1289 1216 stum
1302 1177 1526 1215 Manichaeum
1538 1192 1548 1211 :
1574 1179 1661 1213 Unde
1680 1176 1737 1210 bue
1759 1176 1882 1218 existis,
1909 1179 1988 1209 unde
2007 1176 2095 1219 confi·
2111 1193 2141 1223 L·
2153 1199 2231 1230 1300
2243 1199 2270 1228 ς,

1203 1232 1276 1262 dm's
1297 1231 1309 1263 ?
1331 1232 1498 1270 5criptueas
1523 1237 1614 1260 tanta
1636 1227 1812 1262 auc‘loritate
1830 1226 1994 1272 firmqtas,
2022 1237 2095 1260 com-

1203 1279 1416 1322 mendatasque
1443 1276 1583 1321 respuitis
1599 1302 1609 1317 ‚
1635 1278 1780 1311 miracula
1800 1289 1858 1310 non
1863 1277 1977 1318 facitis
1989 1301 2000 1318 ‚
2026 1288 2094 1320 quae

1198 1330 1226 1370 fi
1243 1329 1408 1371 faceretis,
1437 1335 1528 1362 etiam
1551 1325 1615 1371 ipsa
1637 1334 1669 1360 in
1691 1327 1776 1361 vobis
1795 1339 1992 1368 caveremus,
2014 1336 2096 1369 prae-

1196 1379 1328 1419 struente
1340 1392 1391 1412 nos
1403 1383 1528 1412 Domino
1542 1402 1552 1418 ,
1579 1380 1614 1412 (5
1634 1379 1746 1411 dicente
1756 1403 1766 1418 ‚
1794 1381 1956 1421 Exurge-nr
1971 1375 2097 1420 Pseudo-

1204 1428 1487 1473 Christi&Pseudo
1499 1427 1678 1469 Prophetae‚
1703 1427 1950 1471 &facient-lngus:
1975 1429 2010 1461 Θ
2028 1435 2097 1469 pro-

1203 1481 1287 1522 digia
1300 1480 1419 1519 multa,
1443 1476 1601 1518 utfallant
1615 1500 1626 1516 ,
1647 1476 1676 1519 fi
1687 1475 1752 1518 fieri·
1774 1477 1889 1518 potest,
1909 1483 2004 1510 etiam
2026 1478 2099 1510 Ele-

1202 1530 1281 1561 clos.
1310 1527 1385 1560 Sola
1413 1527 1572 1560 miracula
1597 1527 1668 1561 vult
1689 1538 1759 1559 non
1782 1528 1844 1560 esse
1865 1526 1999 1569 plenum
2021 1527 2099 1560 resti

1203 1577 1367 1622 dogmatis
1387 1576 1638 1610 testimonium.
1668 1575 1763 1609 Hinc
1785 1577 1894 1610 censet
1916 1575 2101 1619 scrupulose

1204 1640 1271 1661 non
1286 1627 1513 1670 quaerendum,
1541 1638 1613 1670 quae
1635 1626 1670 1659 δε
1690 1626 1797 1668 qualia
1823 1637 1946 1670 patrare
1969 1626 2100 1661 valeant

1204 1677 1359 1710 Haeretici
1374 1702 1384 1717 ,
1410 1677 1571 1720 quoniam
1581 1676 1710 1711 constat
1722 1676 1808 1721 ipsos
1821 1700 1832 1716 ‚
1848 1676 2102 1721 qualiacumque

1203 1737 1259 1761 aut
1286 1737 1551 1770 quantacumque
1569 1736 1686 1768 quavis.
1705 1734 1826 1760 virtute
1842 1727 1998 1769 patrarint
2011 1751 2022 1766 ,
2048 1739 2102 1761 ca-

1204 1776 1329 1811 vendos
1340 1776 1402 1811 effe
1415 1788 1451 1809 ac
1462 1774 1687 1810 detestandos.
1715 1775 1832 1813 Etiam,
1850 1775 1974 1818 Celso,
2001 1775 2102 1811 Chri-

1203 1827 1243 1862 sti
1280 1826 1423 1861 Domini
1450 1826 1604 1860 miracula
1625 1826 1676 1860 uti
1697 1825 1833 1870 Magica
1854 1849 1871 1867 „
1903 1824 2045 1869 ideoque
2064 1827 2099 1861 &

1202 1877 1312 1921 inepta
1324 1879 1415 1912 restae
1436 1876 1673 1920 praedicationis
1685 1875 1874 1911 testimonia
1896 1876 2103 1911 calumnian-

1201 1930 1252 1967 ti,
1278 1927 1441 1972 Origenes
1452 1927 1618 1969 respondit
1627 1926 1669 1960 de
1682 1926 1747 1959 illis
1760 1950 1772 1966 ‚
1797 1937 1834 1960 ut
1845 1924 1885 1959 ad
1898 1927 2016 1960 utilem
2039 1925 2100 1962 ho<

1203 1978 1331 2013 minum
1343 1976 1630 2012 institutionem&
1643 1975 1825 2020 legitimam
1845 1975 1999 2010 dostrinae
2019 1987 2099 2010 con-

1202 2028 1424 2065 firmationem
1437 2028 1498 2061 lint
1519 2025 1684 2067 efficacia,
1715 2026 1803 2070 prius
1824 2025 2097 2069 disquirendum,

1202 2079 1219 2112 a
1239 2090 1307 2121 quo
1325 2077 1408 2112 reste
1431 2087 1599 2121 patrentur
1622 2102 1638 2118 ‚‚
1669 2087 1710 2110 ne
1730 2076 1883 2119 alioquin.
1901 2076 2096 2110 damnemus

1202 2129 1315 2163 omnia
1338 2153 1349 2169 ,
1375 2127 1426 2161 vel
1447 2128 1563 2162 omnia
1590 2125 1763 2170 probemus
1784 2151 1798 2159 t
1829 2125 1957 2160 Lucide
1979 2126 2097 2172 suppo-

1203 2180 1251 2213 nit
1273 2179 1421 2213 divinam
1442 2176 1655 2221 Maiestatem
1683 2174 2021 2220 Pseudo-Prophetis
2052 2175 2095 2211 ad

1202 2240 1276 2263 vera
1300 2228 1456 2263 miracula
1478 2240 1547 2263 non
1581 2227 1747 2271 cooperari
1771 2251 1779 2259 .
1815 2226 1928 2261 Etiam
1960 2227 2095 2261 Sanstus

1202 2280 1342 2322 Ioannes
1365 2277 1620 2320 Chrysostomus
1645 2277 1816 2330 dugntaxat
1854 2277 1925 2311 vult
1958 2277 2095 2311 Haereti-

1202 2340 1316 2364 corum
1331 2354 1342 2369 ,
1370 2329 1444 2363 licet
1467 2329 1573 2364 etiam
1588 2328 1769 2362 excitarent
1791 2338 1960 2366 mortuos,
1985 2327 2094 2370 praedi-

1202 2378 1390 2414 cationibus
1413 2378 1698 2414 noncredendum
1715 2402 1722 2410 .
1749 2377 1812 2412 Per
1830 2378 2005 2412 Hermiam
2029 2377 2095 2411 Ζο-

2105 605 2179 644 Cap.
2199 612 2228 642 3.

1201 2441 1377 2464 zomenum
1401 2441 1459 2473 pro
1482 2429 1625 2463 Eusebio
1649 2429 1812 2463 Emeseno
1834 2428 1964 2462 laudata
1990 2428 2095 2461 Geor-

1201 2481 1249 2525 gii
1272 2480 1455 2515 Laodiceni
1476 2480 1554 2513 fides
1573 2478 1619 2512 est
1643 2478 1765 2512 nullius
1789 2478 1962 2522 ponderis:
1989 2478 2093 2511 Geor-

1200 2534 1294 2575 gium
1319 2531 1410 2564 enim
1437 2529 1670 2563 Alexandrina:
1691 2528 1838 2562 Ecclefiae
1859 2527 2093 2570 Presbyterum

1203 2581 1296 2615 fuiffe
1307 2592 1373 2614 non
1385 2580 1491 2614 solnm
1504 2579 1549 2613 ob
1564 2578 1635 2612 Arii
1653 2578 1871 2622 patrocinium
1885 2602 1896 2618 ,
1922 2577 1975 2612 sed
1995 2577 2030 2610 ὅ(
2044 2577 2092 2611 ob

1202 2631 1266 2665 alia
1278 2631 1415 2664 crimina
1428 2628 1640 2675 degradatum
1651 2629 1670 2662 ὲ
1681 2629 1800 2664 Sancto
1822 2630 1879 2662 suo
1903 2625 2091 2661 Patriarcha

1203 2680 1396 2714 Alexandro
1408 2704 1417 2720 ,
1446 2682 1478 2714 ὃς
1489 2680 1535 2713 ob
1547 2680 1748 2723 pertinacem
1757 2678 1849 2711 dictae
1869 2678 2026 2711 Haerelios
2040 2685 2092 2710 tu-

1201 2730 1299 2764 telam
1313 2729 1485 2773 postmodo
1499 2729 1700 2763 intrusumin
1713 2728 1819 2764 sedem
1831 2727 2067 2761 Laodicensem
2078 2751 2091 2768 ‚

1202 2781 1299 2814 variis
1311 2782 1344 2814 in
1355 2780 1438 2814 locis
1450 2779 1581 2813 testatur
1593 2779 1724 2812 Sanctus
1738 2777 1955 2812 Athanafius.
1978 2776 2092 2812 Socra-

1202 2842 1248 2864 tes
1259 2831 1323 2864 fuit
1343 2829 1447 2864 homo
1471 2829 1744 2863 Novatianenfis:
1773 2827 1865 2861 Hinc
1886 2827 1924 2861 <Sc
1942 2826 2009 2869 ejus
2030 2838 2091 2870 pro

1202 2883 1261 2914 suae
1272 2882 1367 2915 Sectae
1382 2880 1547 2924 Episcopo
1559 2879 1666 2913 Paulo
1686 2878 1917 2914 testimonium
1930 2877 1980 2913 est
1989 2889 1992 2891 ’
2001 2877 2091 2912 infir-

1202 2943 1291 2965 mum
1319 2956 1325 2963 .
1365 2931 1527 2966 Haeretici
1543 2931 1701 2964 virtutem.
1720 2928 1806 2963 hanc
1828 2940 1896 2962 non
1919 2926 2089 2969 ambiunt,

1203 2982 1260 3015 nili
1287 2980 1334 3014 ob,
1348 2991 1476 3025 turpem
1498 2980 1654 3023 quaestum
1683 3004 1693 3020 ‚
1719 2978 1909 3023 popularem
1929 2977 2090 3022 gloriam,

1199 3042 1254 3065 aut
1265 3032 1382 3064 erroris
1402 3031 1450 3064 sui
1464 3031 1652 3063 firmitatem
1666 3054 1676 3070 ‚
1702 3029 1741 3062 ad
1754 3040 1836 3072 quos
1847 3027 1930 3062 fines
1939 3027 2088 3062 divinam

1201 3081 1388 3114 Bonitatem
1410 3080 1578 3123 cooperari
1600 3090 1668 3113 non
1692 3079 1779 3122 poffe
1800 3078 1954 3123 supponit
1970 3077 2006 3112 in
2032 3077 2089 3114 ad-

1200 3132 1302 3166 ducto,
1318 3128 1464 3174 superius
1484 3129 1561 3163 loco
1571 3129 1702 3163 San-stus
1712 3129 1864 3171 1reneus,
1889 3128 1971 3163 &in
1994 3128 2088 3172 quin-

1201 3193 1231 3217 ta
1244 3179 1368 3214 decima
1381 3179 1561 3214 collatione
1570 3177 1712 3215 ostendit
1733 3178 1877 3222 Ioannes
1898 3178 2088 3221 Caffianus.

1201 3231 1339 3265 Hinc&
1361 3229 1403 3265 ab
1423 3228 1652 3270 Antichristo,
1677 3229 1831 3265 omnium
1849 3229 2087 3265 Haetetnorum

1201 3281 1351 3324 Principe
1371 3305 1382 3321 ‚
1409 3291 1478 3314 non
1500 3280 1562 3313 nifi-
1582 3278 1759 3315 Diabolica
1784 3278 1912 3314 edenda
1930 3278 2085 3314 miracula

1200 3332 1336 3365 affirmat
1357 3330 1392 3364 in
1416 3329 1506 3365 libris
1526 3329 1568 3365 de
1595 3329 1664 3366 Dei
1694 3330 1842 3366 Ciuitate
1861 3331 1994 3366 Sanetus
2016 3327 2087 3362 Au·

1201 3381 1349 3427 gustinus
1361 3406 1368 3412 .

1249 3431 1330 3480 Qo
1342 3431 1441 3478 igitur
1454 3432 1545 3467 sensu
1557 3428 1642 3468 idem
1656 3429 1858 3477 Augustinus
1877 3430 1914 3465 in
1933 3426 2021 3510 Ιὶὸὲο
2043 3424 2086 3461 de

2007 3488 2037 3511 ς.
