2352 3736
69 1256 132 1290 Lib.
152 1269 182 1299 92

62 2010 125 2040 Lib.
153 2021 178 2041 1.

58 2058 121 2089 αφ.
149 2055 177 2083 3.

58 2507 120 2540 Lib.
153 2519 178 2538 ι.

59 2557 122 2586 cap·
147 2557 191 2578 ιο.

61 2810 122 2842 Lib.
145 2817 172 2845 3.

61 2860 122 2889 cap.
143 2859 194 2886 42·

62 3116 123 3148 Lib.
155 3127 167 3148 1
175 3128 197 3148 1.

61 3165 123 3195 cap.

535 140 625 170 DE
694 126 735 170 S.
805 118 1140 169 Leonls

257 218 350 248 etiam
360 211 507 255 gestamus
526 217 558 246 in
582 215 677 254 capite
695 221 849 248 coronam,
873 217 929 250 pro
951 212 1138 243 veneratione

252 262 356 307 procul
363 262 451 297 dubio
463 266 612 303 Principis
622 261 813 303 Apostolorum
826 262 908 292 Petri
920 284 930 299 ‚
952 256 1042 300 super
1052 267 1138 302 quem,

254 316 314 348 Dei
325 311 448 353 Ecclefia
457 312 495 352 efl
501 311 742 355 superaedificata
752 336 759 342 .
787 309 830 343 Et
841 307 944 345 barbae
955 308 989 346 ὃς
1014 305 1138 341 verticis

255 363 394 398 rasuram
406 363 544 396 affirmat
555 360 730 405 adiaphora
752 372 789 394 ac
815 358 874 393 fibi
898 359 1038 403 invicem
1056 355 1140 392 fimi-

254 414 322 452 lia‚
348 410 486 456 ideoque
497 412 635 447 Latinos
650 422 719 449 non
732 409 803 458 plus
825 409 866 443 de
891 406 1015 448 barbae,
1042 406 1138 450 quam

255 464 385 497 Graecos
407 462 449 496 de
469 463 598 498 verticis
619 463 725 498 rasura
748 459 836 503 poffe
856 459 961 495 notari
977 482 985 491 .
1012 457 1137 495 Verum

254 512 428 550 Michaelis
448 523 591 549 mentem
617 511 744 548 videtur
768 521 837 543 non
866 508 995 552 penitus
1033 516 1137 552 perce-

252 565 331 607 pisse
352 589 359 597 .
387 563 522 599 Etenim
544 560 647 599 barbae
672 561 812 597 rasuram
833 559 867 595 in
892 557 966 594 solis
987 556 1135 596 Sacerdo-

252 613 338 649 tibus
364 622 420 646 aut
446 612 583 647 clericis
607 621 739 655 arguere
770 609 815 643 est
853 610 988 652 antiqua
1021 605 1135 644 Photii

249 663 413 698 calumnia
430 687 438 694 .
479 662 580 695 Hanc
607 660 700 694 auxit
729 657 878 697 Michael
898 683 910 700 ,
933 658 968 694 &
996 655 1134 691 eandem

248 715 388 749 rasuram
410 711 445 747 in
479 711 607 748 Latinis
637 709 747 748 Laicis
776 709 919 751 culpavit
939 732 946 738 .
984 705 1132 742 Eandem

249 762 360 806 culpat
381 761 418 797 in
440 759 564 797 Alexio
587 761 684 795 Duca
707 758 877 794 Murzuflo
891 757 1027 792 Nicetas
1045 755 1134 793 Cho-

248 812 355 847 niates
377 835 388 851 ,
415 810 501 846 inter
519 808 880 847 Latinorumimilitum
906 806 986 842 vitia
1008 816 1134 850 ponens

245 862 424 905 juveniliter
448 860 551 904 rasam
581 859 738 894 maxillam
760 882 767 890 .
816 856 927 894 Etiam
946 857 1048 893 Anna
1071 857 1133 893 Co-

250 922 389 946 mnena.
415 910 551 943 Etenim
562 907 818 944 Boadmundurn
833 907 1016 944 Siculorum
1042 905 1136 943 Prin-

250 964 358 1005 cipem
377 956 527 995 describit
549 959 570 993 a
595 959 701 1001 capite
723 958 764 992 ad
788 958 909 992 calcem
932 982 943 998 ‚
984 957 1029 993 &‚
1045 955 1135 996 addit

248 1010 338 1045 hunc
364 1010 557 1045 sarcasmum
581 1020 588 1042 τ
625 1008 733 1043 Barba
755 1010 840 1048 qu'us
865 1008 965 1043 eoloris
987 1007 1052 1051 effer
1078 1018 1135 1044 non

242 1062 343 1104 pqffim
362 1062 476 1096 dicere.
503 1062 594 1093 Genae
615 1065 722 1101 quippe
743 1069 778 1092 ac
788 1067 920 1092 mentum
932 1059 997 1098 ejus
1013 1062 1074 1091 acie
1088 1069 1135 1093 ne-

247 1112 363 1145 vaculae
374 1111 418 1144 ad
436 1117 530 1144 cutem
553 1107 625 1152 rasa
646 1106 829 1151 superficiem
853 1107 1002 1143 habebant
1027 1114 1133 1151 quovis

243 1159 329 1209 gypso
340 1162 507 1196 laeviorem..
535 1159 647 1193 Etiam
657 1155 864 1201 Nicephorus
885 1158 1066 1202 Gregoras.
1093 1159 1136 1193 E-

245 1211 377 1246 tenime
399 1210 508 1245 Matre
531 1208 650 1243 Latina
673 1218 809 1247 natum,
830 1209 864 1242 ἀ
885 1208 970 1251 apud
996 1206 1135 1242 Latinos

244 1261 302 1296 diu
329 1260 488 1295 versatum
505 1257 728 1294 Theodorum
754 1257 973 1303 Paleologum
997 1257 1133 1295 affirmat

244 1311 338 1347 Patri
358 1309 556 1344 Andronico
566 1309 672 1352 primo
687 1308 880 1352 Imperatori
906 1307 999 1344 fuisse
1026 1308 1134 1353 ingra-

244 1370 317 1395 tum
332 1385 343 1400 ,
367 1359 456 1404 quod
468 1361 605 1398 animo,
632 1358 815 1403 religione,
841 1357 980 1398 habitu,
1006 1357 1041 1392 δε
1064 1356 1135 1401 rasa

244 1410 338 1445 barba
350 1410 415 1454 effer
422 1411 569 1453 germane*
583 1412 714 1442 Latinus
724 1432 733 1440 .
761 1408 920 1445 Rasuram
933 1406 1018 1445 hanc
1029 1418 1130 1450 quan-

244 1461 269 1495 ti
285 1462 395 1495 fecerit
407 1458 554 1495 Michael
583 1458 792 1500 Cerularius,
819 1459 905 1492 lucet
931 1469 972 1492 ex
1000 1457 1071 1493 latae
1097 1458 1130 1493 in

242 1511 350 1553 ipsum
361 1513 380 1545 a
391 1509 569 1544 Cardinale
578 1507 766 1542 Humberto
777 1507 1133 1543 excommunicationis

241 1559 364 1595 Edisto
378 1584 384 1592 .
411 1559 584 1595 michaele·
597 1562 655 1590 Leo
672 1555 834 1596 Acridenfis
848 1579 859 1596 ‚
885 1555 1007 1596 capillos
1019 1560 1131 1595 capitis

241 1609 400 1644 &barbas
410 1614 573 1644 nutrientes
588 1629 599 1645 ,
624 1617 672 1638 eos
683 1610 734 1647 qui
746 1615 844 1641 comas
868 1605 1013 1645 tondent,
1038 1604 1072 1639 (9·
1085 1602 1132 1647 se·

239 1657 587 1698 eunduminstitutionem
612 1658 755 1689 Romame
781 1653 917 1695 Ecclefiae
942 1653 1052 1686 barbas
1076 1664 1125 1685 ra-

239 1710 337 1749 dunt,
362 1713 395 1741 in
421 1711 659 1740 communionem
685 1715 742 1736 non
766 1707 929 1743 recipiunt.

289 1756 393 1804 Qud
405 1756 506 1791 Graeci
518 1754 632 1789 barbas
652 1753 741 1787 alant
756 1776 767 1792 ,
793 1753 827 1788 &
854 1753 1003 1795 frequens
1023 1750 1067 1785 est
1097 1750 1130 1787 ὃς

238 1810 426 1851 antiquum.
458 1805 593 1841 Etenim
620 1802 818 1839 Latinorum
844 1802 998 1837 Militum
1014 1825 1025 1840 ,
1050 1800 1130 1836 dum

238 1857 297 1892 sub
325 1856 510 1892 Guilielmo
536 1853 653 1889 siciliae
679 1853 774 1897 Rege
801 1862 956 1895 ceperunt
993 1849 1131 1886 Thessa-

238 1908 382 1940 lonicam
403 1931 414 1946 ,
442 1904 638 1948 petulantias
663 1911 840 1947 exaggerat
866 1902 903 1936 in
932 1899 1129 1937 Andronico

237 1956 414 1991 Comneno
441 1954 579 1991 Nicetas
606 1951 789 1988 Choniates
814 1976 825 1992 ‚
850 1952 883 1985 &
908 1960 1002 1996 urget
1039 1949 1128 1987 hunc

236 2006 436 2042 articulum:
463 2004 627 2039 obviorum
653 2002 765 2036 barbas
791 2003 825 2036 &
846 2002 969 2043 capillos
980 2001 1128 2036 ambabus

235 2056 376 2089 manibus
399 2052 707 2096 comprehendebant,
733 2054 768 2086 (5
791 2051 889 2085 hirtas
915 2063 950 2086 ac
973 2052 1128 2094 promissas

235 2107 307 2139 illas
329 2103 441 2137 barbas
466 2104 517 2148 effe
533 2103 630 2136 malas
643 2128 654 2144 ‚
681 2103 800 2145 capillis
825 2104 897 2134 verb
922 2109 995 2143 opus
1021 2101 1132 2145 effedi·

236 2155 342 2190 cebant
363 2179 374 2195 ,
411 2163 446 2189 ut
471 2152 598 2197 ipfhrum
624 2164 701 2187 more
726 2158 758 2186 in
783 2151 881 2186 orbem
906 2151 1100 2187 tonderentur
1117 2176 1124 2185 .

236 2207 468 2248 Imperatorem
494 2204 650 2238 lssacium
688 2201 877 2246 Angelum,
903 2201 984 2235 dum
1010 2200 1127 2237 Alexii

230 2254 349 2289 Branae
360 2254 561 2297 compescuit
571 2251 782 2296 tyrannidem
798 2274 809 2291 ,
834 2250 996 2288 Conrardi
1024 2251 1128 2294 Impe-

235 2304 351 2340 ratoris
376 2304 504 2338 Milites
529 2315 566 2337 ac
591 2304 689 2337 etiam
713 2301 850 2337 Urbani
875 2301 989 2337 Latini
1003 2300 1127 2337 strenue

235 2354 429 2396 adjuverunt
441 2378 452 2395 ‚
477 2355 510 2389 δε
534 2364 576 2387 ex
598 2351 698 2386 causis
709 2353 857 2387 fecerunt
870 2351 1029 2396 grandem
1042 2352 1125 2387 Grae-

235 2415 350 2439 corum
376 2403 513 2438 Civium
538 2403 691 2447 stragem·
718 2401 763 2436 Et
788 2413 856 2445 quo
883 2402 913 2435 se
940 2401 1064 2436 invidia
1087 2401 1123 2436 li-

235 2454 380 2489 berarent
400 2478 411 2495 ‚
448 2455 492 2488 uli
519 2454 594 2487 sunt
619 2450 679 2487 hac
707 2463 761 2496 per
786 2451 928 2486 eundem
968 2451 1121 2487 Nicetam

236 2514 415 2538 memorata
443 2512 531 2537 arte.-
558 2506 728 2542 Romanos,
753 2508 806 2546 qui
832 2507 864 2535 in
888 2511 990 2545 pugna
1015 2503 1121 2536 cecide-

235 2563 331 2592 rant,
356 2557 478 2587 Latinis
507 2553 636 2593 vestibus
664 2554 804 2592 indutos,
830 2550 954 2596 rasisque
976 2551 1075 2585 barbis
1086 2558 1120 2586 in

236 2602 357 2645 suarum
383 2605 494 2637 aedium
505 2602 652 2643 vestibulis
662 2605 808 2637 collocatos
821 2626 831 2641 ,
852 2611 910 2645 pro
924 2601 1119 2644 popularibus

233 2651 298 2695 fuir
324 2653 478 2685 lamentati
500 2650 592 2695 sunt.
622 2652 664 2686 Et
686 2653 726 2686 de
737 2652 952 2687 Tartarorum
966 2651 1118 2696 Principe

237 2701 461 2739 Tamerlane,
486 2702 542 2743 qui
567 2702 752 2736 Turcarum
778 2702 909 2736 Ducem
921 2702 1117 2744 Bayazetem

235 2751 332 2784 duxit
359 2750 547 2793 captivum,
572 2751 678 2786 scribit
704 2750 939 2787 Theodericus
963 2751 1115 2786 ὲΝὶεηιε

235 2800 373 2834 Barbam
395 2797 566 2842 protensam
591 2799 716 2835 babebat
736 2826 748 2842 ,
782 2801 980 2844 pendentibus
1007 2807 1039 2834 in
1065 2802 1119 2836 illa

232 2850 369 2893 pluribus
392 2847 523 2892 pretiofis
531 2849 684 2891 lapidibus
702 2873 713 2889 ‚
736 2858 824 2890 prout
836 2855 1017 2895 Magnarum
1030 2855 1116 2885 Grae-

235 2911 334 2933 corum
361 2902 394 2933 Θ*
427 2904 564 2941 partium
599 2898 790 2935 Orientalium
825 2900 992 2942 confirmado
1028 2911 1116 2935 vetus

236 2948 391 2993 observat.
421 2950 463 2983 Et
490 2949 524 2982 in
552 2949 630 2982 sacri
655 2947 737 2982 Belli
765 2948 897 2983 historia
921 2951 1028 2984 scribit
1040 2951 1118 2987 Gui-

237 3000 364 3034 lielmus
383 2999 565 3042 Tyriorum
590 2997 819 3041 Metropolita:
850 3003 915 3033 Mos
937 3000 975 3039 est
987 3005 1118 3034 Orienta-

237 3049 339 3090 libus,
364 3059 428 3083 tam
455 3052 567 3082 Graecis
593 3050 683 3090 quam
693 3049 762 3082 aliis
774 3051 978 3091 mationibus,
1005 3050 1113 3085 barbas

237 3108 301 3132 tota
320 3110 388 3131 cura
405 3100 438 3132 (θ’
459 3104 543 3133 omni
551 3097 743 3141 sollicitudine
764 3106 901 3140 nutrire,
922 3109 978 3141 pro
991 3098 1116 3142 summo-

237 3160 294 3191 que
315 3149 445 3189 probro,
470 3151 503 3183 &
530 3151 636 3190 majori
661 3160 729 3190 quae
753 3150 885 3190 unquam
900 3155 1024 3192 irrogari
1034 3151 1114 3192 poffit

235 3202 398 3241 ignominia
422 3207 581 3240 reputare,
602 3198 864 3240 fivelunurpilus
878 3211 1054 3242 quocumque
1059 3199 1116 3241 fibi

235 3247 304 3291 casu
325 3249 363 3280 de
383 3247 476 3280 barba
492 3248 689 3282 detrabatur.
720 3250 761 3282 Et
776 3248 979 3283 bincastutus
994 3250 1113 3286 Edeffae,

234 3298 356 3333 Comes
376 3295 553 3331 Balduinus
564 3298 723 3332 militibus
737 3299 798 3333 suis
810 3310 867 3342 pro
878 3298 1109 3342 stipendiorum

235 3348 404 3383 securitate
424 3346 586 3391 obligavit
604 3348 838 3390 opulentissimi
859 3350 958 3382 soceri
979 3349 1025 3383 sui
1049 3350 1111 3385 Ga-

237 3397 344 3433 brielis
370 3396 521 3437 barbam,
546 3408 643 3442 atque
655 3398 699 3434 ita
710 3398 822 3435 abillo
832 3400 962 3435 extorsit
975 3400 1107 3446 triginta

1178 236 1183 264 l

1198 1223 1253 1249 cos
1273 1211 1366 1246 fuiffe
1388 1203 1605 1258 foediffimuml
1620 1209 1809 1252 supplicium
1823 1233 1834 1248 ,
1860 1207 1987 1245 ostendi
2011 1209 2082 1251 pos-

1159 1220 1182 2519 }
1257 1261 1347 1297 vario
1368 1260 1558 1299 testimonio
1576 1259 1683 1294 Annae
1706 1259 1886 1298 Comnenae
1908 1281 1918 1297 ‚
1945 1258 2080 1302 Joannis

1155 2533 1382 3493 jffgabraem
1391 2569 1426 2591 ac
1436 2558 1568 2599 laevem,
1589 2557 1653 2601 sola
1677 2571 1777 2600 coma,
1799 2559 1871 2601 ficut
1897 2572 2003 2602 equum
2017 2564 2073 2602 ju-

1210 121 1812 172 N0N1*Ac*rIS.
1914 136 2009 185 357

1179 206 1301 243 imillia
1314 217 1484 245 aureorum
1511 204 1797 240 Michaelitarum.
1826 205 1952 250 Nempe
1978 218 2078 244 omne

1180 267 1183 293 ι
1200 268 1334 298 aurum,
1362 259 1460 302 quam
1487 256 1589 292 solam
1615 256 1748 290 barbam
1759 255 1890 290 illustris
1903 258 2080 292 Armenius

1201 308 1331 350 perdere
1357 307 1537 342 maluisset.
1564 307 1625 346 Rei
1638 307 1751 341 serie-m
1763 307 1906 350 pluribus
1926 306 2080 344 describit

1201 358 1349 393 laudatus
1374 359 1572 393 Guilielmus
1597 381 1605 388 .
1647 357 1793 394 Eandem
1824 356 1974 392 Balduini
2000 358 2081 397 astu-

1201 409 1278 442 tiam
1306 409 1420 449 refert,
1447 409 1480 448 &
1506 409 1656 444 omnium
1682 405 1902 443 Orientalium
1915 419 1971 448 pro
1982 406 2081 444 barba

1200 457 1305 492 zelum
1332 459 1469 502 exponit
1498 458 1637 502 Jacobus
1659 456 1842 494 Cardinalis
1852 456 1894 490 de
1905 455 2082 498 Vitriaco,

1198 509 1231 542 δε
1259 509 1431 553 adjungit,-
1457 510 1534 545 Sicut
1560 510 1644 550 apud
1669 512 1795 541 Latinos
1821 506 1960 540 Eunuchi
1983 532 1994 546 ‚
2029 512 2082 550 qui

1199 558 1293 592 barba
1315 565 1434 600 penitus
1453 567 1554 595 carent
1572 583 1583 598 ‚
1609 559 1774 595 indecentes
1801 559 1836 591 (st
1861 555 1945 600 quasi
1962 557 2083 598 effaemi-

1199 615 1264 641 nati
1289 607 1468 651 censentur,
1497 615 1542 642 ita
1568 610 1735 641 Orientales
1758 616 1813 650 pro
1832 604 1946 650 summo
1970 606 2081 641 babent

1197 658 1369 701 opprobrio,
1398 670 1454 691 non
1469 657 1563 700 fidum
1581 658 1611 698 fi
1629 658 1721 690 barba
1732 659 1902 698 radantur,
1925 656 2080 700 sedetiam

1191 708 1220 749 fi
1236 720 1312 741 unus
1332 708 1370 740 ab
1393 714 1437 740 eis
1457 708 1538 748 pilus
1560 707 1741 739 extrahatur
1764 732 1771 741 ,
1790 709 1872 740 Unde
1896 713 1990 740 nuntii
2021 711 2080 740 Da-

1196 760 1255 791 vid
1264 782 1273 798 ‚
1301 756 1404 799 quibus
1417 761 1452 794 N
1455 769 1509 790 aas
1521 760 1586 793 Rex
1599 761 1833 794 ammonitarum
1845 763 1876 792 in
1886 766 2078 802 contemptum

1196 809 1305 845 David
1322 808 1465 840 dimidias
1480 806 1592 841 barbas
1602 805 1696 846 ralt't,
1723 808 1815 840 aliam
1834 814 1955 846 partem
1974 809 2079 846 radere¹

1197 859 1351 893 noluerunt
1365 883 1375 898 ‚
1397 855 1455 902 sed
1465 855 1676 901 absconderunt
1688 854 1715 898 le
1726 863 1756 888 in
1769 856 1880 896 Iericho
1893 880 1903 896 ,
1914 858 2003 893 donec
2013 857 2080 894 bar-

1196 909 1301 942 barum
1313 908 1522 951 recuperaffent
1534 906 1669 944 honorem
1681 932 1688 939 .
1717 908 1760 945 Et
1770 906 1859 952 quod
1873 906 2080 950 Assyriorum

1198 959 1283 1005 Regi
1296 957 1560 995 Sennacheribin
1573 959 1729 997 summam
1743 982 1753 999 ‚
1780 969 1821 992 ex
1841 968 1903 1002 qua
1925 957 2082 1001 judicare-

1198 1021 1250 1044 tur
1262 1010 1382 1054 Regno
1395 1007 1571 1056 indignuS,
1599 1008 1818 1054 ignominiam
1839 1008 1989 1052 Angelus
2013 1008 2082 1041 bat-

1198 1060 1274 1099 bam
1285 1059 1415 1099 raserit,
1442 1057 1527 1103 apud
1549 1059 1701 1098 SanCium
1728 1059 1977 1101 Hieronymum
1999 1059 2085 1092 affir*

1198 1118 1289 1148 mant
1299 1109 1466 1147 Hebraicae
1488 1110 1579 1152 super
1606 1108 1784 1146 secundum
1805 1107 2082 1153 Paralipomenon
2101 1122 2173 1161 Cap·
2190 1129 2239 1159 3²·-

1199 1161 1316 1198 librum
1339 1158 1533 1195 traditiones
1553 1184 1560 1192 .
1590 1158 1700 1201 Barbae
1721 1159 1859 1191 rasuram
1882 1158 1967 1200 apud
1995 1159 2083 1193 Grae-.

2098 738 2154 769 Lib.
2178 741 2205 770 1.‘

2095 788 2159 818 cap.
2179 785 2226 816 75.

1197 1311 1420 1348 Cantacuzeni
1439 1335 1451 1351 ‚
1491 1321 1529 1344 ac
1552 1310 1692 1347 aliorum
1714 1309 1933 1347 recentiorum
1952 1308 2081 1341 Graeco-

1198 1372 1287 1397 rum,
1313 1361 1388 1395 Nec
1400 1359 1515 1401 desunt
1526 1360 1660 1406 antiqua
1684 1359 1874 1398 testimonia
1896 1369 1950 1392 aut
1974 1369 2080 1392 exem-

1198 1410 1266 1454 pla.
1293 1411 1427 1445 Etenim
1450 1410 1491 1445 de
1514 1409 1671 1448 ducendis
1696 1411 1729 1443 in
1742 1409 1965 1453 captivitatem
1983 1408 2080 1448 Moa-

1197 1460 1273 1494 bitis
1293 1459 1402 1496 scribit
1426 1458 1589 1502 Propheta
1613 1459 1796 1495 Hieremias
1816 1470 1823 1490 :
1862 1463 1954 1496 Omne
1991 1467 2080 1501 caput
2098 1467 2167 1505 Cap,
2190 1470 2237 1506 43,

1194 1511 1351 1545 calvitium
1369 1533 1380 1549 ,
1405 1510 1440 1544 <tt
1456 1515 1558 1541 ¹omnis
1584 1507 1679 1542 barba
1699 1505 1768 1550 rasa
1788 1513 1846 1540 erit
1871 1532 1878 1539 .
1918 1509 1962 1541 Et
1989 1506 2080 1546 addit

1193 1557 1429 1592 Theodoretus
1450 1569 1458 1593 t.
1486 1561 1517 1590 Is
1540 1565 1605 1591 erat
1631 1565 1815 1598 captivorum
1842 1557 1964 1594 habitus
1989 1582 1995 1589 .
2024 1557 2087 1595 Ea.

1193 1607 1270 1643 dem
1290 1605 1330 1640 de
1352 1606 1424 1650 ipsis
1435 1606 1531 1643 verba
1545 1607 1631 1644 lsaiae
1646 1606 1754 1644 laudat
1766 1607 1899 1640 Sanstus
1914 1607 2085 1651 Hierony-

1191 1667 1289 1696 mus,
1314 1655 1528 1699 &adjungit:
1558 1658 1650 1696 Apud
1657 1663 1792 1703 antiquos
1803 1656 1908 1693 barba·
1925 1682 1936 1697 ‚
1964 1656 2084 1701 capitis-
2103 1659 2175 1696 Cap.
2198 1667 2242 1701 ις.

1191 1716 1248 1747 que
1256 1703 1364 1747 rasura
1376 1704 1472 1741 luHus
1483 1705 1621 1739 indicium
1627 1704 1694 1747 fuit
1705 1730 1712 1738 .
1742 1708 1801 1739 Per
1811 1704 1874 1740 baec
1884 1709 1950 1750 ergo
1966 1713 2084 1750 magni-

1191 1756 1262 1788 tudo
1284 1760 1416 1788 moeroris
1438 1754 1596 1795 ostenditur
1618 1779 1626 1788 ,
1655 1755 1759 1801 Qod
1782 1756 1899 1800 repetit
1920 1758 2022 1792 etiam
2045 1758 2083 1792 in

1192 1805 1368 1839 Hieremiae
1389 1805 1423 1838 <Sc
1449 1803 1632 1840 Ezechielis
1656 1805 1896 1843 commentario
1914 1831 1922 1838 .
1962 1808 2005 1846 Et
2042 1808 2083 1847 de

1190 1854 1383 1899 quibusdam
1415 1854 1664 1899 Mesopotamiae
1690 1853 1870 1891 Monachis
1890 1855 2088 1896 scribitSan-

1189 1907 1258 1939 dius
1270 1903 1473 1950 Epiphanius
1485 1917 1497 1942 ,-
1525 1909 1665 1939 Deterius
1675 1907 1820 1948 quiddam
1835 1905 1873 1938 ab
1886 1907 1947 1945 illis
1961 1914 2063 1951 agitur
2074 1932 2082 1940 .

1188 1956 1340 1997 siquidem
1360 1954 1487 1988 barbam
1509 1979 1520 1995 ,
1546 1954 1596 1988 hoc
1618 1955 1677 1995 est,
1693 1962 1848 1998 propriam
1873 1962 1935 1989 viri
1947 1957 2083 1998 formam

1188 2004 1336 2048 resecant.
1368 2009 1457 2048 Atqui
1469 2010 1501 2038 in
1515 2004 1707 2048 Apostolorum
1730 2005 1978 2047 constitutionibus
2003 2008 2082 2047 divi·
2103 2004 2161 2035 Lib.
2193 2010 2239 2039 80·

1187 2068 1224 2088 no
1231 2054 1364 2097 sermone
1375 2066 1408 2088 ac
1420 2057 1555 2099 dogmate
1563 2055 1772 2099 praescribitur
1785 2081 1795 2097 ,
1816 2068 1853 2090 ne
1866 2068 1903 2090 ea
1913 2067 2083 2101 corrumpa-
2100 2055 2163 2083 cap.
2190 2059 2214 2078 ¹·

1186 2114 1260 2139 tur.
1288 2110 1350 2142 Hoc
1369 2105 1428 2146 est,
1457 2117 1492 2140 ne
1515 2106 1611 2139 barba
1629 2115 1780 2149 ponatur,
1801 2108 1876 2142 neve*
1899 2115 2081 2149 meretricius

1185 2157 1277 2190 cultus
1290 2157 1324 2191 <5
1336 2165 1458 2192 ornatus
1475 2154 1649 2200 usurpetur.
1678 2157 1880 2201 Apostolicae
1900 2159 1988 2201 apud
2012 2160 2081 2195 Ro·
2100 2162 2162 2194 Lib.
2190 2176 2217 2197 ι,

1184 2216 1320 2241 manum
1335 2205 1541 2244 Clementem
1555 2206 1807 2242 constitutiones
1822 2219 1932 2242 vetant
1946 2207 2078 2252 barbam
2097 2212 2157 2241 “³1³-
2178 2214 2210 2244 3·

1186 2256 1272 2290 radi.
1302 2255 1331 2291 E
1342 2257 1378 2293 iu
1392 2255 1585 2292 Christiano
1601 2255 1786 2303 Paedagogo
1798 2255 1896 2292 habet
1923 2259 2077 2300 Clemens

1187 2305 1451 2342 Alexandrinus:
1483 2311 1587 2348 Eum,
1613 2312 1662 2350 qui
1676 2315 1726 2343 vir
1737 2307 1795 2349 est,
1815 2309 1897 2351 pec‘li
1923 2311 1957 2344 (9·
1977 2312 2078 2345 tonde·
2097 2322 2158 2352 Lib,
2178 2334 2207 2362 3·

1185 2362 1212 2389 ri
1220 2361 1314 2391 crines
1337 2365 1550 2399 componentem
1567 2358 1609 2390 ad
1623 2356 1792 2400 speculum,
1814 2358 1962 2403 genasque
1982 2363 2074 2404 radi,
2093 2371 2154 2402 cap.
2180 2374 2209 2402 3.

1184 2407 1281 2446 velli,
1307 2418 1340 2441 ac
1354 2406 1543 2451 deglabrari,
1571 2411 1712 2450 quomodo
1724 2420 1781 2442 non
1802 2408 1839 2450 est
1858 2411 1949 2452 plene
1975 2414 2074 2445 mulie·

1185 2457 1257 2492 bre?
1284 2459 1328 2489 Et
1338 2460 1414 2492 certe
1439 2456 1494 2500 nisi
1509 2469 1555 2492 eos
1581 2460 1675 2492 nudor
1700 2461 1834 2499 viderie,
1862 2462 1995 2497 mulieres
2021 2464 2073 2504 effi:

1184 2513 1340 2549 putaveris
1351 2533 1359 2540 .
1387 2507 1430 2542 Et
1443 2509 1524 2542 infra
1538 2522 1548 2542 .·
1577 2512 1658 2543 Deut
1671 2511 1764 2543 voluit
1778 2509 1940 2553 foeminam
1952 2513 2072 2553 quidem

1183 2607 1222 2641 ba
1235 2631 1246 2647 ‚
1268 2605 1375 2650 sponte
1399 2617 1515 2641 natura.¹
1527 2609 1714 2643 exultantem
1730 2622 1739 2652 ;
1767 2615 1867 2645 virum
1886 2619 1984 2644 autem
2005 2623 2070 2645 cum

1176 2656 1249 2698 ficut
1258 2658 1353 2690 leones
1364 2657 1458 2691 barba
1469 2657 1592 2701 ornaffi’t
1602 2683 1613 2699 ,
1640 2661 1759 2692 virilem
1771 2666 1861 2693 etiam
1877 2661 1954 2702 fecit
1976 2660 2072 2703 hirsu-

1181 2715 1211 2741 to
1217 2706 1333 2747 pedlore
1346 2730 1357 2746 ,
1383 2708 1462 2748 quod
1471 2709 1589 2749 quidem
1600 2710 1634 2743 e>-
1647 2710 1755 2742 roboris
1767 2711 1800 2745 (9⁶
1811 2715 1929 2751 imperii
1940 2710 1977 2751 est
1989 2712 2069 2744 indi-

1181 2761 1273 2788 cium.
1300 2755 1453 2791 Pluribus
1479 2756 1544 2791 haec
1564 2758 1737 2792 confirmat
1747 2782 1757 2799 ‚
1783 2759 1816 2793 δε
1840 2759 2002 2795 Rasorum
2033 2761 2068 2796 δε

1182 2805 1363 2840 Vulsorum
1378 2806 1588 2842 mercenarias
1603 2809 1752 2843 officinas
1764 2807 1853 2843 addit
1866 2809 1927 2844 effe
1936 2809 2066 2852 artifices

1181 2862 1352 2890 meretricia·
1359 2855 1569 2900 fornicationis
1580 2882 1588 2890 .
1612 2857 1652 2891 Et
1663 2859 1768 2903 pergit
1782 2862 1817 2893 in
1842 2860 1909 2894 alio
1934 2861 2039 2904 capite
2051 2874 2064 2895 .-

1182 2909 1226 2938 De
1234 2907 1308 2948 pilis
1330 2911 1373 2940 ita
1395 2908 1533 2940 videtur.
1560 2912 1695 2942 Virorum
1722 2910 1838 2951 quidem
1865 2918 1953 2953 caput
1976 2922 2011 2944 ne
2022 2910 2062 2952 ſse

1180 2954 1326 2998 hirsutum
1341 2981 1351 2996 ,
1389 2956 1445 3001 nist
1455 2957 1539 3002 forte
1555 2960 1633 3001 pilos
1654 2957 1763 3002 crispos
1786 2958 1896 2997 habeat
1916 2985 1927 3002 ,
1966 2960 2061 2994 barba

1180 3015 1276 3039 autem
1289 3005 1420 3049 hirsuta.
1447 3012 1555 3041 Interii
1565 3017 1663 3041 autem
1683 3011 1783 3050 capilli
1804 3021 1841 3044 ne
1863 3013 1884 3042 ἃ
1904 3015 2001 3053 capite
2016 3015 2059 3044 ni-

1180 3061 1270 3089 mium
1282 3058 1472 3090 dimittantur
1483 3081 1494 3097 ,
1520 3063 1552 3090 in
1561 3069 1672 3091 comam
1681 3060 1849 3093 muliebrem
1869 3061 2039 3095 delabentet
2048 3086 2058 3095 .

1179 3109 1208 3139 V
1207 3110 1260 3137 iris
1272 3112 1351 3139 enim
1363 3106 1455 3140 barba
1460 3105 1565 3151 sufficit
1577 3132 1584 3139 .
1613 3108 1815 3151 ,Qubdfiquit
1827 3115 1918 3153 etiam
1932 3111 2055 3144 barbam

1180 3167 1236 3190 non
1248 3154 1324 3189 nibil
1332 3157 1456 3191 tondeat
1467 3181 1477 3196 ,
1504 3169 1539 3191 ea
1552 3165 1652 3191 tamen
1664 3169 1721 3191 non
1731 3159 1770 3200 est
1780 3164 1894 3194 omnino
1904 3162 2054 3195 denudan-

1177 3207 1234 3238 da.
1250 3205 1303 3244 Est
1315 3211 1392 3238 enim
1402 3215 1488 3249 turpe
1498 3205 1691 3252 spec‘laculum
1705 3232 1712 3242 .
1740 3213 1784 3244 Et
1796 3210 1897 3250 barba
1908 3212 1953 3244 ad
1958 3221 2051 3246 cutem

1176 3254 1262 3297 usque
1273 3254 1390 3299 tonsura
1402 3258 1523 3291 videtur
1536 3269 1594 3292 non
1606 3260 1730 3292 multum
1742 3260 1832 3306 abrffe
1841 3263 1861 3294 ἆ
1882 3261 2005 3303 vulfione
2015 3263 2049 3294 έν

1174 3307 1299 3339 laevore.
1328 3307 1370 3340 Et
1383 3304 1448 3340 haec
1457 3308 1528 3342 sunt
1540 3309 1750 3345 fundamenta
1765 3334 1776 3351 ‚
1803 3322 1844 3344 ex
1855 3311 1972 3355 quibus
1983 3310 2047 3341 Mi·

1175 3353 1265 3389 chael
1284 3355 1467 3391 Cerularius
1480 3369 1539 3391 nos
1549 3358 1673 3392 censuit
1694 3358 1876 3402 Apostolici
1899 3358 2044 3392 Canonis

1176 3405 1429 3448 praevaricatores
1443 3432 1453 3450 ,
1474 3407 1611 3452 ideoque
1633 3408 1967 3447 anathematizandos-

1873 3456 1996 3492 Verum
