2352 3736
72 2330 136 2361 Lib.
161 2340 191 2364 7.

76 2367 141 2399 Ind.
165 2380 191 2397 ι..

73 2407 166 2446 Epist.
181 2412 230 2440 60.

75 3212 147 3252 Cpa.
166 3224 190 3246 ι,

524 127 612 156 DE
683 111 721 155 S.
793 110 1125 155 LzoNis

1195 107 1428 154 N0N1

1498 111 1781 154 Acrls.
1897 127 1997 173 439

251 195 425 239 indignum
435 203 500 228 erat
511 195 663 228 omnium
676 205 743 228 non
756 194 925 229 dumtaxat
939 194 1140 251 Provincia-k
1180 179 1226 235 ore
1239 195 1379 226 sacerdos
1392 197 1509 233 Atticus
1518 219 1529 235 ,
1564 198 1689 235 antiqua
1714 197 1838 237 Legatos
1863 193 2065 233 baereticorum

250 246 347 283 lium,
374 245 424 278 sed
438 246 536 279 etiam
564 243 833 286 Patriarchalium
854 246 1065 288 Synodorum
1085 244 1126 285 de
1181 242 1361 285 confutando
1371 243 1457 285 fide?
1486 247 1530 285 De
1538 256 1598 286 qua
1607 251 1779 286 runcimpta
1792 244 1881 283 corda
1901 270 1911 286 ,
1924 255 2065 288 quamvis

249 294 450 340 gravioribus
460 295 560 329 causis
569 295 688 338 judic'u
713 294 858 335 submitti
883 295 940 328 uni
965 293 1126 328 Constan-
1179 293 1211 336 se·
1221 294 1355 327 obdullae
1367 303 1495 338 tegerent
1507 294 1770 336 velamineformae
1784 319 1793 332 ,
1813 296 1841 336 J
1846 296 1936 328 udicti
1950 296 1983 329 (ν
1995 302 2066 329 tact-

249 344 473 388 tinopolitano
488 345 675 389 Episcopo,
703 356 757 388 per
781 345 884 387 ipsum
906 356 944 379 ac
966 345 1126 378 variarum

245 395 398 439 gentium
412 406 530 439 paucos
542 395 592 429 illi
605 395 773 435 affidentes
785 395 963 438 Episcopos
988 396 1127 428 retracta-

245 446 297 485 ri,
323 445 567 489 &quandoque
587 447 687 479 etiam
711 446 895 487 reformari.
925 446 1020 479 Hinc
1039 444 1127 478 dam-

246 506 363 529 natum
383 496 401 529 a
429 495 475 528 sui
498 494 689 530 Patriarchae
716 505 771 529 aut
805 493 947 528 Exarchi
988 492 1126 537 synodo

246 545 450 588 Episcopum
471 544 835 589 Constantinopolitani
850 544 958 579 Patres
982 543 1127 588 permise-

247 604 325 628 runt
346 594 476 638 quidem
497 606 654 634 recurrere
673 596 712 629 ad
734 593 923 639 Principem
936 619 947 635 ‚
981 603 1123 636 attamen

248 655 316 678 non
329 656 365 679 ut
378 645 739 689 Constantinopolitani
752 671 762 686 ‚
776 645 851 678 licet
864 643 1031 689 insigniter
1043 642 1127 676 exal*

248 696 365 729 tassent
377 719 387 735 ,
413 694 581 736 Antistitis
593 721 602 735 ‚
630 695 682 729 sed
694 694 854 740 generalis
867 691 992 736 Synodi
1012 692 1126 736 implo-

249 754 330 778 raret
344 744 508 788 Judicium
523 771 528 777 .
559 745 685 779 Verum
698 746 779 779 hanc
798 743 976 787 clausulam
992 753 1055 777 non
1070 741 1125 776 ob-

249 794 436 828 tinuerunt.
468 795 599 829 Etenim
630 794 769 840 Augusti
793 793 961 835 Principes
985 803 1127 836 perrexe-

250 853 327 877 runt
339 844 567 879 damnatorum
580 846 814 888 Episcoporum
829 842 1000 876 admittere
1021 853 1125 886 quere·

251 894 296 927 las
307 919 317 934 ,
344 894 377 928 &
389 894 505 938 Regiae
516 894 658 927 civitatis
672 894 834 937 Episcopo
852 904 887 926 ac
896 892 963 935 ejus
982 904 1021 925 ex
1035 891 1125 926 adve-

250 944 304 977 nis
326 944 475 986 Collegis
496 941 633 985 Synodo
655 938 823 987 dtlegire.
849 941 896 976 lta
931 942 1070 975 Gabadii
1095 943 1127 975 &

250 992 373 1036 Agapii
387 1015 395 1030 ‚
423 992 463 1025 de
475 991 633 1025 Bostrensi
659 990 743 1035 apud
765 990 887 1025 Arabes
903 992 1129 1035 Metropolita-

250 1053 297 1075 no
321 1042 517 1084 Episcopatu
539 1042 812 1075 contendentium
827 1066 837 1081 ‚
876 1043 1003 1076 causam
1030 1042 1127 1075 Arca-

248 1089 323 1124 dius
335 1089 503 1135 Augustus
518 1090 681 1136 delegavit
707 1092 860 1126 Nectario
877 1115 887 1131 ,
913 1092 968 1135 qui
993 1091 1129 1137 laudatze

251 1141 389 1183 Synodo
401 1142 566 1183 adfuerat,
597 1142 974 1185 Constantinopolitano
998 1141 1128 1184 Episcor

250 1202 294 1234 po
307 1217 317 1232 ‚
343 1192 375 1224 ὅ(
388 1189 442 1224 hic
457 1192 554 1233 ipsam
566 1217 575 1231 ‚
602 1190 687 1225 haud
699 1192 795 1225 dubie
807 1190 984 1234 judicatam
995 1192 1087 1225 antea
1113 1192 1129 1224 a

250 1241 408 1274 Flaviano
423 1240 609 1275 Antiochiae
629 1242 813 1276 patriarcha
825 1266 838 1282 ,
862 1242 1038 1275 retractavit
1052 1266 1059 1273 .
1089 1242 1130 1286 Et

249 1292 328 1325 licet
341 1302 409 1324 non
421 1291 549 1325 tantuin
565 1291 617 1325 hic
632 1290 834 1333 Flavianus,'
854 1293 905 1325 sed
930 1293 1030 1326 etiam
1057 1292 1133 1324 Ale-

249 1341 488 1375 xandrinorum
523 1342 708 1377 patriarcha
743 1342 954 1384 Theophilus
993 1341 1109 1375 adesset
1122 1366 1131 1380 ,

1185 354 1224 377 tae
1239 346 1372 377 tulerant
1387 342 1684 386 tormentarepulsae.
1714 345 1744 377 A
1768 343 1929 378 Romanis
1952 345 2067 385 Ponti·

1185 393 1297 434 ficibus
1307 392 1486 434 damnatae,
1515 394 1609 428 Italia
1619 394 1744 437 ejefiae,
1770 395 1802 427 ὃς
1814 395 1995 439 generalem
2008 395 2065 437 Sy-

1184 444 1307 483 nodum
1320 443 1513 487 postulantis
1523 445 1672 488 factionis
1692 445 1821 484 causam
1841 456 1881 478 ex
1907 445 2065 489 Principis

1183 493 1387 537 delegatione
1406 494 1587 529 retractavit
1612 495 1644 527 in
1673 495 1726 528 sua
1753 495 1891 538 Synodo
1911 494 2063 536 Atticus,

1183 544 1323 578 firmavit
1337 544 1527 585 Romanum
1541 542 1725 586 Iudicium,
1752 545 1784 578 &
1806 543 1846 577 ab
1868 546 1960 578 omni
1983 546 2065 579 ulte-

1183 594 1274 627 rioris
1294 593 1469 627 audientiae
1491 593 1542 638 spe
1563 593 1603 627 ad
1628 604 1813 637 perpetuam
1837 595 2063 638 poenitentiam

1184 643 1360 686 proscripsit
1372 669 1380 677 .
1412 644 1461 676 Ex
1473 655 1540 685 quo
1552 643 1636 677 lucet
1647 668 1657 683 ‚
1669 644 1757 687 quod
1770 655 1836 678 non
1852 646 1933 678 solas
1946 646 2065 680 Orien·

1185 693 1296 726 talium
1309 692 1565 726 patriarcharum
1575 717 1586 733 ,
1615 693 1667 726 sed
1680 693 1777 728 etiam
1791 694 1935 728 Romani
1950 694 2064 729 Ponti÷

1186 743 1254 782 ficis
1279 742 1453 785 sententias
1473 741 1860 785 Constantinopolitanus
1886 744 2064 788 Episcopus

1185 793 1382 836 retrastatet‚
1702 790 1705 795 '

1234 841 1361 883 Verum
1383 841 1477 876 sacris
1499 840 1694 876 Canonibus
1722 841 1806 876 adeo
1840 841 2066 882 adversabatur

1187 891 1250 926 haec
1261 891 1487 933 consuetudo,
1514 903 1549 926 ut
1559 891 1599 926 de
1609 892 1757 936 delegata
1774 891 1830 926 fibi
1853 904 1908 936 per
1931 892 2069 935 Impera·

1187 953 1289 976 torem
1318 940 1492 976 Arcadium
1514 943 1607 985 causa
1634 941 1848 975 Alexandrini
1873 941 2068 981 Patriarchaf.

1188 989 1370 1035 Theophili
1397 992 1551 1036 scripserit
1587 993 1624 1025 ad
1653 993 1804 1026 Sansturn
1836 991 2067 1032 Innocentium

1188 1042 1382 1076 Pontificem
1396 1042 1525 1077 Sanctus
1538 1042 1677 1085 Joannes
1691 1041 1944 1085 Chrysostomus
1955 1055 1966 1075 .·
1998 1046 2067 1075 Nos

1185 1091 1305 1135 scientes
1320 1095 1410 1138 Leges
1424 1095 1550 1126 Parrum
1564 1117 1574 1132 ,
1594 1093 1627 1125 (θ’
1642 1091 1795 1134 Ebeopbllo
1810 1093 1944 1134 honorem
1956 1091 2067 1125 baben-

1188 1152 1233 1175 tes
1251 1167 1261 1182 ,
1280 1148 1379 1176 etiam
1395 1141 1486 1185 super
1506 1142 1559 1175 bac
1583 1153 1614 1175 re
1634 1143 1697 1182 ejus
1723 1144 1868 1182 litteras,
1891 1147 2067 1185 oporterent

1190 1191 1346 1235 quibusque
1356 1195 1529 1225 Provinciis
1536 1191 1596 1237 sua
1607 1197 1720 1235 negotia
1733 1187 1863 1225 tractari
1871 1217 1883 1232 ,
1905 1191 2071 1235 transmon-

1191 1241 1330 1284 tanofque
1342 1245 1385 1276 ad
1394 1242 1487 1281 nostra
1490 1244 1609 1284 judicia
1625 1254 1680 1275 non
1697 1242 1857 1276 trahendos
1871 1242 1997 1284 fortiter
2019 1243 2073 1276 de·

1193 1293 1382 1325 trec‘lavimus
1395 1318 1405 1332 ,
1426 1305 1461 1326 ne
1481 1292 1598 1335 causam
1613 1290 1828 1335 susciperemus
1845 1293 2070 1334 judicandam.

1195 1344 1236 1376 Et
1250 1344 1314 1384 ipse
1327 1341 1581 1387 &Theophilus
1596 1344 1759 1385 protestati
1785 1344 1857 1377 sunt
1885 1342 2004 1376 similes
2024 1341 2078 1375 de-

250 1392 390 1434 Synodo
402 1392 562 1435 praesedit.
592 1393 695 1439 Qiod
707 1392 932 1436 PhotiiTyrii
956 1392 990 1425 &
1022 1392 1131 1425 Eusta—
1172 1371 1375 1440 {legationes
1399 1394 1554 1426 adversari
1576 1393 1718 1426 Nicaenis
1739 1392 1954 1427 Canonibus.
1991 1391 2077 1425 Inte-

249 1442 288 1475 tii
313 1442 496 1484 Berytensis
519 1443 674 1486 Epiicopi
695 1467 706 1483 ,
743 1444 784 1477 de
803 1442 1053 1486 Metropolitica
1078 1453 1132 1484 per

248 1492 386 1535 primam
418 1492 618 1526 Phaeniciam
654 1493 811 1536 potestate
841 1491 1132 1539 contendentium,

248 1553 308 1575 cau
314 1544 379 1576 sam
391 1542 570 1586 Imperator
582 1541 793 1578 Theodosius
802 1542 958 1585 delegarit
970 1540 1132 1581 Anatolio

249 1592 624 1635 Constantinopolitano
636 1592 787 1624 Antistiti
800 1613 811 1628 ‚
839 1591 872 1622 δε
894 1589 948 1622 hic
968 1601 1046 1623 cum
1066 1600 1134 1622 rno-

247 1640 322 1675 dica
333 1653 375 1674 ex
384 1641 517 1683 advenis
533 1640 701 1683 Episcopis
716 1637 854 1681 Synodo
866 1639 1038 1670 retraetari:
1054 1660 1065 1675 ,
1081 1636 1134 1669 de-

247 1689 406 1724 monstrat
427 1700 539 1732 quarta
564 1691 649 1722 aetio
681 1685 955 1721 Chalcedonensis
980 1710 988 1717 .
1027 1685 1133 1719 Nullo

248 1738 390 1772 Canone
413 1737 650 1778 fulciebantur,
676 1739 710 1771 δε
733 1737 750 1769 a
772 1737 866 1770 variis
889 1734 1113 1778 Metropolitis
1123 1760 1132 1774 ‚

247 1786 415 1831 praesertim
426 1785 622 1822 Patriarchis
636 1812 647 1827 ‚
672 1786 942 1830 improbabantur
952 1785 1132 1819 istiusmodi

247 1837 398 1881 synodi,
425 1837 615 1881 ideoqueab
626 1836 677 1872 his
699 1837 781 1871 moti
802 1835 1016 1881 gloriofiffirni
1043 1835 1133 1878 Judi-

248 1898 300 1922 ces
311 1888 514 1931 quaesierunt:
541 1892 586 1922 An
596 1889 736 1928 synodum
749 1887 904 1928 appellare
916 1895 1048 1928 oporteat
1058 1889 1134 1923 conf

247 1946 373 1971 ventum
385 1936 596 1980 Episcoporum
607 1962 617 1979 ,
627 1943 677 1980 qui
691 1943 723 1970 in
733 1941 827 1981 Regia
835 1942 962 1970 civitate
973 1934 1082 1979 divers
1078 1948 1131 1968 an-

246 1987 327 2020 tur?
354 1986 398 2020 Et
411 1987 482 2030 post
497 1989 583 2021 varia
609 1988 772 2021 variorum
794 1987 1030 2030 Episcoporum
1054 1986 1132 2019 Res·

244 2037 351 2081 ponsa
362 2035 541 2070 Anatolius
555 2037 648 2071 novit
660 2036 724 2071 hoc
744 2048 848 2070 unum
872 2036 1030 2071 adducere
1042 2049 1053 2070 .-
1079 2038 1132 2070 Te-

246 2090 313 2119 nuit
321 2083 492 2127 consuetudo
505 2110 512 2118 .
541 2086 585 2120 Et
597 2085 663 2121 haec
676 2086 758 2120 adeo
772 2086 944 2130 permansit
957 2110 968 2127 ‚
993 2096 1030 2119 ut
1043 2085 1085 2120 de
1097 2086 1130 2119 si·

246 2134 320 2169 mili
333 2158 345 2174 ,
369 2134 403 2168 in
416 2147 479 2179 qua
493 2138 666 2179 profanum
678 2137 866 2172 universalis
880 2136 1033 2181 Episcopi
1056 2136 1130 2170 titu-

246 2183 318 2219 lum
328 2183 386 2219 fibi
397 2187 603 2231 assumpserat
615 2188 755 2231 Ioannes
777 2187 942 2231 Jejunator
954 2212 965 2228 ‚
992 2186 1129 2229 synodo

246 2234 289 2268 ad
310 2234 484 2270 Eusebium
507 2235 831 2272 Thessalonicensem
854 2248 890 2271 ac
910 2236 993 2271 alios
1006 2236 1129 2279 lllyrici

246 2284 428 2329 Episcopos
440 2286 597 2330 scripserit
609 2299 749 2333 magnus
760 2287 940 2332 Gregorius
952 2301 962 2320 .·
991 2288 1130 2331 Pelagius

247 2335 375 2378 Deceffor
387 2335 477 2376 noster
488 2343 588 2370 omnia
600 2338 686 2379 Gesta
700 2337 781 2379 istim
794 2340 813 2370 5
810 2339 899 2377 „modi
910 2361 921 2378 ,
942 2345 1056 2379 praeter
1078 2338 1131 2370 illa

248 2387 431 2427 quaet‘llicde
442 2385 532 2430 causa
544 2390 678 2432 Gregorii
700 2387 842 2432 Episcopi
867 2386 1038 2421 Antiocheni
1058 2385 1132 2430 sunt
1188 2428 1191 2431 Ι

247 2434 374 2477 habita,
400 2438 507 2476 valida
518 2441 635 2472 omnim)
648 2437 828 2481 distridi'ioneg
845 2438 986 2482 caffavit.
1014 2436 1132 2477 Crimiq

248 2484 360 2525 nalem
371 2485 461 2521 istius
472 2487 624 2533 Gregorii
635 2489 762 2524 causam
775 2487 870 2530 latius
890 2487 1028 2532 exponit
1050 2487 1132 2521 Eva·

249 2534 339 2578 grius
350 2535 595 2580 Epiphanienfis
608 2563 615 2570 .
642 2540 770 2574 Datum
780 2537 820 2572 de
833 2537 929 2582 ipsaa
953 2537 1013 2572 tali
1038 2538 1133 2580 Joan-

250 2585 302 2618 nis
323 2585 684 2631 constantinopolitani
707 2588 845 2632 Synodo
869 2587 1033 2632 Judicium
1067 2598 1133 2621 ma-

251 2642 338 2676 gnus
347 2634 527 2683 Gregorius
536 2638 673 2673 affirmat
685 2639 704 2673 ὲ
716 2638 852 2683 Pelagio
872 2638 1016 2681 secundo
1039 2638 1132 2671 fuisse

250 2681 426 2724 probatum
434 2703 445 2716 ι
472 2686 583 2731 Qare
597 2687 681 2731 ipsos
694 2690 792 2723 etiam
803 2687 1006 2722 patriarchas
1017 2687 1133 2732 permi-

251 2730 289 2764 fit
310 2730 463 2776 Pelagius
484 2744 538 2775 per
555 2735 628 2770 istas
649 2738 803 2780 Synodos
818 2737 955 2782 judicari
980 2763 987 2771 .
1027 2738 1070 2772 Et
1092 2735 1136 2783 de>

250 2780 445 2815 damnatisa
466 2781 619 2818 Romana
645 2786 788 2822 Ecclesia
802 2812 813 2828 ,
839 2799 876 2821 ac
897 2788 937 2821 ad
959 2788 1133 2831 Imperato-

251 2841 321 2865 rem
335 2829 561 2867 Theodosium
582 2836 835 2878 provocanti-bus
855 2837 1043 2882 Pelagianis
1065 2838 1136 2871 scri-

251 2879 301 2914 bit
311 2879 352 2915 ad
366 2881 557 2917 Nestorium
571 2883 978 2931 Constantinopolitanum
1002 2886 1136 2930 Episco-

249 2941 329 2974 pum
354 2931 486 2968 Sanetus
509 2932 667 2968 Pontifex
690 2934 894 2970 Celestinus:
929 2938 1046 2969 Atticus
1064 2944 1134 2971 tuus

250 2982 406 3024 Anteceffor
417 2993 463 3015 eos
476 2988 521 3016 ita
528 2983 697 3027 persecutus
705 2984 742 3025 eli
752 2992 807 3027 pro
822 2988 900 3028 Rege
912 2991 1055 3026 communi
1065 3010 1076 3026 ,
1100 2997 1135 3021 ut

249 3035 291 3062 eis
301 3042 352 3064 nec
360 3031 458 3071 standi
468 3035 587 3074 quidem
611 3035 673 3067 illic
694 3042 779 3076 copta
804 3035 1001 3068 tribueretur.
1029 3036 1132 3082 Qod

249 3078 354 3121 ipsum
364 3081 455 3116 addit
465 3083 584 3118 fastum
597 3083 638 3118 ab
651 3084 754 3119 Attici
770 3084 944 3119 successore
967 3084 1108 3120 Sisinnio
1119 3111 1127 3119 .

247 3127 444 3172 Exponitin
464 3134 561 3168 tertio
586 3134 736 3168 adversus
757 3134 923 3180 Julianum
944 3134 1129 3179 Pelagiani÷

247 3177 423 3213 stamlibro
435 3181 567 3219 Sanctus
589 3185 816 3229 Augustinus:
842 3182 951 3224 Christi
978 3190 1126 3220 exercitus

246 3228 409 3262 debellavit
425 3232 579 3273 Celestlum
602 3236 686 3277 apud
716 3233 995 3276 Constantinopolim
1012 3259 1023 3275 ‚
1061 3245 1125 3275 tam

246 3279 529 3323 longeciregs'onibus
541 3284 690 3324 Africanis
703 3310 710 3317 .
737 3285 822 3318 Etin
844 3285 988 3318 carmine
1011 3284 1052 3319 de
1071 3285 1123 3326 In-

247 3329 347 3372 gratis
367 3330 500 3365 Sanctus
521 3331 676 3377 Prosper‚·
710 3337 800 3378 ‚Quid
824 3337 926 3377 loquar
946 3336 980 3369 &
999 3346 1099 3368 curam
1110 3360 1121 3379 ‚

247 3389 358 3422 mgna
365 3383 539 3425 quamgeffit
549 3387 583 3416 in
593 3383 667 3417 urbe
680 3384 931 3428 Constantinopoli
940 3384 1021 3419 dolio
1026 3385 1118 3419 bonus

1195 1446 1253 1476 rirn
1268 1443 1453 1485 Principum
1469 1444 1620 1477 violentia
1639 1443 1776 1476 firmavit
1791 1454 1914 1477 morem
1929 1456 1938 1475 :
1970 1443 2011 1475 Et
2033 1442 2079 1483 ip-

1195 1493 1263 1526 sum
1277 1493 1308 1524 in
1324 1494 1380 1526 suo
1398 1493 1526 1537 Legum
1539 1492 1735 1537 compendio
1753 1493 1858 1527 laudat
1875 1493 1942 1526 Leo
1965 1491 2081 1525 Philo·

1198 1542 1332 1582 sophuS.
1362 1542 1442 1574 Non
1455 1544 1577 1584 ipsum,
1607 1542 1659 1576 sed
1682 1543 1775 1584 ipsius
1797 1543 1967 1577 dumtaxat
2002 1539 2081 1573 fide-

1199 1591 1365 1624 lemrusum
1378 1590 1412 1623 in
1428 1590 1542 1624 Attico
1553 1593 1586 1624 ὅ(
1598 1590 1749 1632 Sysinnio
1762 1591 1937 1633 probarunt
1951 1590 2083 1623 Sanctus

1198 1640 1381 1671 Celestinus
1409 1638 1567 1671 Pontifex
1581 1664 1590 1677 ‚
1639 1640 1775 1680 Prosper
1799 1640 1831 1672 ὅ(
1858 1639 2064 1683 Augustinus
2075 1663 2082 1670 ·

1198 1687 1304 1730 Ipsum
1312 1686 1464 1720 Romana
1477 1687 1620 1722 Ecclefia
1632 1687 1865 1721 diffirnulanter
1875 1699 1912 1721 ac
1924 1687 2082 1731 dispensa-

1196 1735 1278 1770 torie
1289 1737 1456 1770 toleravit.
1486 1737 1529 1770 Et
1543 1738 1660 1780 exipso
1676 1748 1741 1770 non
1757 1737 1882 1780 probari
1897 1750 1952 1772 aut
1979 1738 2084 1772 firma-

1197 1788 1223 1820 ri
1245 1787 1457 1820 universalem
1481 1786 1847 1830 Constantinopolitani
1887 1785 2083 1825 Patriarchae

1197 1839 1229 1870 su
1236 1849 1289 1880 per
1301 1836 1381 1870 alios
1392 1835 1595 1870 Patriarchas
1610 1836 1799 1878 potestatem
1809 1860 1820 1876 ,
1839 1838 1920 1871 reste
1933 1837 2085 1877 affirmat,

1195 1887 1229 1920 &
1250 1898 1318 1920 non
1343 1881 1471 1929 penitus
1482 1887 1566 1920 male
1577 1887 1776 1920 demonstrat
1799 1886 1897 1921 Nilus
1921 1886 2084 1924 Cabafilas

1197 1936 1467 1986 Archiepiscopus
1477 1936 1778 1971 Thessalonicensis
1785 1959 1792 1968 .

1207 2073 1266 2083 ——s

1347 2172 1696 2233 CAPUT
1768 2174 1923 2220 XVI.

1193 2323 1410 2389 Exponitur
1433 2316 1643 2390 Apostolica
1668 2321 1830 2384 Legatio
1874 2315 2087 2370 Cardirmlz's

1523 2389 1731 2436 Humberti
1747 2427 1760 2439 .

1292 2535 1320 2569 E
1331 2533 1392 2570 hac
1403 2534 1585 2581 Legatione
1595 2535 1705 2571 scribit
1717 2534 1912 2570 Lambertus
1924 2531 2043 2568 Schafn
2049 2545 2077 2567 a·

1315 2585 1479 2631 burgensis
1499 2600 1510 2632 ς
1550 2587 1726 2619 Fredericus
1749 2610 1760 2626 ,
1792 2584 1895 2627 frater
1917 2583 2075 2624 Godefridi
2102 2601 2157 2634 An·
2170 2609 2222 2637 105
2233 2610 2257 2638 3,

1195 2635 1399 2681 Lotbaringiae
1420 2639 1510 2669 Dur-ts
1522 2659 1532 2673 ‚
1558 2639 1701 2669 Romanae
1725 2639 1755 2668 E
1759 2634 1857 2676 cclesiae
1891 2632 2076 2666 Archidiaco-
2266 2650 2271 2658 -

1194 2698 1251 2720 nus
1266 2709 1276 2725 ,
1306 2685 1585 2726 Constantinopolim
1599 2684 1754 2726 apostolica
1767 2683 1895 2725 func‘lus
1908 2687 2071 2725 Legatione

1194 2736 1282 2770 abiit.
1313 2735 1432 2767 Inditis
1443 2736 1551 2774 synodo
1562 2745 1624 2768 cum
1636 2738 1843 2776 Imperatorem
1864 2732 2070 2771 Constantino-

1191 2788 1357 2829 politanum
1366 2785 1399 2818 ὼ·
1413 2783 1624 2818 Patriarcham
1634 2785 1784 2830 evocasset
1797 2807 1807 2823 ,
1833 2784 1867 2817 (τ
1893 2783 1935 2815 illi
1950 2785 2070 2815 Prima-

1193 2845 1242 2870 tus
1263 2834 1311 2879 fisi
1325 2835 1511 2876 Majeslatem
1530 2835 1721 2868 vindicantes
1733 2859 1744 2875 ,
1771 2833 1846 2867 Amo
1871 2831 2069 2874 obtemperare

1193 2888 1423 2929 dedignarentur
1443 2910 1453 2926 ,
1480 2885 1598 2929 egressis
1620 2884 1690 2918 urbe
1715 2908 1726 2925 ,
1751 2882 1893 2927 sandalia
1912 2880 1970 2925 sua
1991 2894 2068 2917 more

1194 2935 1502 2980 Apostolorumpubllce
1508 2934 1598 2978 super
1606 2946 1650 2968 eos
1661 2935 1774 2974 excussit
1790 2959 1797 2964 .
1825 2932 1984 2976 ‚Quofac‘lo
1997 2942 2069 2965 tan·

1190 2996 1254 3020 tum
1267 2995 1406 3020 terrorem
1417 2985 1548 3018 omnibus
1556 2984 1886 3026 Constantinopolitam's·
1900 2984 2019 3023 t'ncuffit,
2032 2991 2066 3016 ue

1190 3042 1353 3078 Imperator
1364 3038 1396 3070 (5
1410 3035 1590 3068 patriarcha
1597 3046 1662 3068 cum
1673 3035 1758 3068 Clero
1774 3036 1806 3068 ἂν
1815 3034 1922 3076 populo
1928 3031 2067 3076 sequenti

1188 3088 1234 3120 die
1245 3111 1255 3127 ,
1264 3084 1347 3128 sacco
1359 3088 1393 3120 ἐν
1402 3092 1495 3119 cinere
1507 3085 1635 3119 obvoluti
1646 3109 1655 3125 ,
1669 3086 1713 3120 ad
1722 3096 1787 3127 eum
1795 3084 1987 3126 procederent
1995 3106 2004 3121 ‚
2032 3082 2067 3115 ό·

1188 3136 1373 3179 apostolicam
1381 3135 1585 3169 auaorttatem
1596 3141 1628 3168 ln
1638 3147 1670 3169 eo
1677 3140 1763 3177 prom·
1775 3140 1806 3167 in
1821 3143 1934 3175 terram
1959 3133 2065 3165 adora-

1186 3194 1266 3220 rent.
1298 3186 1339 3220 Et
1350 3185 1537 3230 sigebertus
1549 3185 1813 3227 Gemblacenlis:¹
1840 3186 1902 3223 Leo
1914 3186 2001 3223 Papa
2008 3190 2062 3223 per

1186 3230 1346 3278 Epistolam
1355 3235 1400 3279 ad
1409 3234 1842 3279 ImperatoremConstuntlnum
1845 3232 1992 3276 scriptam
2003 3234 2071 3262 ani-

1185 3298 1263 3319 mum
1273 3288 1336 3325 ejus
1341 3285 1397 3327 fibl
1406 3287 1560 3319 concilians
1572 3311 1581 3326 ‚
1611 3284 1808 3330 Apomsar-ios
1826 3282 1893 3325 [isos
1917 3279 2056 3315 flamber-
2090 3293 2147 3325 An·
2163 3302 2252 3330 1054·

1184 3346 1247 3370 tum
1259 3337 1396 3369 videlicet
1409 3359 1420 3375 ‚
1445 3337 1641 3369 cardinalem
1654 3334 1831 3381 E-'pryeopum
1841 3334 1932 3371 sylvae
1951 3330 2053 3361 candl-

1182 3388 1231 3421 dae
1239 3412 1251 3430 ‚
1273 3388 1395 3420 Petrum
1409 3385 1685 3429 Amalphitanorum
1698 3381 1948 3462 archieplfivpgv}
1955 3403 1964 3416 2
1979 3380 2007 3409 F
2009 3389 2054 3411 re·

1908 3438 1936 3461 εν
1949 3438 2013 3464 cum
