2352 3736
453 171 507 220 nn
548 171 743 219 Simonidi
778 184 985 228 cummis,
1022 186 1071 215 ET
1104 180 1244 214 vitans
1281 182 1343 212 AD
1363 181 1488 214 1PsuM
1518 182 1847 215 spscmunssus.

250 259 384 292 audituri
402 280 408 287 .
435 255 528 288 Paulo
548 252 610 296 post
631 264 699 286 auro
720 253 802 285 illum
827 253 930 284 donari
941 251 1101 283 mandavit
1113 275 1120 281 .

244 313 282 341 At
305 309 354 341 ille
367 304 497 349 respuit,
515 303 555 346 fic
570 304 659 347 fatus
672 317 683 336 .-
710 305 741 334 si
759 301 854 342 nostra
871 298 991 342 prorsus
1018 300 1118 332 dereli.

232 363 362 401 ,quimus
374 381 386 398 ,
416 356 554 399 quomodo
565 359 737 396 accipiemus
757 352 852 384 aliena
864 351 877 383 i

295 406 488 441 Gratuitum
503 405 569 438 fine
579 403 697 447 quovis
707 399 868 443 stipendio
881 410 919 432 ac
931 398 1042 442 populi
1054 409 1122 442 gra-

248 458 380 491 vamine
401 454 617 489 ministerium
638 448 815 494 Apostolus
838 449 920 482 reete
943 458 1041 482 vocat
1058 450 1123 481 Glo-

243 514 321 540 riam
348 506 452 551 suam.
483 505 622 538 Causam
639 499 696 533 dat
715 499 751 532 in
774 498 921 532 secundae
944 497 983 532 ad
1005 498 1123 532 Corin-

241 556 331 591 thios
356 555 507 599 Epistolae
534 547 778 586 commentariis
815 549 948 582 Sanetus
981 549 1123 592 joannes

243 605 497 649 chrysostomus
509 613 521 634 ὲ
543 597 638 634 Nihil
643 600 810 632 mundanos
822 600 948 640 perinde
967 599 1098 641 aedificat
1110 622 1121 637 ‚

241 665 272 690 ut
284 655 362 690 nibil
371 659 496 695 accipere
504 675 511 683 .
542 654 622 687 Hinc
630 655 723 683 etlam
734 648 823 690 dolosi
828 654 955 691 operarii
966 673 977 688 ‚
989 648 1039 688 isto
1045 646 1118 691 san·

242 702 449 745 Hiearisfuco,
473 698 556 743 quafi
563 698 650 734 hamo
669 700 810 741 aptifflmo
821 722 832 739 ‚
851 698 1010 741 fimplicem
1026 706 1118 740 popu-

71 642 157 670 Hom.
181 648 225 676 23.

243 759 304 791 lum
324 751 527 786 devorandum
540 774 551 791 ‚
577 761 612 783 ac
648 754 682 782 tn
692 747 871 791 servitutem
904 749 1118 792 redigendum,

241 808 377 847 capturi,
402 802 481 834 illud
496 801 564 833 olim
574 799 754 841 officiarum
765 823 777 839 ,
802 800 837 833 ὑ
848 803 1014 832 etiamnum
1033 798 1119 831 bodie

239 852 393 895 affidant-
420 850 464 884 Et
475 850 509 883 in
522 848 675 885 Homilia
690 849 855 893 sequenti:
886 847 1119 889 Novumestboc

236 901 403 944 imposturae
418 911 514 944 genus
527 925 535 933 .
562 904 650 933 Nam
669 910 736 933 cum
757 899 810 932 alii
823 923 833 938 ‚
860 903 911 941 qui
927 898 1117 941 imposturam

229 953 373 996 faciunt,
396 951 502 995 largiri
526 947 829 992 &affentarisoleant
841 971 854 988 ‚
878 948 924 989 isti
936 956 1037 982 contra
1052 948 1118 990 fal·

235 1004 302 1036 lunt
322 1003 356 1036 Co·
378 1007 525 1042 accipiunt
546 1025 553 1032 .
583 999 686 1034 Porro
707 1000 860 1033 virtutem
888 998 983 1033 istam
1009 1023 1020 1039 ,
1046 1010 1116 1033 non

237 1053 359 1095 ubique
379 1051 554 1096 gentium,
580 1049 634 1084 sed
658 1049 693 1082 in
716 1048 784 1084 sola
796 1048 924 1091 Achaia
947 1050 982 1083 ἀ
995 1048 1118 1082 minori

237 1103 316 1137 Afia
336 1100 518 1145 Apostolus
542 1100 706 1134 exercuit.
735 1099 870 1133 Etenim
893 1098 935 1132 ad
957 1097 1117 1133 Asiaticos

237 1152 420 1195 Episcopos
439 1150 524 1184 dixit
543 1149 675 1184 Mileti:
704 1152 866 1192 Argentum
890 1149 925 1182 Θ·
937 1159 1042 1182 aurum
1063 1159 1116 1183 aut

238 1202 345 1242 vestem
369 1201 480 1235 nullius
501 1203 676 1242 concupivi.
701 1196 762 1240 Ipsi
777 1195 862 1241 scitis
877 1222 887 1237 ,
913 1200 1054 1240 quoniam
1075 1199 1119 1231 ad

238 1265 295 1291 ea,
321 1262 389 1294 quae
415 1248 489 1283 mibi
510 1256 700 1290 optineant,
727 1247 820 1282 &bis
841 1253 892 1290 qui
903 1259 1014 1282 mecum
1019 1246 1094 1290 sunt
1108 1273 1118 1289 ,

239 1301 482 1341 ministraverunt
491 1310 598 1332 manus
610 1298 672 1339 istae
681 1317 699 1330 ‚f
714 1297 819 1345 Qtod
833 1298 936 1340 ipsum
958 1298 998 1332 de
1008 1295 1117 1332 Acha-

237 1353 268 1396 ja
281 1354 412 1386 testatur
424 1350 459 1383 in
479 1358 612 1392 utraque
623 1347 770 1391 Epistola
790 1348 831 1382 ad
846 1346 998 1382 Corinth.
1012 1345 1116 1396 Qod

239 1401 320 1436 alibi
334 1402 378 1434 ita
390 1410 458 1434 non
478 1399 610 1438 fecerit,
638 1398 725 1431 lueet
745 1408 786 1431 ex
799 1397 938 1431 secunda
952 1396 1115 1439 Epistola:

240 1452 325 1485 Alias
346 1448 487 1492 Ecclefias
510 1446 698 1490 exspoliavi,
722 1451 869 1488 accipiem-
886 1445 1063 1487 stipendium
1074 1447 1118 1479 ad

68 1166 134 1198 Ast.
158 1177 200 1197 ιο.

65 1401 139 1438 Cap.
158 1410 202 1430 11.

239 1499 427 1541 ministerium
449 1496 590 1538 vestrum.
619 1498 664 1529 Et
689 1506 755 1529 cum
774 1496 856 1539 effem
876 1497 962 1537 apud
982 1507 1059 1536 vos,
1083 1496 1117 1530 6

238 1561 371 1594 egerem,
398 1549 472 1582 nulli
481 1545 614 1591 onerosus
623 1545 678 1588 fui
688 1569 700 1586 ,
726 1557 797 1578 nam
808 1546 889 1588 quod
907 1544 981 1578 mihi
991 1547 1093 1579 deerat
1104 1570 1116 1586 ,

236 1599 451 1644 suppleverunt
453 1597 573 1639 fratres
585 1601 638 1638 qui
650 1603 796 1629 venerant
815 1597 834 1627 ἃ
847 1597 1020 1630 Macedonia
1035 1621 1042 1627 .
1072 1595 1116 1629 Et

235 1650 340 1685 infra:
368 1653 441 1682 Haec
455 1649 594 1692 gloriatio
604 1657 662 1679 non
671 1644 910 1689 exstinguetur-in
919 1651 1008 1679 mein
1025 1650 1115 1689 regio-

239 1699 325 1734 nibus
341 1697 477 1739 AchaJae.
493 1698 533 1730 Et
545 1697 648 1730 rursus
659 1696 694 1729 in
707 1694 826 1738 Capite
837 1694 1001 1738 sequenti:
1030 1696 1118 1739 ,Quid

239 1749 278 1791 est
290 1750 367 1792 quod
376 1754 477 1782 minus
488 1745 628 1787 habuistis
651 1745 690 1779 ab
701 1746 771 1778 aliis
787 1748 818 1778 Ε
820 1744 920 1786 eclesiis
930 1770 941 1786 ,
966 1743 1026 1786 nifi'
1038 1746 1119 1788 quod

240 1812 290 1844 ego
301 1798 364 1842 ipse
388 1810 445 1831 non
462 1801 598 1842 gravavi
614 1806 667 1829 vos
680 1795 695 1826 ?
723 1799 838 1828 Donate
857 1794 930 1828 mibi
952 1794 1029 1828 banc
1037 1797 1117 1836 inju-

240 1857 319 1883 riam
332 1874 339 1881 .
367 1847 515 1892 Exponit
536 1846 669 1881 Sanetus
680 1844 822 1887 Ioannes
842 1842 1116 1888 Chrysostomus.

241 1900 392 1942 siquidem
421 1899 542 1938 injuriae
565 1895 616 1930 boc
645 1894 790 1930 ducebant
821 1894 970 1930 Corinthii
992 1919 1004 1936 ,
1039 1896 1120 1938 quod

241 1947 387 1991 Apifiolus
405 1950 426 1981 ἆ
435 1946 470 1990 se
489 1948 525 1980 id
535 1952 691 1989 impetrari
710 1949 830 1982 minime*
847 1948 948 1991 passus
969 1947 1037 1991 esset
1048 1971 1059 1987 ‚
1083 1954 1117 1981 ut

238 2000 403 2042 quidquam
436 1996 476 2030 ab
500 1996 568 2039 ipfis
586 1995 716 2040 sumeret
741 2022 752 2037 ‚
778 2009 827 2031 nec
858 2005 978 2031 tantum
998 1997 1116 2039 fiduciae

170 2042 172 2046 ’
237 2047 421 2091 concepisset,
447 2056 480 2081 ut
499 2047 538 2080 ab
557 2046 606 2079 his
629 2049 672 2081 ali
689 2044 843 2090 sustineret
863 2073 870 2080 .
915 2048 1027 2082 Etiam
1053 2048 1118 2082 Lu·

237 2110 333 2140 cam,
359 2098 501 2137 Titum,
527 2096 770 2138 Timotheum,
796 2097 996 2139 flamarum,
1022 2096 1118 2132 alios-

239 2160 303 2191 que
324 2148 398 2183 suos
421 2145 623 2181 Corinthum
653 2147 765 2182 missos
787 2145 961 2189 discipulos
980 2146 1023 2182 ali
1046 2158 1116 2182 non

240 2198 407 2232 sustinuit.
436 2197 528 2231 Hinc
546 2196 635 2231 enirn
651 2197 754 2242 pergit
768 2197 812 2231 in*
826 2196 939 2232 eadem
949 2197 1116 2241 Epistola:

242 2248 300 2280 sed
319 2247 373 2287 esto
394 2272 405 2287 ,
429 2258 478 2291 ego
496 2259 554 2280 non
568 2253 707 2292 gravavi
727 2258 781 2280 vos
806 2271 819 2288 ,
837 2245 895 2289 sed
915 2258 979 2280 cum
1004 2246 1117 2287 astutus

242 2297 325 2340 essem
337 2320 348 2337 ,
373 2298 436 2329 dolo
445 2309 500 2331 vos
513 2303 593 2338 cepi.
619 2298 772 2338 Nunquid
790 2305 847 2338 per
857 2298 983 2339 aliquem
995 2307 1092 2330 eorum
1106 2321 1116 2337 ,

243 2357 316 2388 quos
332 2343 396 2387 mifi
401 2348 445 2378 ad
464 2357 516 2379 vos
529 2371 540 2386 ,
565 2351 740 2379 circumveni
759 2346 836 2379 vos?
865 2350 981 2390 Rogavi
993 2349 1117 2387 Titum,

242 2394 351 2437 &mist
355 2407 419 2429 cum
429 2395 477 2429 illo
502 2395 659 2437 fratrem,
688 2397 823 2437 nunquid
842 2397 926 2428 Titus
937 2408 991 2430 vos
1002 2402 1119 2431 circum-

70 2437 158 2469 ΗΘΜ·
181 2438 227 2466 ²⁸¹
239 2450 326 2481 venit
337 2446 354 2477 ,ἲ
379 2447 491 2479 Nonne
499 2446 596 2478 eodem
603 2444 715 2488 spiritu
723 2445 948 2479 ambulavimus
962 2447 975 2479 Ρ
1003 2447 1117 2479 Nonne

241 2494 347 2539 iisdem
356 2494 486 2539 vestigiis
499 2495 516 2526 ἓ
543 2494 693 2537 Exponit
703 2496 828 2529 rursum
843 2493 1118 2538 Chrysostomus:

240 2545 408 2588 obJ'ec‘Iioni
427 2549 548 2579 occurrit
557 2543 702 2587 Apostolus
715 2567 725 2584 ,
749 2555 868 2586 eamque
886 2544 998 2589 solvit.
1027 2546 1122 2590 ‚Quod

246 2603 291 2628 ait
305 2594 342 2636 est
352 2592 535 2639 hujusmodi:
562 2596 713 2637 Equidem
724 2593 785 2637 ipse
806 2602 862 2636 per
875 2601 1042 2628 avaritiam
1062 2607 1116 2630 vos

248 2647 366 2680 minime
386 2642 609 2688 circumscripfi.
639 2644 881 2687 Verumfortaffe
894 2643 1049 2688 quisquam
1067 2645 1118 2679 boc

251 2693 344 2725 dicere
363 2704 454 2736 queat
472 2719 483 2736 ‚
509 2695 591 2739 quod
609 2706 793 2737 quamquam
815 2692 876 2738 ipse
900 2695 979 2728 nibil
992 2694 1119 2738 sumpse-

251 2744 331 2780 rim,
356 2750 454 2777 tamen
474 2755 538 2778 cum
561 2744 651 2787 vafer
661 2756 697 2778 ae
717 2743 860 2788 subdolus
879 2745 960 2789 ψη)
972 2769 983 2786 ,
1008 2746 1046 2779 id
1062 2757 1120 2779 mo-

251 2790 325 2821 litus
343 2786 408 2830 sum
421 2815 432 2830 ²
456 2801 488 2825 ut
507 2799 529 2827 ii
539 2801 590 2837 qui
610 2797 630 2827 ἃ
649 2806 695 2829 me
711 2795 782 2835 miffi
800 2806 908 2836 erant,
929 2794 983 2839 suo
1005 2801 1120 2829 nomine

250 2838 368 2881 alfwld
375 2840 395 2871 ἃ
405 2839 487 2872 vflbt's
495 2843 667 2882 postularent
679 2870 691 2886 ‚
711 2842 803 2887 fitque
809 2853 868 2887 per
878 2857 925 2879 eos
930 2843 1118 2889 sumpserim,

251 2896 342 2930 “tque
352 2892 397 2920 ’Μ
407 2899 452 2923 me
461 2897 648 2930 compararem
660 2918 670 2934 ,
681 2904 715 2928 ut
725 2896 848 2929 aliorum
858 2907 949 2928 manu
959 2901 1120 2938 accipiens,

251 2942 370 2970 interim
391 2945 492 2971 tamen
510 2948 640 2981 accaptae
656 2950 788 2985 pecuniae
804 2951 968 2987 opinionem
991 2947 1012 2978 ἃ
1023 2957 1068 2979 me
1078 2956 1121 2979 re-

252 2992 394 3020 moverim
406 3012 413 3019 .
442 2986 604 3022 Adversus
620 2989 703 3025 hanc
713 2995 948 3029 calumniosam
969 2995 1121 3038 suspicio-

254 3047 329 3070 nem
348 3035 430 3071 dicit
454 3047 462 3067 ι
489 3039 600 3070 Nonne
620 3041 716 3072 eodem
735 3042 844 3085 spiritu
865 3044 1087 3081 ambulavimus
1103 3044 1120 3078 ,2

254 3087 365 3120 Nonne
373 3085 476 3130 lisdem
493 3085 622 3130 vestigiis
636 3088 653 3120 ,ἶ
682 3089 748 3123 Uti
769 3092 834 3135 ipse
846 3106 888 3128 ne
909 3094 1119 3129 necessarium

254 3133 388 3178 quidem
412 3136 604 3171 alimentum
627 3138 748 3172 sumere
760 3141 866 3175 voluit
884 3143 1100 3178 aCorinthiis
1112 3169 1122 3184 ,

254 3185 303 3218 ita
323 3195 384 3218 nec
405 3185 473 3220 fieri
493 3186 527 3221 id
550 3186 653 3230 paffus
681 3187 727 3221 est
745 3188 764 3222 a
785 3188 964 3233 discipulis.
991 3191 1122 3228 Vide&

255 3235 406 3276 quintam
429 3233 589 3270 decimam
610 3236 729 3270 laudati
750 3237 975 3281 Chrysostomi
1001 3243 1122 3277 Homi-

254 3284 332 3318 liam
353 3285 445 3327 super
467 3283 647 3327 Epistolam
668 3285 709 3320 ad
733 3286 968 3332 Philippenses.
998 3290 1122 3326 Verum

255 3345 325 3378 quae
337 3332 431 3376 hujus
442 3332 472 3368 A
477 3333 638 3377 postolicae
648 3337 850 3372 abstinentiae
859 3340 973 3374 causa?
998 3339 1054 3374 Est
1065 3341 1123 3376 du·

256 3384 331 3427 plex
343 3408 350 3416 .
369 3384 515 3418 Primam
526 3382 624 3419 habes
645 3386 680 3421 in
706 3387 836 3422 laudata
848 3388 986 3423 secunda
996 3390 1123 3433 Episto-

85 3433 172 3462 Hom.
198 3442 240 3463 ιι.
255 3433 308 3469 la.-
332 3438 467 3473 omnia,
491 3433 660 3476 cbariffimi,
680 3444 804 3479 propter
827 3439 1051 3483 aedificationem
1072 3452 1121 3476 ve-

350 3484 534 3527 ChrifiLupi
545 3489 630 3527 Oper.
643 3489 775 3521 TomJV.

42 1873 55 1881 s
64 1857 156 1888 Hom}
178 1864 221 1891 27·

82 3317 155 3353 Cap.
177 3324 220 3348 ιι.

1919 184 1981 222 91

1181 248 1274 285 stram
1314 274 1320 280 .
1367 248 1515 292 Exponit
1546 248 1664 283 iterum
1702 252 1842 293 Joannes
1861 247 2058 294 chrysosto-

1187 309 1258 331 mus
1281 311 1288 330 ε
1317 300 1464 332 Demulcet
1494 298 1661 332 Corinthios
1686 300 1833 340 Apostolus
1855 326 1862 332 .
1891 302 2060 335 Amurulen-

1185 349 1215 380 τὲ
1233 348 1266 380 &¹
1276 349 1407 381 aculeati
1417 360 1475 381 non
1490 350 1572 382 dixit
1584 373 1594 390 ‚
1618 349 1652 382 ob
1665 348 1896 383 imbecillitatem
1908 351 2037 391 vestram
2047 375 2061 393 2

1180 396 1239 438 sed
1249 407 1282 430 ut
1293 398 1481 439 aedificemini
1491 423 1498 430 .
1519 396 1643 432 Phrasis
1655 398 1700 433 est
1713 398 1848 433 mollior
1856 424 1867 439 ,
1875 411 1923 434 res
1933 400 2060 436 eadem.

1185 445 1273 480 Nam
1295 447 1351 480 ubi
1364 448 1521 490 spirituali
1545 447 1760 482 aedificatione
1778 459 1861 492 opus
1879 449 1925 482 est
1951 474 1960 489 ‚
1987 462 2060 486 non

1184 495 1286 539 potest
1298 507 1366 531 non
1389 498 1451 531 effe
1464 497 1588 540 aliquid
1601 498 1817 533 infirmitatis.
1845 498 1994 533 Eandem
2015 511 2062 534 ra-

1184 547 1311 584 tionem
1324 546 1457 580 adducit
1468 547 1503 579 in
1517 547 1619 588 prima
1634 547 1857 590 Epistola,ubi
1872 546 1958 583 hanc
1969 549 2060 584 suam

1182 594 1223 630 de
1236 596 1385 630 scandalo
1395 595 1542 640 regulam
1553 596 1588 630 &
1598 598 1784 639 exemplum
1796 611 1803 630 ε
1824 600 1855 630 si
1864 597 2062 642 escascanda-

1180 646 1255 679 lizat
1259 645 1395 687 fratrem
1406 656 1502 679 meum
1515 669 1527 686 ‚
1551 657 1609 678 non
1618 648 1798 680 manducabo
1806 659 1924 681 carnem
1934 654 1966 682 in
1977 658 2060 684 aeter·

1181 706 1273 737 num,
1298 707 1333 730 ne
1350 695 1486 738 fratrem
1507 705 1603 728 meum
1619 693 1839 738 scandalizem.
1865 697 1986 738 Hanc,
2011 699 2061 733 in-

1181 756 1279 789 quam
1291 769 1302 785 ,
1323 745 1470 790 regulam
1483 745 1700 788 suoexemplo
1710 745 1922 789 probaturus,
1946 747 2061 782 multis

1179 795 1322 829 ostendit
1344 794 1536 839 Evangelici
1563 795 1724 829 Praeconis
1745 806 1788 829 ex
1801 795 1983 839 Evangelio
2004 799 2060 832 ali.

1179 845 1420 879 mentationem
1430 845 1492 879 effe
1502 845 1582 889 juris
1593 845 1749 879 naturalis
1762 869 1773 884 ‚
1785 845 1978 889 Evangelici
1991 870 2002 885 ‚
2014 858 2060 881 at-

1181 906 1245 938 que
1258 894 1442 938 Apostolici
1455 920 1465 937 ‚
1486 893 1642 939 additque
1652 896 1684 929 se
1693 894 1882 940 rigidiffime
1895 894 1981 939 apud
1994 894 2061 930 Co-

1179 944 1321 980 rinthios
1328 944 1369 980 ab
1385 946 1454 988 ipso
1468 945 1664 980 abstinuisse.
1677 944 1810 989 Utique
1823 956 1864 980 ue
1875 945 1960 989 ipsos
1972 946 2062 980 scan-

1178 994 1348 1033 dalizaret.
1382 994 1577 1030 Christianae
1588 994 1754 1030 charitatis
1764 996 1827 1030 effe
1839 996 1998 1036 affirmat,
2024 1004 2066 1028 ut-

1178 1046 1279 1080 etiam
1300 1045 1342 1080 ab
1363 1045 1439 1080 utili
1460 1043 1558 1080 nobis
1587 1046 1718 1081 afflone
1737 1045 1783 1080 ob
1810 1045 1917 1081 fratris
1935 1045 2062 1079 infirmi

1180 1095 1366 1131 scandalum
1377 1095 1592 1130 abstineamus
1604 1120 1611 1127 .
1642 1095 1812 1130 Corinthii
1835 1105 1929 1136 erant
1939 1106 2062 1130 metm*

1180 1155 1265 1180 tores
1274 1169 1286 1186 ‚
1311 1144 1412 1181 dediti
1425 1146 1517 1180 lucro
1529 1169 1540 1185 ,
1565 1156 1696 1182 tenaces
1708 1146 1770 1181 suae
1780 1146 1827 1180 rei
1840 1169 1852 1186 ,
1872 1145 2036 1189 suspiciosi
2048 1168 2062 1186 ‚

1180 1196 1308 1230 dicaces
1319 1220 1331 1237 ,
1359 1193 1500 1241 ideoque
1511 1196 1552 1231 ab
1565 1195 1756 1240 Apostolis,
1783 1194 1974 1229 bominibus
1991 1195 2063 1228 He·

1180 1244 1290 1286 braeis,
1316 1245 1521 1280 susurrabant
1540 1245 1598 1280 fibi
1623 1246 1792 1290 importari
1813 1244 2060 1290 Evangelium,

1181 1306 1216 1329 ut
1236 1305 1460 1338 exportaretur
1490 1307 1607 1330 aurum
1626 1309 1634 1328 :
1678 1294 1924 1339 suspicabantur
1954 1294 2062 1328 Evan-

1179 1345 1303 1388 gelium
1325 1346 1387 1380 effe
1409 1345 1574 1389 Iudaicam
1598 1345 1860 1390 negotiationem
1878 1369 1887 1378 .
1915 1343 1962 1378 At
1982 1344 2060 1378 vero

1180 1394 1380 1430 Macedones
1390 1396 1473 1429 olim
1485 1395 1574 1429 fuere
1585 1395 1645 1429 viri
1655 1394 1831 1439 hospitales
1840 1420 1852 1436 ,
1873 1393 2010 1429 benefici
2021 1394 2061 1428 in

1179 1454 1351 1479 extraneos
1358 1468 1369 1484 ‚
1380 1442 1590 1477 adfectatores
1600 1444 1713 1477 aliena-3
1723 1445 1841 1478 mensa
1862 1445 1914 1483 ,&
1924 1443 2059 1487 propriae

1180 1494 1320 1537 prompti
1347 1492 1535 1536 largitores.
1563 1492 1658 1526 Hinc
1679 1503 1759 1537 ergo
1769 1493 1810 1527 ab
1822 1490 1875 1526 his
1900 1492 2062 1536 accipien-

1178 1542 1257 1576 dum
1266 1566 1277 1582 ,
1302 1541 1345 1576 ab
1357 1541 1425 1576 istis
1435 1553 1641 1586 nequaquam
1652 1541 1696 1577 du
1702 1543 1750 1576 xit
1761 1541 1958 1587 Apostolus.

1228 1591 1378 1627 Alteram
1391 1591 1588 1636 Apostolicae
1608 1590 1808 1627 abstinentia
1831 1593 1994 1628 rationem
2004 1590 2062 1628 ha-

1179 1640 1234 1676 bes
1246 1642 1282 1676 in
1297 1641 1439 1677 secunda
1451 1641 1492 1677 ad
1506 1641 1702 1677 Corinthios
1713 1642 1881 1687 Epistola:
1907 1647 1947 1678 Ut
1957 1651 2063 1687 ampu-
2077 1659 2151 1699 Cap,
2170 1666 2216 1690 η,

1176 1699 1236 1725 tem
1245 1690 1412 1733 occafionem
1432 1703 1551 1733 eorum,
1577 1694 1742 1735 quivolunt
1763 1691 1956 1735 occafionem,
1982 1699 2063 1728 utin

1176 1753 1231 1784 quo
1246 1743 1435 1786 gloriantur,
1460 1747 1655 1777 inveniantur
1670 1742 1744 1785 ficut
1766 1745 1802 1778 ὀ·
1821 1755 1894 1777 nos.
1923 1742 2065 1778 Infirmi·

1178 1802 1226 1826 tas
1245 1817 1256 1832 ,
1282 1793 1320 1826 in
1342 1803 1405 1836 qua
1428 1792 1582 1836 Apostoli
1603 1793 1760 1828 virtutem
1781 1793 1934 1838 proficere
1964 1804 2064 1838 atque

1178 1841 1287 1886 perfici
1309 1842 1478 1877 Dominus
1504 1843 1612 1877 voluit
1634 1867 1647 1884 ,
1671 1843 1805 1878 fuerunt
1833 1845 2066 1883 contumeliae,

1177 1892 1278 1927 fames
1291 1917 1302 1933 ‚
1312 1893 1381 1928 sitis
1393 1917 1403 1934 ‚
1424 1904 1566 1928 carceres
1577 1918 1588 1934 ‚
1606 1893 1738 1937 publica
1748 1892 1886 1929 infamia
1899 1916 1911 1933 ‚
1937 1893 2038 1940 flagra
2052 1919 2065 1936 ‚

1177 1942 1330 1988 stigmata
1349 1967 1360 1984 ,
1386 1955 1423 1978 ac
1454 1945 1622 1987 praesertim
1649 1943 1948 1989 Pseudo-Apostoli
1971 1969 1982 1985 ,
2009 1946 2065 1980 seu

1177 1993 1244 2027 falli
1259 1995 1396 2038 fratres,
1423 1992 1506 2029 adeo
1523 1994 1647 2029 adversi
1667 1994 1852 2041 &maligni
1864 2019 1875 2035 ,
1900 2005 1938 2030 ut
1958 1994 2000 2030 ad
2018 1995 2068 2030 in-

1178 2043 1407 2079 flammandam
1434 2069 1446 2085 ,
1471 2055 1541 2089 quae
1561 2044 1629 2088 ejus
1653 2045 1785 2081 vincula
1809 2046 1842 2080 &
1867 2045 2068 2089 captivitatis

1176 2094 1380 2130 calamitates
1391 2094 1579 2140 adgravaret
1590 2120 1601 2137 ,
1610 2095 1757 2131 Neronis
1766 2094 1907 2139 Augusti
1918 2093 2043 2129 rabiem
2054 2119 2068 2135 ,

1172 2153 1230 2188 per
1253 2151 1466 2179 contentionem
1485 2147 1520 2179 et
1540 2147 1713 2186 invidiam,
1739 2144 1775 2178 id
1797 2144 1843 2178 est
1873 2169 1884 2185 ,
1910 2144 2069 2180 insolenti

1176 2193 1310 2229 audacia
1322 2217 1333 2234 ,
1363 2192 1532 2228 Christum
1545 2194 1749 2238 praedicarent
1764 2219 1771 2226 .
1799 2195 1934 2229 Horum
1959 2194 2068 2238 aliqui

1177 2245 1276 2279 etiam
1286 2243 1489 2279 Corinthum
1502 2244 1671 2278 access'ere.
1697 2244 1741 2279 Et
1751 2243 1898 2288 licetipfi
1917 2244 2067 2280 novellos

1178 2294 1248 2328 illic
1285 2293 1415 2328 Fideles
1440 2294 1633 2328 devorarent
1654 2294 1690 2328 in
1725 2293 1920 2329 abscondito
1948 2318 1960 2335 ‚
1986 2295 2068 2329 redi-

1177 2352 1292 2390 gerent
1309 2344 1344 2377 in
1367 2344 1576 2384 servitutem,
1602 2344 1685 2387 quin
1708 2345 1743 2379 δε
1767 2345 1805 2378 in
1828 2345 1946 2379 faciem
1967 2345 2068 2380 caede-

1178 2404 1273 2435 rent‚
1300 2393 1353 2428 seu
1373 2394 1419 2427 ob
1443 2404 1509 2427 non
1523 2403 1672 2437 acceptas
1691 2394 1732 2428 ad
1743 2394 1897 2438 placitum
1911 2395 2068 2438 pecunias

1180 2442 1422 2479 contumeliose
1441 2444 1655 2485 invaderent,
1680 2444 1793 2478 dolose
1815 2444 2006 2480 simularunt
2033 2446 2068 2479 se

1183 2492 1421 2538 nihilaccipere
1434 2517 1445 2534 ,
1471 2493 1736 2537 blateraruntque
1757 2494 1900 2528 Paulum
1921 2505 1992 2529 non
2003 2495 2068 2529 effe

1181 2543 1370 2588 legitimum
1391 2543 1591 2588 Apostolum
1615 2568 1626 2584 ,
1653 2544 1708 2578 sed
1731 2542 1904 2578 hominem
1926 2555 2068 2589 gyrova-

1180 2605 1261 2639 gum
1272 2617 1284 2634 ,
1311 2594 1365 2627 cui
1377 2606 1446 2629 non
1460 2595 1545 2628 foret
1555 2594 1638 2628 alius
1648 2594 1764 2639 scopus
1774 2619 1786 2635 ,
1812 2604 1912 2637 quam
1923 2605 1966 2629 ex
1977 2595 2070 2638 Apo-

1181 2643 1316 2679 stolatus
1327 2645 1405 2679 fuco
1416 2645 1520 2679 facere
1532 2644 1687 2688 quaestum
1702 2669 1709 2677 .
1736 2645 1787 2679 Ita
1797 2643 1979 2679 multorum
1997 2645 2067 2678 ani-

1182 2693 1282 2728 mosa
1297 2693 1405 2728 Paulo
1425 2695 1458 2728 δε
1469 2694 1538 2737 ejus
1552 2694 1735 2740 Evangelio
1747 2694 1970 2729 diverterunt.
1997 2693 2066 2727 His

1182 2743 1379 2788 nugivendis
1399 2743 1615 2779 histrionibus
1644 2755 1780 2779 omnem
1809 2742 1972 2789 gloriandi
1994 2767 2006 2784 ,
2030 2743 2065 2776 δε

1184 2794 1247 2828 sese
1259 2794 1351 2837 supra
1365 2803 1454 2828 veros
1480 2793 1661 2838 Apostolos
1669 2794 1837 2830 exaltandi
1859 2792 2066 2829 occationem

1181 2843 1347 2878 abscissam
1364 2844 1480 2878 volens
1493 2844 1613 2878 Paulus
1642 2845 1719 2879 fecit
1731 2845 1764 2878 in
1789 2845 1925 2879 veritate
1938 2868 1950 2883 ,
1973 2839 2065 2884 quod

1183 2894 1240 2938 ipfi
1278 2892 1453 2928 mendacio
1495 2894 1688 2929 simulabant
1714 2921 1722 2929 .
1761 2895 1845 2942 Qae
1866 2893 1982 2937 regulae
2022 2891 2066 2926 ab

1183 2943 1353 2978 hodiernis
1365 2944 1465 2979 etiam
1486 2943 1528 2979 ad
1541 2945 1719 2980 Haereticos
1739 2956 1795 2978 aut
1809 2942 1960 2979 Gentiles
1973 2939 2065 2986 Apo-

1181 2994 1274 3028 stolis
1284 2995 1338 3027 seu
1351 2994 1565 3028 Miffionariis
1577 2994 1728 3029 notandae
1740 2995 1822 3032 sunt,
1835 3001 1931 3034 atque
1940 2992 2064 3026 servan·

1182 3044 1232 3078 dae
1242 3069 1250 3076 .
1260 3043 1425 3078 Horreant
1436 3044 1506 3078 fieri
1518 3042 1638 3078 similes
1651 3043 1769 3087 Joanni
1783 3038 2062 3087 Buggenhaghio,

1184 3093 1324 3128 Martini
1336 3093 1475 3127 Lutheri
1486 3092 1577 3127 socio
1593 3116 1605 3132 ,
1632 3092 1688 3134 qui
1700 3091 1717 3124 a
1730 3091 1836 3125 Danis
1848 3115 1858 3131 ‚
1868 3102 1950 3134 quos
1965 3090 2065 3125 Pseu-

1183 3141 1421 3184 do-Apostolus
1442 3140 1629 3182 seduxerat,
1657 3141 1698 3175 ad
1726 3141 1798 3174 suos
1818 3141 1944 3175 rediens
1965 3139 2065 3174 fertur

1184 3192 1359 3228 abeuntem
1377 3201 1494 3225 terram
1516 3190 1664 3234 spectasse
1684 3189 1702 3223 e
1717 3189 1812 3231 navi,
1838 3202 1876 3225 ac
1898 3190 2065 3225 salutasset

1187 3244 1260 3277 Vale
1271 3245 1372 3275 Dania
1383 3265 1393 3281 ,
1414 3239 1526 3274 babeas
1537 3248 1570 3273 tu
1581 3250 1674 3273 meum
1686 3241 1888 3283 Evangelium
1902 3265 1913 3282 ‚
1923 3252 1973 3285 ego
1983 3249 2067 3274 tuum

1187 3304 1310 3326 aarum.
1335 3290 1461 3337 Qales
1481 3289 1715 3325 nundinatores
1730 3289 1848 3325 merito
1868 3291 2066 3335 persequitur

1188 3343 1338 3376 Romana
1361 3339 1504 3375 Ecclefia
1522 3365 1534 3381 ,
1568 3340 1635 3374 suis
1660 3340 1702 3374 ad
1736 3341 1851 3384 inopes
1886 3351 1942 3376 aut
1968 3339 2063 3373 duras

1187 3400 1297 3437 gentes
1323 3389 1489 3434 Apostolis
1509 3391 1663 3424 consueta
1680 3390 1835 3425 viaticum
1853 3390 1888 3424 &
1911 3386 2067 3433 sportulas

1189 3440 1366 3487 impartiri.
1395 3439 1447 3475 Ex
1475 3439 1591 3476 eodem
1611 3441 1706 3524 ἐξέπιε
1725 3439 1938 3477 Innocentius
1957 3436 2068 3492 tertius

1713 3499 1736 3525 2
1981 3497 2018 3520 m
