2352 3736
639 152 1048 198 Reme-nse

1118 154 1676 198 CONCILIUM.

1941 168 2033 211 193

256 240 326 279 piat
349 237 497 268 mulierem
518 236 683 278 legitimam
696 259 703 266 .
721 237 740 267 5
743 235 863 268 imiliter
873 236 907 269 ὦ·
916 235 1017 268 mulier
1020 233 1137 275 faciat.
1202 234 1255 268 fis:
1288 237 1444 278 Legitimis
1456 232 1595 268 uxoribus
1605 230 1724 274 exclusis
1736 254 1747 272 ‚
1771 232 1856 267 ntuli}
1866 233 2079 267 contrahebant

259 288 416 328 Gregorius
426 284 560 328 consenfit
572 310 579 317 .
610 285 652 318 Et
666 285 787 318 rursum
799 299 810 318 .-
837 287 867 317 si
879 290 928 318 vir
938 282 1067 327 leprosus
1079 295 1138 316 mu-

256 336 359 369 lier-em
368 333 478 369 habeat
497 334 606 378 sanam
619 359 629 374 ,
648 333 678 375 fi
684 336 750 368 vult
761 339 786 367 ei
798 336 907 374 domare
927 342 1115 367 commeatum
1129 358 1140 374 ,

254 392 293 418 ut
313 389 437 427 accipiat
457 390 558 419 virum
573 409 583 424 ‚
608 383 672 427 ipſs
685 383 835 426 faemina,
854 381 887 424 st
904 384 972 416 vult
993 388 1137 425 accipiat.

258 434 450 469 Similiter&
463 441 514 469 vir
528 460 536 468 .
564 434 674 468 Etiam
686 433 755 466 istic
767 435 839 467 sunt
863 431 968 475 plures
980 433 1139 467 istiusmo-

258 483 295 518 di
308 485 478 519 Canones.
506 484 609 519 Porro
623 483 801 526 Gregorius
814 481 868 515 ille
882 483 944 517 fuit
965 483 1140 518 Romanus

258 534 463 578 Episcopus,
488 534 522 570 id
536 533 602 573 est,
629 532 787 565 Romanae
810 531 958 567 Ecclefiae
981 533 1139 567 Cardina-

258 584 324 625 lis,
361 583 456 619 Pauli
478 583 573 628 primi
594 580 768 615 Pontificis
789 582 829 615 ad
851 583 1024 626 Synodum
1045 582 1138 617 istam

258 634 423 682 Legatus.
449 634 502 666 Ex
512 642 578 674 quo
591 630 692 664 videri
702 631 797 673 poffit
819 631 973 666 Romana
999 631 1139 666 Ecclesia

257 698 340 723 tunc
351 684 441 719 fuisse
450 679 590 724 ejusdem
603 681 722 718 mentis
731 706 739 714 .
769 681 918 716 Primum
931 681 1027 715 istum
1039 683 1139 715 Com-

257 732 436 783 pendienfis
447 731 578 774 Synodi
591 730 765 764 Canonem
789 732 847 765 suo
868 731 1037 775 capitulari
1058 732 1141 766 inse-

256 788 324 822 ruit
333 783 430 819 etiam
455 780 544 814 Isaac
565 780 764 814 doctissimus
781 780 1042 826 Lingonenfium
1065 781 1140 825 Epi-

255 838 392 878 scopus,
428 839 525 874 atque
546 831 592 864 ita
620 830 708 868 lucet
728 829 826 864 etiam
849 841 930 865 tunc
955 831 1013 865 sub
1025 831 1136 865 Caroli

256 883 350 918 Calvi
363 883 484 926 Regno
499 890 620 913 morem
631 878 728 913 istum
739 891 805 914 non
819 881 912 915 fuiffe
925 881 1117 915 damnatum
1131 908 1137 914 .

254 934 337 968 Non
349 931 455 966 solum
466 930 510 964 ob
521 929 797 970 fornicationem,
824 930 876 964 sed
897 931 996 965 etiam
1025 931 1071 966 ob
1093 932 1139 965 su-

252 982 495 1027 pervenientem
519 980 723 1021 servitutem‚
754 981 955 1021 amentiam,
982 982 1139 1016 aut-fimi·

253 1033 319 1067 lem
344 1032 588 1070 infirmitatem,
618 1027 686 1063 ime>
707 1030 740 1063 ὅ(
763 1028 807 1063 ob
824 1041 1041 1074 paupertatem
1064 1038 1138 1066 con-

251 1083 354 1117 {nesse
375 1092 454 1116 tunc
478 1091 597 1114 uxores
630 1079 789 1118 dimitti,
824 1079 966 1124 aliasque
998 1082 1074 1115 duci
1103 1083 1136 1115 in

253 1133 413 1173 Francia,
440 1131 573 1166 testatur
598 1128 631 1161 in
662 1129 750 1162 libris
775 1129 816 1162 de
843 1129 923 1164 laica
963 1132 1140 1167 institutio«

253 1194 296 1217 ue
317 1182 463 1217 eruditus
487 1181 550 1215 isto
578 1188 723 1221 tempore
750 1178 932 1222 Episcopus
959 1182 1057 1225 Jonas
1070 1181 1140 1215 Au-

251 1233 455 1267 relianensis.
484 1229 572 1265 Istud
600 1229 705 1271 ipsum
733 1229 773 1262 de
799 1228 927 1274 Anglia
952 1232 1136 1265 affirmatio

77 1297 92 1325 ς
104 1317 110 1324 ,
121 1304 233 1325 καὶ,
252 1283 369 1317 litteris
378 1282 419 1316 ad
433 1279 645 1315 Edelfredum
658 1278 928 1314 cantuariensem
954 1280 1139 1325 Archiepis-

83 1343 131 1370 ¹3-
249 1344 372 1376 copum
395 1332 534 1375 Joannes
553 1329 719 1362 Pontifex
743 1331 898 1363 octavus.
936 1329 1067 1374 Nempe
1097 1331 1138 1365 de

252 1378 624 1426 conjugiis&divortiis
638 1378 851 1422 quaestionem
874 1380 936 1413 esse
959 1380 1134 1414 obscurissi-

254 1443 344 1467 mam
358 1455 368 1471 ,
393 1432 428 1465 ἀ
453 1429 549 1474 plene
568 1430 585 1463 a
609 1430 640 1462 se
660 1439 729 1462 non
743 1430 830 1470 poffe
842 1429 1016 1472 explicari,
1044 1431 1136 1474 supra

252 1480 462 1527 profeffusest
485 1480 617 1513 Sanctus
642 1477 864 1522 Augustinus.
889 1478 1015 1513 Eadem
1039 1481 1132 1524 igno-

255 1530 561 1566 rantialaborarunt
575 1528 705 1571 plurimi
719 1538 773 1570 per
802 1528 880 1561 alias
903 1529 1002 1562 etiam
1023 1539 1136 1573 gentes

252 1580 431 1625 Episcopi,
457 1578 608 1622 atqueita
620 1577 660 1611 de
674 1577 735 1610 hac
747 1589 780 1611 re
794 1577 882 1612 varie
896 1579 1063 1612 senserunt
1078 1603 1085 1611 .

302 1630 433 1664 Abusus
442 1629 563 1662 rursum
577 1627 717 1661 invaluit
728 1626 799 1670 post
813 1637 932 1671 patrata
946 1628 978 1661 in
1001 1629 1136 1663 Formo-

251 1682 324 1715 sum
339 1679 536 1713 Pontificem
549 1676 716 1712 scandala.
740 1677 842 1711 Tunc
853 1677 942 1711 enim
956 1678 1067 1713 statuit
1079 1680 1135 1722 Sy-

252 1730 359 1766 nodus
373 1728 615 1764 Triburienfis:
642 1729 673 1759 si
683 1733 748 1769 quis
759 1739 827 1760 cum
851 1738 978 1761 noverca
995 1726 1053 1770 sua
1075 1730 1155 1766 dor-l

252 1785 376 1820 mierit,
403 1788 505 1812 neuter
525 1778 569 1810 ad
587 1779 750 1820 conjugium
767 1777 861 1818 potest
878 1782 1061 1819 pervenire,
1082 1775 1140 1821 fid

253 1835 307 1863 vir
317 1836 380 1863 eiue
392 1853 403 1868 ,
423 1827 454 1870 fi
459 1829 528 1861 vult
540 1852 550 1867 ,
572 1826 666 1868 potest
676 1830 769 1859 aliam
782 1835 913 1869 accipere
926 1852 936 1867 ,
955 1825 986 1868 fi
990 1834 1138 1861 continere

253 1891 313 1913 non
333 1877 438 1920 potest.
464 1879 608 1910 similiter
620 1875 652 1917 fi
667 1882 735 1918 quis
758 1888 822 1909 eum
839 1875 967 1918 filiastra
981 1875 1062 1919 sua,
1087 1879 1140 1911 vel

250 1927 527 1970 tamsororeuxoris
545 1925 610 1969 ficae
631 1926 804 1967 dormierit,
829 1924 1047 1967 observandum
1071 1927 1110 1966 est
1130 1952 1137 1958 .

251 1977 309 2013 Ab
329 1978 420 2011 omni
445 1977 686 2020 supervenienti
708 1977 947 2019 impedimento
968 1976 1135 2010 dirimenti

251 2027 504 2062 matrimonium
519 2026 599 2060 solvi
615 2024 740 2059 videtur
753 2025 911 2060 censuisse
928 2049 935 2056 .
962 2026 1056 2060 Licet
1067 2037 1135 2060 non

251 2078 286 2111 in
299 2075 465 2111 hodiernis
487 2075 614 2119 Synodi
635 2076 731 2116 actis,
757 2075 859 2110 exstat
881 2085 990 2109 tamen
1015 2076 1134 2110 Canon

250 2128 337 2170 apud
353 2127 567 2160 Gratianum.
598 2124 808 2169 Conjugibus
819 2126 863 2161 ob
886 2134 996 2159 enatas
1018 2125 1136 2159 discor-

250 2176 320 2210 dias
348 2176 548 2210 reconciliari
569 2176 603 2209 <Sc
625 2176 799 2209 convivere
821 2175 1029 2219 pertinaciter
1049 2185 1134 2209 recu-

250 2226 395 2263 santibus
405 2250 415 2266 ,
432 2237 487 2260 aut
499 2225 670 2264 ambobus,
682 2233 737 2259 aut
747 2236 860 2260 eorum
874 2224 964 2259 alteri
976 2224 1135 2259 Monasti-

251 2288 327 2311 cam
354 2276 581 2319 profeffionem
609 2274 780 2314 suadebat,
807 2276 841 2309 δε
866 2275 952 2317 apud
981 2275 1132 2309 saecuium

250 2327 430 2361 remanenti
459 2336 562 2360 novas
590 2326 718 2367 nuptias
730 2323 921 2369 indulgebat
936 2325 1036 2359 etiam
1057 2326 1133 2360 San-

250 2378 319 2410 ctus
344 2375 516 2410 Fulbertus
550 2374 757 2408 Carnutenfis
792 2375 992 2417 Episcopus,
1017 2386 1056 2409 ac
1094 2375 1134 2409 de

249 2425 314 2460 isto
342 2427 399 2459 suo
426 2435 516 2458 more
542 2424 660 2468 scripsit
682 2424 723 2458 ad
752 2423 935 2459 Robertum
962 2424 1134 2469 Archiepi-

249 2477 386 2518 scopum
414 2473 743 2518 Rothomagensem:
769 2477 800 2507 51⁴
825 2475 880 2508 hac
890 2476 927 2507 de
938 2474 1133 2519 causameum

248 2524 393 2566 confilium
420 2526 537 2565 vultis,
565 2526 644 2566 quod
666 2535 715 2568 ego
732 2524 839 2566 facio,
865 2526 948 2558 idem
973 2537 1027 2559 vos
1046 2525 1133 2567 face·

249 2586 283 2609 re
303 2573 412 2618 suadeo
428 2599 435 2605 .
459 2576 603 2616 Capitula
627 2577 783 2607 canonum
821 2576 866 2608 ad
899 2574 978 2608 banc
1015 2574 1132 2618 causam

247 2630 431 2664 pertinentia
441 2624 523 2657 nobis
531 2622 708 2667 subscribere
718 2636 775 2657 non
788 2631 915 2659 vacavit
936 2627 981 2658 ad
998 2623 1131 2669 praesens

251 2671 370 2712 bostium
387 2673 582 2717 persecutione
602 2674 749 2708 turbatis.
795 2676 957 2709 Scribemus
978 2685 1076 2709 autem
1097 2677 1131 2710 o

252 2722 432 2755 bai-&alia
441 2723 566 2757 libenter
589 2729 622 2757 in
642 2724 806 2768 obsequium
829 2726 976 2766 vestrum,
997 2724 1028 2766 fi
1048 2729 1130 2759 Deus

253 2771 336 2805 nobis
352 2773 510 2813 concesserit
516 2772 687 2815 salutem&
695 2784 818 2817 pacem.
848 2775 926 2809 Alia
948 2776 1129 2810 Canonum

253 2821 295 2855 de
307 2819 368 2853 hac
380 2831 412 2853 re
422 2821 572 2863 Capitula
582 2835 646 2868 ego
666 2826 777 2859 nescio
795 2849 806 2865 ,
833 2825 891 2858 nisi
913 2826 1067 2860 adductas
1086 2826 1131 2861 le-

250 2881 310 2916 ges
338 2870 508 2913 Iustiniani
542 2870 705 2916 Augusti,
730 2874 765 2908 &
795 2875 968 2910 Canonem
1002 2876 1129 2919 Synodi

249 2919 523 2962 compendiensis
533 2945 541 2951 .
570 2920 669 2967 Qud
681 2923 772 2958 scoti
785 2935 903 2959 uxores
918 2927 987 2960 suas
1001 2938 1068 2959 non
1083 2926 1131 2960 so-

253 2969 322 3002 lum
346 2969 572 3009 dimitterent,
607 2970 661 3003 sed
681 2975 777 3007 etiam
798 2975 997 3015 venderent,
1031 2973 1130 3010 habes

253 3019 289 3052 in
303 3019 416 3053 litteris
428 3019 578 3063 Gregorii
592 3020 717 3061 septimi
742 3021 783 3056 ad
801 3026 954 3059 Sanstum
975 3025 1130 3060 Lanfsan-

253 3079 330 3102 cum
343 3066 629 3112 Archiepiscopum
644 3069 908 3109 cantuariensem
919 3100 926 3107 .
955 3075 1066 3109 Etiam
1085 3076 1128 3110 ad

255 3116 522 3152 Muriardachum
555 3119 722 3153 Hiberniae
751 3121 876 3165 Regem
906 3125 1024 3167 scripsit
1050 3136 1127 3159 tunc

82 3185 229 3224 App,1-;p,¹
254 3166 584 3202 SanssusAnselmus2
613 3171 726 3202 Dicitur
738 3172 858 3212 quodin
869 3176 969 3217 Regno
979 3173 1071 3213 vestro
1081 3183 1128 3207 vi-

253 3223 284 3250 ri
296 3222 340 3248 ita
353 3216 441 3249 libere*
453 3219 486 3251 Θ
502 3219 614 3258 publice*
636 3231 741 3252 uxores
759 3218 835 3263 suas
858 3223 995 3255 uxoribus
1006 3225 1127 3258 aliorum

80 3271 142 3303 Lib.
167 3281 194 3309 3.
251 3275 458 3306 commutant,
477 3266 549 3308 ficut
559 3269 680 3310 quilibet
694 3281 799 3312 equum
810 3282 902 3314 equo,
929 3281 982 3305 aut
1004 3276 1126 3315 quamli-

81 3315 136 3349 ΕΡ·
170 3322 231 3348 ¹42-
252 3317 304 3350 bet
315 3318 408 3349 aliam
418 3327 479 3349 rem
487 3327 521 3349 re
531 3317 989 3364 aliaabillocommutat‚&pro
997 3323 1083 3357 libitu
1092 3336 1126 3358 ac

79 3360 119 3386 '¹4
128 3361 155 3386 ⁷⁹
246 3366 309 3409 fine
319 3372 431 3400 ratione
439 3366 595 3408 relinquit.
612 3368 654 3402 Et
664 3369 706 3403 de
717 3371 880 3414 quibusvis
892 3372 1027 3416 Europae
1039 3374 1122 3409 Gen-

253 3416 340 3452 tibus
346 3415 454 3450 scribit
463 3416 661 3452 Guilielmus
674 3418 1125 3460 MonachusMalmesberien-

344 3465 541 3511 ‚chrss.1.upi
551 3471 635 3511 oper.
649 3470 778 3504 Tmlr.

76 1490 132 1526 Ep.
158 1493 204 1524 65.

74 2146 121 2174 32.
132 2136 219 2178 quaest

75 2188 103 2210 ς.
115 2188 171 2219 cap
183 2187 231 2212 24-

1197 284 1365 317 ¹divortium
1381 308 1391 323 ,
1429 285 1559 317 alienum
1595 291 1805 328 expugnantes
1835 289 2057 317 matrimonium
2071 309 2080 318 .

1199 332 1364 374 Loquitur
1376 331 1416 367 de
1428 333 1563 369 Urbani
1584 330 1714 367 secundi
1739 334 1960 376 temporibus.
1988 333 2083 368 Atta·

1200 393 1273 416 men
1286 382 1403 417 abusus
1414 383 1458 418 est
1472 384 1686 425 inveteratus,
1713 383 1747 417 ὃς
1770 383 1869 427 longe
1890 384 2058 428 antiquior
2071 409 2079 416 .
2100 384 2158 416 Fal.
2190 394 2253 421 150.

1201 432 1243 465 Et
1266 432 1413 467 adversus
1438 433 1531 467 illum
1556 434 1627 468 Leo
1650 444 1757 468 nonus
1777 433 1881 487 emisit
1894 435 2082 477 praesentem

1204 482 1391 517 Canonem.

1247 532 1398 583 Qaestio
1421 532 1490 572 est,
1518 532 1651 577 Quibus
1668 544 1708 566 ex
1731 533 1956 568 fundamentis
1978 535 2084 569 famo-

1202 584 1266 617 sam
1279 581 1361 617 adeo
1374 581 1568 615 sententiam
1583 606 1593 621 ‚
1619 593 1654 616 ac
1667 583 1816 618 latiffime
1839 583 1994 618 diffusum
2015 595 2084 619 mo-

1201 643 1268 667 rem
1281 631 1496 676 proscripserit
1519 643 1556 665 ac
1577 631 1738 665 damnarit
1750 634 1773 665 ‚²¹
1790 633 1990 677 Respondeo
2002 657 2014 675 ‚
2038 645 2082 668 ex

1202 682 1386 716 firmiffimis
1409 681 1649 717 fundamentis.
1684 681 1816 715 Etenim
1844 684 1980 727 repudio
2013 693 2084 717 non

1200 732 1281 766 solvi
1295 731 1510 765 Matrimonia
1530 731 1628 765 docet
1651 730 1906 766 constantissime
1928 734 2024 768 variis
2047 733 2084 766 in

1201 782 1284 815 locis
1295 781 1544 822 Tertullianus,
1571 779 1784 824 adiungitque
1798 780 1833 813 in
1846 781 1930 815 libro
1944 783 1984 817 de
2008 784 2085 817 Mo-

1203 831 1375 875 nogamia:
1404 832 1482 865 Adeo
1499 832 1675 873 repudium,
1686 830 1800 873 utique
1813 831 1997 875 conjugalis
2014 832 2083 865 viu·
2100 841 2177 880 cap*
2185 851 2215 879 9·

1200 881 1263 916 culi
1278 881 1532 923 diremptivum‚
1559 883 1578 913 ἃ
1588 881 1750 922 primordio
1765 880 1919 922 nonfuit,
1944 889 1975 913 ut
1999 882 2086 922 apud

1199 936 1346 965 Romanos
1355 929 1417 973 post
1435 942 1546 963 annum
1553 929 1794 973 siva-centesimum
1808 931 1898 964 Urbis
1909 932 2038 964 conditae
2051 932 2088 963 id
2103 958 2144 987 Ca
2182 959 2201 986 6

1195 994 1290 1027 genus
1305 983 1426 1014 duritiae
1436 981 1609 1024 commiffum
1623 982 1792 1014 denotetur.
1822 981 1865 1014 Et
1881 980 2012 1015 inlibro
2041 980 2087 1014 A·
2147 966 2174 997 p'
2206 974 2214 984 ’

1202 1032 1387 1076 pologetico
1400 1045 1410 1063 .-
1435 1031 1490 1063 Ubi
1501 1030 1539 1071 est
1553 1033 1606 1064 iila
1609 1032 1746 1072 felicitas
1762 1034 2020 1064 Matrimoniorum
2048 1032 2086 1066 de

1201 1082 1326 1115 moribus
1337 1081 1442 1123 ubique
1448 1079 1648 1123 prosperata,
1675 1093 1730 1122 quo
1738 1088 1795 1122 per
1819 1093 1911 1114 annor
1928 1081 1998 1123 fere
2017 1079 2087 1123 sex-

1201 1141 1296 1165 centos
1307 1132 1344 1164 ab
1353 1131 1430 1163 Urbe
1442 1132 1560 1164 condita
1573 1132 1653 1164 nulla
1666 1132 1768 1163 domus
1781 1133 1937 1173 repudium
1946 1129 2061 1174 scripsit
2072 1132 2087 1163 ?

1204 1182 1334 1225 Utique
1357 1181 1442 1224 apud
1464 1180 1614 1214 Gentiles
1637 1182 1809 1214 Romanos
1824 1205 1832 1212 .
1869 1181 1918 1214 Ita
1940 1178 2086 1213 ostendit

1203 1232 1370 1275 repudium
1383 1242 1450 1265 non
1463 1231 1522 1264 soli
1539 1231 1723 1276 Evangelio
1734 1253 1745 1269 ,
1773 1231 1826 1265 sed
1841 1232 1876 1264 &
1888 1231 2028 1264 naturali
2041 1230 2088 1263 le-

1202 1282 1235 1325 gi
1246 1293 1443 1326 repugnare.
1473 1281 1524 1314 Ex
1547 1280 1775 1314 fornicationis
1796 1282 1890 1315 causa
1916 1280 2086 1325 profitetur

1204 1331 1432 1375 poffediverti‚
1459 1331 1571 1365 verum
1587 1332 1651 1364 fine
1665 1329 1788 1364 vinculi
1804 1330 1917 1373 injuria
1933 1355 1944 1371 ‚
1967 1330 2002 1363 &
2017 1330 2083 1363 fine

1203 1382 1332 1415 licentia
1346 1393 1505 1415 novarum
1519 1382 1706 1424 nuptiarum
1721 1405 1728 1412 .
1755 1379 1946 1414 Permiffam
1970 1379 2086 1423 Judaeis

1201 1431 1365 1466 licentiam
1388 1431 1527 1463 affirmat
1554 1431 1647 1464 fuisse
1664 1433 1784 1463 duritiae
1803 1442 1902 1473 genus
1916 1454 1928 1470 ,
1955 1429 2009 1463 seu
2021 1439 2087 1463 me-

1200 1493 1269 1515 rum
1283 1480 1414 1514 Divinae
1437 1480 1733 1513 commiserationis
1758 1480 1926 1513 indultum
1942 1503 1952 1519 ,
1982 1480 2087 1522 impu-

1201 1531 1239 1564 ne
1252 1531 1410 1564 sustinens
1421 1528 1576 1562 duritiam
1592 1528 1721 1571 Judaici
1736 1529 1845 1562 cordis
1857 1554 1866 1569 ‚
1895 1529 2085 1572 malensque

1198 1579 1317 1622 abipsa
1342 1579 1465 1612 dimitti
1491 1590 1629 1618 uxores,
1657 1589 1757 1623 quam
1787 1579 1962 1613 trucidari.
1995 1577 2087 1612 Vera.

1199 1629 1331 1673 quidem
1350 1628 1434 1662 saltis
1456 1626 1535 1662 hinc
1557 1629 1633 1662 inde
1660 1629 1854 1672 permiscet,
1881 1639 2027 1664 attamen
2052 1627 2087 1660 &

1199 1678 1393 1714 Catholicus
1418 1679 1452 1712 δε
1473 1678 1512 1712 ad
1536 1680 1739 1713 Montanum
1760 1679 1867 1723 lapsus
1890 1677 2088 1713 sententiam

1200 1729 1341 1763 nostram
1352 1728 1397 1762 est
1430 1728 1616 1763 solidissime
1637 1739 1779 1763 tutatuS.
1808 1727 1957 1763 Eandem
1983 1736 2087 1762 tutata.

1198 1778 1242 1812 est
1258 1778 1429 1812 Eliberina
1449 1777 1626 1822 Synodus‚
1655 1779 1825 1819 foeminis,
1851 1791 1921 1823 quae
1942 1790 2010 1812 non
2036 1778 2086 1812 so-

1198 1831 1266 1862 lum
1281 1829 1345 1862 fine
1358 1829 1473 1868 causa,
1499 1830 1594 1862 sed&
1616 1840 1687 1872 quae
1709 1829 1755 1862 ob
1780 1829 1978 1863 adulterium
2000 1828 2088 1870 viros

1196 1877 1400 1919 dimiserint,
1428 1878 1626 1912 interdicens
1648 1890 1748 1913 novas
1768 1879 1919 1923 nuptiae,
1943 1878 1978 1910 ὅ(
2006 1877 2091 1912 acci-

1199 1927 1364 1971 pientibus
1381 1953 1390 1968 ,
1418 1928 1524 1962 donec
1538 1929 1685 1967 dimissus
1705 1930 1755 1962 vir
1779 1929 1915 1968 obierit,
1941 1928 2089 1963 auferens

1198 1978 1482 2012 communionem.
1523 1977 1672 2012 Eandem
1696 1979 1890 2013 sententiam
1912 1978 1946 2011 in
1969 1978 2086 2013 litteris
2108 1986 2263 2026 eap,9,10,

1196 2027 1237 2062 ad
1255 2028 1429 2061 Oceanum
1441 2038 1563 2062 tutatur
1579 2028 1714 2062 sanetus
1737 2028 1992 2073 Hieronymu8‚
2020 2029 2091 2071 Ro7

1198 2087 1329 2111 manam
1341 2077 1534 2111 Matronam
1545 2077 1714 2111 Fabiolam
1728 2104 1738 2119 ,
1765 2078 1977 2122 quaedimisso
1994 2078 2087 2112 adul-

1197 2138 1266 2161 tero
1276 2128 1379 2161 alium
1391 2127 1495 2160 virum
1519 2127 1679 2167 duxerat,
1705 2129 1870 2162 affirmans
1893 2128 1927 2161 δε
1949 2128 2087 2162 laudans

1197 2175 1484 2210 fuiffeakomana
1497 2178 1637 2211 Ecclesia
1665 2177 1839 2221 subjestam
1862 2177 2000 2221 publicae
2021 2190 2087 2222 poe-

1198 2227 1343 2260 nitentiae
1356 2250 1366 2266 ,
1394 2237 1562 2269 tamquam
1575 2227 1783 2273 Evangelicae
1799 2228 1881 2273 legis
1904 2230 2087 2271 praevarica-

1196 2278 1327 2311 tricem.
1357 2278 1509 2318 Praecepit
1524 2302 1534 2316 ‚
1561 2277 1668 2320 inquit
1687 2303 1698 2319 ,
1728 2282 1871 2311 Dominus
1882 2290 2004 2312 uxorem
2026 2292 2084 2313 non

1195 2327 1299 2360 debere
1308 2326 1424 2360 dimitti
1438 2335 1561 2369 excepta
1573 2325 1661 2370 causa
1682 2327 1893 2370 fornicationis
1908 2354 1918 2369 ,
1943 2331 1977 2363 &
1990 2328 2020 2371 si
2040 2331 2086 2362 di-

1195 2377 1277 2421 missa
1280 2377 1403 2419 fuerit,
1432 2389 1554 2411 manere
1575 2383 1756 2420 innuptam.
1785 2379 1887 2413 Aliud
1912 2381 1929 2413 a
1949 2378 2057 2413 Paulo
2073 2406 2085 2422 ,

1194 2427 1282 2461 aliud
1305 2427 1322 2459 a
1345 2427 1530 2471 Papiniano
1555 2428 1601 2461 ait
1613 2429 1762 2473 praeci-pi;
1787 2429 1868 2463 alias
1891 2430 2080 2471 Caesarum,

1196 2477 1272 2511 alias
1288 2475 1409 2511 Christi
1430 2478 1493 2511 effe
1504 2478 1592 2522 leges
1605 2502 1616 2518 ,
1644 2490 1714 2522 quae
1727 2481 1761 2513 ὅ(
1775 2491 1862 2513 vrros
1884 2481 1917 2513 ὅς
1931 2481 2082 2515 mulieres

1196 2527 1409 2571 pariforrniter
1434 2528 1680 2572 constringant.
1711 2530 1794 2576 Qiae
1819 2532 1933 2563 omnia
1965 2532 2083 2574 repetit

1196 2579 1228 2611 in
1256 2577 1372 2611 litteris
1397 2575 1438 2611 ad
1466 2578 1676 2620 Amandum,
1706 2580 1740 2613 &
1766 2581 1800 2613 in
1823 2581 2082 2615 Commentariis
2100 2595 2148 2634 Ep,
2162 2606 2230 2633 147-

1194 2627 1234 2661 ad
1256 2628 1411 2671 quintum
1436 2628 1470 2661 dc
1495 2626 1661 2663 decimum
1691 2640 1817 2664 nonum
1846 2642 1944 2673 caput
1971 2631 2080 2664 saneti

1195 2676 1359 2711 Matthaei.
1390 2678 1433 2711 Et
1459 2678 1593 2719 quidem
1624 2678 1752 2722 publica
1779 2680 1984 2714 nobiliffirnae
2020 2682 2080 2714 Fa-

1194 2727 1290 2762 biolae
1316 2727 1392 2761 ante
1419 2728 1641 2762 Lateranenfis
1668 2729 1811 2763 Bafilicae
1849 2731 1938 2764 fores
1975 2731 2077 2773 poeni-

2105 2257 2154 2293 ΕΡ·
2176 2265 2219 2291 εω-

1170 2776 1296 2812 'tentia
1322 2777 1466 2812 ostendit
1499 2779 1684 2821 oppositam
1723 2780 1917 2814 sententiam
1954 2779 1971 2812 a
2011 2781 2081 2814 Ro-

1192 2840 1288 2862 mana
1318 2827 1460 2862 Ecclefia
1486 2828 1661 2871 judicatam
1686 2830 1786 2864 fuisse
1810 2828 2073 2873 improbabilem,

1192 2878 1262 2912 imo
1286 2879 1323 2913 ἀ
1350 2877 1609 2913 intolerabilem:
1636 2879 1787 2927 Qilibet
1812 2880 1902 2915 enim
1929 2878 2076 2923 probabi-

1192 2928 1290 2963 litatis
1316 2929 1411 2963 fucus
1437 2937 1563 2962 tantam
1587 2929 1780 2964 Matronam
1807 2930 1824 2963 a
1851 2939 1939 2964 tanta
1962 2941 2074 2964 coram

1192 2979 1292 3012 totius
1319 2978 1431 3023 populi
1453 2980 1563 3013 oculis
1586 2980 1780 3013 -Confufione
1807 2980 1920 3014 saltem
1946 2980 2079 3024 dispen-

1191 3027 1305 3061 satorie
1329 3029 1508 3063 excusasset
1535 3054 1541 3061 .
1581 3030 1625 3062 Et
1651 3031 1686 3062 in
1714 3028 1779 3062 hoc
1806 3030 1897 3063 sensu
1926 3029 2072 3064 Romani

1191 3077 1370 3111 Pontifices
1386 3078 1509 3121 {emper
1536 3080 1668 3111 suerunt
1695 3078 1944 3114 constantissimi
1963 3105 1970 3112 .
1996 3080 2072 3115 Ete»

1193 3128 1257 3160 nim
1269 3126 1387 3159 Sansto
1409 3127 1576 3170 Exuperio
1598 3127 1799 3163 Tholosano
1820 3130 1984 3174 Episcopo
1999 3155 2009 3170 ‚
2030 3130 2071 3164 de

1188 3176 1405 3211 adulterorum
1417 3176 1549 3219 repudio
1569 3177 1603 3210 dc
1629 3178 1723 3211 novis
1741 3179 1984 3222 repudiantium
2015 3192 2074 3214 nu-

1191 3228 1265 3270 ptiis
1277 3226 1483 3266 consulenti,
1509 3227 1673 3269 respondit
1688 3227 1901 3264 Innocentius
1925 3231 2069 3274 primus:

1190 3281 1233 3311 De
1246 3276 1295 3309 bis
1305 3274 1452 3318 requisivit
1467 3276 1590 3310 DiIeHio
1612 3286 1688 3319 tua,
1712 3284 1764 3321 qui
1788 3285 2004 3314 interveniente
2026 3291 2069 3312 re-

1184 3328 1278 3368 pudio
1293 3350 1304 3366 ,
1329 3323 1421 3368 aliise
1432 3332 1616 3360 matrimonio
1625 3329 1798 3370 copularunt
1809 3354 1820 3371 ‚
1847 3342 1919 3374 quos
1937 3336 1969 3362 in
1986 3338 2068 3361 utra-

1186 3388 1240 3419 que
1246 3384 1337 3419 parte
1358 3376 1505 3410 adulteros
1543 3377 1593 3420 ff
1622 3379 1809 3421 manifestum
1841 3380 1898 3421 est.
1938 3377 2068 3412 Ambos

1187 3424 1344 3469 ejusmodi
1366 3438 1470 3462 novos
1492 3426 1647 3471 conjuges
1684 3430 1824 3466 affirmat
1856 3426 2071 3464 abstinendos

1558 3477 1588 3512 B
1616 3477 1637 3513 b
1932 3486 2023 3513 com·-

2086 3408 2159 3449 Cap.
2170 3414 2197 3440 6.
