2352 3736
145 779 277 814 A.119o.

136 1046 171 1073 A.
187 1055 269 1081 1⁴90·

132 1539 256 1574 12:215

404 189 498 240 1342

379 267 499 301 Eadem
521 263 678 307 potestate
690 267 764 299 usus
788 265 833 299 est
851 264 949 298 etiam
974 262 1112 297 Henrici
1127 265 1203 298 Suc-

326 318 426 350 cessor
442 314 568 348 &filius
594 314 793 349 Richardns.
821 313 956 346 Etenim
974 312 1202 348 Dunelmensis

326 365 476 399 Ecclefiae
500 364 710 399 Cathedrales
731 360 943 403 Monachos,
970 363 1059 406 quod
1071 364 1202 399 clande-

323 414 403 447 stine
416 415 483 449 sine
501 413 710 457 ejuslicentia
736 411 924 455 elegissent,
954 423 1086 447 vocatos
1107 415 1200 448 fuisse

323 466 356 497 in
368 474 493 498 reatum
509 465 583 497 lzesae
600 458 795 501 Maiestatis,
824 461 933 495 scribit
957 463 1105 498 laudatus
1132 464 1198 498 Ra·

151 507 184 537 A·
202 523 279 549 1¹94*
322 513 478 557 dulphus.
507 514 549 545 Et
561 509 744 553 hincipfius
760 511 935 546 adsacrum
962 513 1083 547 bellum
1096 515 1199 558 profe-

319 564 361 597 ssi
384 562 532 597 Vicarius
552 559 752 594 Guilielmus
776 560 920 604 Elyenfis
944 562 1122 607 Episcopus
1142 576 1199 598 no-

318 613 381 646 luit
401 613 466 644 fine
476 612 529 644 sua
555 611 649 644 venia
660 611 935 646 fierielestionem
950 613 1195 657 Archiepiscopi

319 661 558 695 Cantuariensis
571 686 579 692 .
606 660 651 694 Et
661 671 737 695 eum
746 658 806 695 hac
821 661 854 695 in
867 665 960 697 causa
972 664 1027 697 alii
1041 664 1196 708 Episcopi

314 721 466 754 potenter
493 710 683 754 adjuverunt
704 737 711 743 .
750 713 803 746 De
822 713 937 746 eodem
975 714 1068 758 Rege
1088 713 1196 748 scribit

316 760 495 795 Matthaeus
517 761 629 795 Paris:
656 766 746 795 Circa
770 763 833 796 dies
850 762 916 802 istos
940 763 1069 805 Ecclefia
1085 768 1141 797 Dei
1163 770 1196 797 in

315 813 510 844 Normandia
520 813 559 845 de
578 813 659 855 longo
665 812 825 855 servitutis
833 815 900 857 iugo
909 813 1039 848 liberata
1051 814 1089 855 est
1100 839 1110 854 ‚
1134 816 1197 858 glo-

315 860 388 904 rioso
400 865 475 905 Rege
500 861 651 894 Richardo
662 863 847 903 adjuvante,
874 865 1018 897 &omnia
1043 863 1196 907 disponen-

314 919 359 944 ie.
393 915 412 942 A
425 915 501 955 Rege
512 911 664 958 concessum
685 912 723 952 est
735 937 746 952 ,
768 921 801 945 ut
813 919 844 944 in
860 913 992 954 Ecclesiis
1007 919 1195 948 conventua-

311 962 390 993 libus
403 962 531 995 ,abbates
542 986 552 1002 ,
579 962 630 995 vel
643 965 759 996 Priores
771 987 781 1003 ,
801 972 854 996 aut
877 963 1036 1007 Abbatiffae
1058 976 1121 997 cum
1131 975 1192 998 con-

306 1010 395 1054 sensu
413 1010 462 1054 sui
482 1010 622 1054 Episcopi
643 1013 808 1055 eligantur.
842 1013 1002 1058 Eligendi
1025 1014 1193 1048 licentiam

310 1073 377 1094 non
390 1061 408 1093 a
427 1062 458 1095 se
469 1062 623 1105 deinceps
635 1086 645 1102 ‚
674 1060 728 1096 sed
740 1062 781 1097 ab
794 1063 963 1108 Episcopis
983 1063 1073 1106 Juxta
1086 1065 1196 1098 Cano-

310 1121 366 1144 nes
390 1112 456 1155 peti
470 1111 543 1145 Rex
569 1110 725 1155 indulfit;
751 1113 862 1147 verum
888 1115 995 1158 quoad
1011 1115 1093 1149 solas
1104 1113 1194 1148 Con-

308 1162 475 1207 ventuales
498 1162 656 1197 Ecclefias
679 1187 689 1203 ,
716 1164 749 1197 ὅ(
770 1163 877 1207 quoad
903 1165 1004 1199 solam
1032 1164 1191 1197 Norman-

308 1211 398 1245 diam
422 1237 428 1244 .
460 1213 506 1245 Ea
530 1211 571 1246 de
590 1224 624 1247 re
646 1211 919 1258 Archiepiscopus
940 1214 1192 1258 Rotomagensis

308 1262 342 1294 ὃ(
355 1260 568 1296 Normandiae
588 1263 771 1297 Senescalus
782 1263 907 1297 dudum
930 1264 1167 1298 contenderant
1183 1289 1188 1296 .

309 1310 373 1344 Rei
395 1313 504 1345 seriem
527 1312 602 1346 vide
625 1313 710 1355 apud
740 1312 952 1356 Radulphum
979 1314 1021 1348 de
1042 1314 1188 1348 Diceto.

309 1361 409 1403 Apud
421 1362 561 1394 eundem
574 1360 768 1395 Matthaeum
783 1363 904 1397 laudati
917 1364 1021 1410 Regis
1033 1362 1188 1398 Richardi

307 1411 459 1444 frater&
474 1413 639 1446 Successor
662 1413 827 1455 Joannes,
854 1414 970 1448 defuis
993 1426 1067 1448 cum
1091 1415 1192 1448 Inno-

308 1462 420 1494 centio
444 1462 539 1494 tertio
551 1463 759 1495 concordatis
776 1475 899 1506 agens,
926 1464 1036 1497 scribit
1059 1464 1099 1501 ad
1114 1465 1189 1508 Epi-

310 1512 426 1554 scopos
440 1511 633 1555 Anglicanae
650 1512 818 1545 Ecclefiae:
844 1514 888 1545 De
898 1523 1002 1546 caetero
1020 1520 1053 1546 in
1068 1522 1189 1548 univer-

261 1555 342 1603 'fis
362 1562 397 1594 (⁶5
418 1559 535 1603 lingulis
558 1564 614 1594 Ec
611 1559 691 1601 lestis
720 1563 754 1595 δ’
777 1562 961 1600 Monaflerils
985 1589 996 1605 ,
1022 1564 1189 1598 Cathedra-

305 1610 386 1643 libus
410 1613 443 1644 ei*
457 1611 712 1645 Conventualibus
735 1618 826 1645 totius
838 1616 932 1656 Regni
954 1614 1096 1657 Angliae,
1121 1615 1190 1648 Iibe-

307 1669 351 1695 Μ
367 1660 429 1702 fint
451 1667 483 1694 in
499 1670 674 1703 perpetuum
694 1662 844 1695 elec‘lioner
862 1674 1036 1705 quorumque
1050 1665 1190 1696 Praelato-

306 1723 395 1751 rum,
424 1714 569 1752 majorum
592 1713 626 1744 Θ
645 1718 788 1745 minorum
811 1738 817 1744 .
846 1714 1052 1747 Promittimus
1077 1719 1189 1754 etiam,

309 1763 389 1804 quod
413 1772 463 1794 net·
484 1762 678 1802 impediemus
702 1786 712 1801 ,
740 1773 790 1795 nec
810 1763 949 1804 impediri
979 1768 1187 1805 permittemus

305 1820 363 1854 per
374 1811 502 1852 nostros,
528 1822 576 1844 nec
582 1812 825 1853 procurabimus,
851 1818 927 1855 quin
949 1819 982 1845 in
993 1812 1136 1854 universis
1157 1814 1190 1846 Θ

302 1861 428 1904 fingulis
451 1861 634 1901 Monasterus
664 1863 700 1896 6·
720 1861 850 1902 Ecclesus
875 1888 884 1903 ‚
924 1863 1077 1905 postquam
1103 1872 1190 1895 vaca-

308 1916 412 1945 'verim
434 1913 614 1945 Praelaturae
630 1937 640 1952 ,
668 1923 874 1954 quemcumque
895 1915 1044 1946 voluerint
1060 1938 1070 1953 ‚
1102 1912 1192 1946 libere

303 1959 557 2003 fibipraeficiant:
584 1963 684 1994 Petita
694 1969 794 1994 tamen
815 1963 836 1993 ἃ
849 1962 930 1994 nobis
950 1964 1036 2004 prius
1059 1962 1191 1995 &baere-

309 2011 402 2045 dibus
415 2011 515 2052 nostris
540 2014 657 2045 licentia
668 2013 814 2055 eligendi,
840 2024 932 2054 qzcam
957 2025 1015 2044 non
1037 2013 1192 2055 denegabi-

309 2072 376 2093 mus
390 2085 400 2100 ,
427 2072 478 2094 nec
490 2061 661 2102 differemus
676 2086 682 2093 .
710 2061 789 2103 Etsi
801 2061 880 2102 forte
900 2064 1019 2095 accidat
1031 2087 1040 2102 ,
1052 2066 1131 2103 quod
1143 2064 1191 2094 de-

309 2121 483 2154 negaremus
505 2108 558 2145 vel
576 2109 759 2150 differremus
784 2137 793 2152 ,
821 2111 1008 2144 nihilominus
1025 2114 1189 2153 procedant

309 2162 443 2195 eledlores
463 2163 508 2193 ad
526 2161 689 2194 clemonem
712 2165 896 2194 canonicam
914 2162 1111 2202 faciendam.
1141 2163 1190 2194 Et-

311 2211 375 2245 iatn
388 2212 506 2245 retinet
519 2210 578 2245 fibi
588 2210 637 2253 jus
645 2211 732 2244 factae
745 2211 913 2244 elestionis
925 2211 1191 2253 comprobandae,

311 2262 421 2296 verimi
449 2272 524 2294 cum
544 2260 605 2294 hac
628 2261 789 2295 clausula:
821 2259 965 2304 assensum
990 2262 1113 2301 nostrum
1135 2272 1191 2294 non

309 2311 525 2356 denegabimus
544 2336 554 2351 ‚
583 2310 640 2351 nisi
667 2310 812 2354 adverfics
841 2311 1003 2345 clemonem
1041 2314 1191 2345 rationale

307 2360 565 2404 proposuerimus,
595 2363 629 2395 (9·
648 2362 775 2404 legitime
794 2362 1042 2402 probaverimus,
1069 2370 1191 2403 propter

314 2414 394 2454 quod
419 2424 476 2444 non
499 2411 635 2444 debemus
658 2410 817 2454 consentire
836 2438 842 2443 .
872 2412 1010 2456 Propter
1035 2411 1190 2455 Stephani

312 2462 553 2496 Cantuariensis
566 2460 811 2504 Archiepiscopi
822 2461 1015 2496 electionem
1036 2463 1069 2496 &
1081 2463 1192 2497 conse-

312 2509 494 2545 crationem
517 2520 593 2544 nata
618 2511 702 2544 inter
714 2511 840 2555 Regem
864 2510 952 2545 hunc
980 2513 1013 2545 ὅ(
1028 2514 1193 2555 praefatum

315 2561 514 2595 Pontificem
527 2559 688 2593 discordia
700 2559 860 2594 horrende
880 2560 1022 2594 turbavit
1036 2562 1192 2607 Anglica-

311 2622 392 2644 nam
415 2610 593 2644 Ecclesiam
619 2635 624 2642 .
655 2610 787 2643 Etenim
814 2610 1000 2644 Canonicas
1021 2611 1192 2644 eleffiones
1213 2604 1221 2618 ³

311 2661 447 2701 invasit,
476 2660 690 2695 Ecclefiarum
715 2660 802 2694 bona
823 2659 960 2704 diripuit
986 2685 996 2700 ‚
1025 2661 1192 2695 Romanas

312 2710 548 2755 appellationes
559 2719 595 2743 ac
605 2711 813 2745 evocationes
825 2710 993 2744 interdixit
1004 2707 1082 2744 'Rex
1092 2736 1102 2752 ,
1123 2723 1192 2745 om-

312 2763 434 2804 enesque
444 2761 573 2794 reduxit
586 2759 806 2795 Henricianas
819 2760 1091 2802 consuetudines,
1115 2772 1193 2803 quas

312 2812 447 2845 Sandius
468 2809 622 2845 Thomas
643 2812 702 2845 suo
732 2811 892 2856 sanguine
911 2810 1191 2847 circumcinxerat.

314 2863 503 2904 Supremam
532 2874 568 2894 ac
597 2861 741 2894 divinam
757 2861 916 2895 Romanae
935 2860 1083 2894 Ecclesiae
1104 2862 1193 2903 pote'-

317 2911 426 2944 statem
439 2912 646 2944 calumniosis
664 2912 696 2944 ὃς
712 2910 905 2953 blasphemis
930 2910 1111 2944 Alexandri
1124 2911 1193 2944 Cae·

316 2963 463 2994 mentarii
477 2960 758 3004 praedicationibus
773 2961 913 3003 permisit
924 2961 1029 3003 palam
1042 2959 1191 3003 lacerari;

318 3011 399 3050 quin
420 3012 451 3043 ἅ-
467 3012 563 3045 fidem
586 3009 805 3045 Christianam
827 3010 942 3044 volens
963 3010 1192 3053 proscriptam,

321 3058 462 3101 Legatos
474 3062 558 3094 misit
578 3061 612 3094 in
638 3060 784 3095 Africam
798 3085 808 3100 ,
835 3059 970 3104 quiillic
989 3061 1008 3094 a
1021 3061 1193 3095 Saraceno-

319 3118 393 3139 rum
414 3107 561 3151 Principe
585 3111 762 3150 discerent,
791 3112 824 3144 δε
846 3110 881 3143 in
904 3109 1065 3154 Angliam
1090 3120 1194 3155 porta-

319 3165 393 3189 rent
405 3157 657 3198 superstitionem
681 3159 967 3195 Mahometanam.
995 3161 1088 3194 Hinc
1101 3160 1194 3194 illum

323 3205 526 3238 anathemate
543 3206 731 3250 damnavit,
753 3212 786 3244 in
805 3210 900 3245 illum
920 3210 1100 3254 publicavit
1112 3209 1196 3244 Cru-

319 3265 395 3289 cem
418 3277 428 3292 9
451 3255 487 3287 ἀ
511 3255 680 3291 Ludovico
706 3260 906 3295 Francorum
938 3261 1025 3305 Regi
1057 3260 1194 3295 donavit

316 3303 483 3338 'Pontlfex
503 3303 662 3347 Angllam
684 3330 694 3345 ‚
721 3319 815 3351 atque
838 3310 884 3344 ita
912 3310 1046 3345 stultum
1068 3310 1195 3354 Regem

321 3353 414 3388 duris
433 3353 569 3397 flagellis
603 3354 731 3388 reduxit
753 3358 792 3390 ad
822 3366 994 3394 mentem.
1035 3360 1196 3405 Angliam

326 3406 462 3446 semper
471 3402 682 3446 vestigalem,
709 3405 770 3437 San
776 3407 826 3438 Sto
848 3407 944 3441 Petro
968 3410 1066 3443 etiam
1090 3410 1196 3444 feuda—

326 3454 391 3489 lem
412 3452 518 3488 effecit
530 3451 606 3487 Rex
617 3453 777 3498 poenitens
790 3478 801 3494 ,
827 3454 982 3498 abjuravit
994 3469 1106 3492 omnes
1128 3462 1196 3495 suas

654 167 887 223 Tanr‘m
921 166 1322 222 precaminis
1358 165 1795 239 Drsstttrnrro,

1262 263 1402 299 insanias
1423 289 1434 305 ‚
1462 263 1650 299 Canonicas
1664 266 1839 302 electiones
1863 262 2005 305 restituit
2027 267 2139 304 Eccles

1261 316 1315 349 fiis
1335 326 1373 349 ac
1396 315 1626 356 Monasteriis,
1653 316 1683 348 ei
1696 326 1805 351 autem
1823 316 1982 352 Pontifex
2002 318 2137 354 indulsit

1261 365 1403 400 dandam
1415 365 1638 399 faciendarum
1650 364 1848 400 electionum
1863 367 2029 402 licentiam
2041 393 2049 400 .
2076 368 2139 404 La-

1260 415 1324 449 tius
1349 413 1417 448 haec
1428 414 1500 448 vide
1511 415 1597 459 apud
1619 414 1741 448 dietum
1751 413 1968 458 Matthaeum,
1995 417 2138 453 Guiliel-

1242 474 1352 514 smum
1377 462 1536 505 Thorne,
1565 465 1801 499 &Innocentii
1823 465 1909 499 tertii
1930 468 2052 509 vitam,
2078 478 2139 514 pu-

1243 522 1246 546 ¹»
1261 515 1415 548 blicatam
1425 525 1480 558 per
1490 515 1517 547 F
1519 516 1700 550 ranciscum
1712 516 1926 559 Bosquettum
1934 540 1941 547 .

1308 564 1344 597 N
1347 564 1466 598 oranda
1478 566 1551 599 sunt
1562 564 1627 600 haec
1639 566 1744 612 Regis
1757 565 1851 600 verba
1865 578 1873 598 z
1898 567 2041 610 Eligendi
2051 568 2136 602 licen·

1258 620 1334 647 tiam
1357 626 1407 647 nec
1429 614 1657 659 denegabimus,
1683 627 1734 650 nec
1755 616 1926 657 differemus
1939 641 1947 649 .
1974 614 2136 658 Abjurant

1257 665 1393 698 abusum
1412 665 1445 698 δε
1465 664 1656 700 violentiam
1677 691 1687 708 ,
1708 678 1807 710 quam
1827 667 1862 700 in
1874 665 2058 701 Guilielmo
2071 666 2139 701 Ru-

1257 715 1292 749 fo
1311 714 1507 749 &Henrico
1532 714 1674 749 secundo
1693 716 1824 761 Angliae
1848 717 2017 761 Regibus,
2045 716 2140 750 Hen-

1257 764 1326 799 rico
1348 775 1465 806 quarto
1492 766 1691 809 Imperatore
1726 790 1737 806 ‚
1774 766 1909 810 aliisque
1930 765 2137 810 Principibus

1257 815 1441 859 frequenter
1462 816 1602 860 legimus
1623 816 1771 851 damnari
1785 841 1792 848 .
1819 816 1952 851 Etenim
1971 817 2049 850 sacri
2071 817 2134 852 Ca-

1256 876 1358 899 nones
1368 891 1377 905 ‚
1390 865 1447 907 qui
1459 866 1671 901 electionibus
1681 868 1850 911 praefigunt
1859 876 1987 911 tempus
1997 892 2008 907 ,
2018 867 2137 909 ipsum-

1256 926 1318 957 que
1338 915 1450 950 excedi
1474 917 1521 949 vel
1540 919 1708 961 prorogari
1731 926 1839 951 vetant
1857 917 1873 950 ὲ
1887 916 2133 959 Metropolitis,

1256 976 1311 998 aut
1335 965 1526 999 patriarchis
1549 991 1560 1006 ,
1586 967 1684 1000 etiam
1709 969 1817 1012 Reges
1840 967 1982 1001 omnino
2002 966 2138 1001 adstrin-

1255 1025 1354 1059 gunt.
1373 1016 1415 1048 Et
1429 1016 1574 1050 adversus
1584 1017 1699 1050 similes
1709 1017 1890 1051 Ludovicis
1898 1017 2023 1060 septimi
2035 1017 2135 1050 Fran-

1255 1075 1369 1097 corum
1392 1065 1494 1108 Regis
1517 1066 1693 1100 violentias
1707 1066 1799 1110 supra
1821 1067 2005 1102 audivimus
2028 1066 2134 1102 decla·

1255 1125 1399 1147 mantem
1413 1115 1564 1147 Sanctum
1579 1115 1799 1149 Bernardum.
1827 1117 1889 1150 Et'
1881 1128 1964 1151 inter
1975 1116 2134 1159 crimina,

1254 1164 1299 1197 ob
1311 1175 1379 1207 quae
1393 1163 1597 1198 Fredericum
1609 1164 1785 1198 secundum
1796 1165 1984 1209 degradavit
1995 1167 2132 1210 Lugdu-

1256 1215 1350 1248 nense
1362 1213 1577 1255 Concilium,
1603 1215 1666 1248 fuit
1691 1213 1893 1273 quarundam
1915 1215 2137 1250 Ecclefiarnm

1255 1264 1354 1308 longa
1377 1275 1431 1307 per
1453 1263 1520 1306 ejus
1541 1264 1751 1308 iniquitatem
1773 1266 1925 1305 vacatio,
1951 1265 2065 1308 utique
2082 1276 2138 1309 per

1253 1314 1447 1358 denegatam
1473 1313 1618 1358 eligendi
1643 1315 1812 1348 licentiam
1836 1342 1842 1349 .
1869 1314 1974 1350 Porro
2001 1317 2136 1350 Sanetus

1255 1362 1476 1398 Bernardusin
1488 1363 1576 1398 disto
1589 1365 1648 1397 suo
1674 1365 1768 1409 Rege
1786 1364 1897 1408 culpat
1917 1366 1950 1399 &
1963 1366 2066 1400 alium
2078 1377 2134 1400 ex-

1254 1416 1371 1448 cessum
1395 1428 1406 1448 .-
1435 1417 1516 1457 ,Quis
1539 1421 1665 1458 cogitare
1681 1415 1771 1457 posset
1793 1416 1985 1457 repetendum
2007 1417 2135 1449 alterum
2151 1416 2307 1458 Epist-[282.

1253 1463 1392 1508 assensum
1406 1487 1416 1503 ‚
1443 1462 1629 1507 necsuffi'cere
1650 1476 1740 1498 unum
1752 1490 1762 1504 ,
1787 1464 1957 1508 praesbrtim
1979 1464 2031 1499 ubi
2051 1467 2138 1500 nulla

1253 1526 1290 1548 ex
1302 1523 1371 1547 tunc
1392 1520 1555 1548 intervenit
1572 1516 1673 1548 altera
1697 1515 1791 1548 cleHio
1803 1516 1819 1546 ,ἓ
1843 1517 1998 1558 Nunquid
2019 1522 2135 1558 quoties

1252 1563 1441 1607 diffi’nserunt
1453 1569 1478 1595 C
1480 1566 1561 1597 [erici
1573 1589 1583 1605 ,
1611 1570 1695 1597 toties
1705 1568 1902 1607 requirendus
1910 1565 2010 1608 favor
2021 1566 2134 1610 Regis?

1253 1619 1318 1648 Nec
1340 1620 1438 1654 ratio,
1465 1625 1515 1647 nec
1534 1612 1705 1657 consuetudo
1727 1615 1778 1647 hoc
1794 1615 1900 1649 babet.
1932 1619 2067 1659 Denique
2083 1627 2136 1649 nu-

1249 1673 1305 1706 per
1317 1688 1327 1703 ,
1348 1664 1379 1705 ſs
1388 1666 1581 1697 recordamini
1593 1689 1603 1704 ,
1630 1671 1663 1698 in
1675 1665 1855 1707 Sueffionenfi
1869 1664 1993 1706 Ecclesia
2017 1671 2134 1708 quoties

1253 1714 1301 1745 aa?
1314 1715 1480 1757 eligendum
1503 1715 1610 1747 Clerici
1632 1725 1832 1748 convenerunt
1855 1740 1865 1754 ,
1892 1721 1977 1749 toties
2000 1714 2136 1759 diffense-
2173 1734 2176 1737 ,

1255 1771 1326 1795 runt
1344 1775 1351 1794 :
1378 1774 1430 1796 nec
1453 1774 1554 1797 tamen
1578 1764 1707 1802 existimo
1729 1771 1814 1798 toties
1836 1766 1968 1808 repetiffe
1990 1764 2135 1809 offensum

1254 1812 1382 1853 vestrum
1395 1837 1406 1853 ,
1431 1824 1515 1855 quem
1534 1811 1628 1856 semel
1643 1823 1886 1855 promeruerant.
1913 1818 1964 1847 Ita
1987 1814 2048 1856 est,
2075 1819 2135 1847 Do·

1253 1869 1332 1896 mine
1345 1868 1387 1895 mi
1399 1865 1465 1896 Rex
1477 1888 1487 1903 ,
1515 1875 1572 1896 non
1583 1864 1620 1903 est
1630 1866 1708 1906 quod
1717 1865 1850 1898 debeatis
1862 1863 2019 1908 reprobare
2021 1865 2135 1907 fac‘las

1253 1913 1404 1946 elec‘liones
1415 1937 1425 1952 ,
1450 1912 1556 1955 quibus
1569 1923 1602 1946 ut
1609 1913 1716 1954 fierent
1723 1913 1819 1956 semel
1826 1927 1882 1948 vos
1908 1912 2058 1957 adsenfiffe
2070 1925 2137 1948 con-

1249 1963 1359 2002 stiterit
1375 1987 1381 1994 .
1409 1962 1447 1995 In
1460 1962 1614 2007 eligendo
1627 1964 1788 2006 Episcopo
1810 1964 1930 1998 discors
1941 1963 2134 1998 Antifiodo-

1255 2013 1352 2047 tensis
1367 2012 1507 2046 Ecclesia
1521 2014 1638 2047 fecerat
1649 2015 1753 2046 varios
1765 2023 1947 2047 conventus
1960 2037 1971 2054 ,
1998 2014 2054 2046 seu
2074 2013 2136 2047 ses-

1255 2063 1360 2096 fiones
1373 2086 1383 2102 ‚
1418 2063 1614 2106 tandemque
1632 2063 1738 2096 Sancti
1752 2063 1906 2098 Bernardi
1919 2063 2010 2096 suasu
2029 2063 2135 2107 elegit

1256 2113 1438 2156 Hugonem
1464 2114 1594 2146 tertium
1616 2139 1627 2154 ,
1656 2113 1918 2148 pontiniacensis
1938 2111 2134 2147 Monasterii

1257 2161 1422 2195 Abbatcm
1436 2186 1446 2201 ,
1475 2163 1615 2203 primum
1643 2163 1838 2206 Episcopum
1858 2175 1900 2197 ex
1922 2162 2052 2198 Ordine
2076 2162 2135 2195 Ci-

1236 2189 1429 2245 istercieufi.
1459 2210 1584 2247 Verum
1609 2213 1802 2247 Ludovicus
1825 2214 1897 2248 Rex
1922 2212 2036 2250 illum,
2062 2221 2135 2245 tan-

1255 2272 1353 2304 quam
1374 2262 1438 2294 fine
1449 2263 1501 2295 sua
1524 2262 1658 2296 licentia
1680 2263 1818 2297 electum
1832 2287 1842 2302 ‚
1868 2262 2061 2296 confirmare
2073 2273 2134 2296 no-

1257 2313 1319 2345 luit
1332 2336 1342 2352 ,
1368 2311 1456 2354 ajens
1468 2312 1567 2345 toties
1579 2311 1596 2345 a
1609 2313 1639 2346 se
1653 2312 1826 2356 petendam
1842 2313 2009 2347 licentiam
2018 2334 2029 2350 ‚
2053 2322 2135 2354 quo-

1254 2363 1313 2395 ties
1334 2360 1373 2395 ad
1394 2362 1584 2406 eligendum
1605 2362 1766 2396 sederetur
1786 2388 1793 2395 .
1821 2363 1939 2409 vHunc
1965 2362 2068 2407 Regis
2087 2371 2134 2394 er-

1254 2423 1360 2446 rorem
1381 2412 1415 2445 &
1427 2413 1709 2456 praesumptionem
1731 2414 1865 2448 Sanctus
1882 2411 2064 2446 Bernardus
2076 2410 2134 2444 im-

1255 2471 1402 2505 pugnat,
1429 2462 1592 2497 affirmans
1613 2463 1779 2496 &rationi
1802 2459 2074 2495 &consuetudini
2087 2470 2135 2493 re·

1256 2523 1418 2556 pugnare.
1448 2511 1608 2546 Notanda
1626 2521 1736 2546 tamen
1759 2512 1834 2544 sunt
1846 2509 1991 2552 haecejus
2013 2509 2134 2542 verba:

1255 2560 1423 2605 Praesertim
1434 2562 1482 2594 ubi
1494 2563 1577 2594 nulla
1587 2573 1626 2595 ex
1637 2570 1707 2594 tunc
1727 2565 1893 2594 intervenit
1909 2571 1991 2593 nova
2012 2559 2110 2592 eleHio
2122 2584 2131 2592 .

1254 2612 1419 2645 Insinuant
1439 2611 1590 2644 conclusa
1642 2611 1676 2644 ὅτ.
1703 2610 1866 2653 publicata
1884 2609 2045 2644 electione
2064 2620 2133 2643 una.

1255 2673 1320 2694 non
1336 2662 1424 2704 posse
1434 2660 1564 2705 procedi
1590 2659 1630 2694 ad
1642 2660 1764 2699 aliam,
1790 2659 1849 2693 nisi
1869 2659 1911 2694 de
1935 2658 2133 2693 novalicen-

1253 2712 1298 2744 tia
1314 2711 1433 2755 Regis.
1462 2710 1505 2743 Et
1523 2709 1608 2743 certe
1625 2710 1710 2753 apud
1736 2709 1894 2752 Jacobum
1918 2707 2131 2743 Sirmondum

1254 2761 1338 2794 inter
1361 2760 1602 2803 Episcopalium
1625 2760 1872 2802 promotionum
1899 2758 2055 2792 formulas
2074 2769 2132 2792 ex-

1253 2820 1323 2843 tant
1336 2810 1473 2849 litterae,
1499 2810 1618 2852 quibus
1629 2808 1797 2843 Hilduino
1822 2807 1984 2843 Ludovici
2002 2807 2054 2842 Pii
2067 2809 2130 2841 Im-

1253 2860 1409 2902 peratoris
1432 2857 1703 2903 Archicapellano
1724 2860 1918 2893 Senonenfis
1931 2856 2070 2892 Ecclesia
2085 2856 2128 2889 de

1254 2910 1381 2943 indulta
1402 2907 1459 2942 fibi
1483 2909 1620 2943 secunda
1633 2910 1791 2943 electione
1809 2910 1877 2953 agit
1890 2908 2047 2942 solemnes
2059 2917 2128 2950 gra-

1253 2960 1315 2993 tias
1329 2984 1338 2999 ,
1360 2960 1392 2993 &
1403 2958 1467 3000 jam
1479 2960 1579 2993 etiam
1591 2960 1718 2994 tertiam
1731 2959 1786 2993 sibi
1802 2958 1959 3002 supplicat
1969 2966 2129 2999 tanquam

1254 3010 1376 3054 grande
1397 3009 1605 3053 privilegium
1627 3009 1808 3054 indulgeri.
1834 3009 2053 3045 Nempetunc
2067 3006 2128 3049 pti-

1253 3071 1313 3093 mae
1324 3060 1489 3093 electionis
1509 3061 1589 3093 fasta
1603 3071 1655 3103 per
1667 3059 1849 3101 Principem
1871 3056 2002 3089 cassatio
2023 3056 2130 3098 provi-

1255 3109 1354 3143 dendi
1383 3109 1433 3152 jus
1467 3109 1658 3144 devolvebat
1681 3108 1720 3143 ad
1746 3106 1884 3141 eundem
1916 3106 2127 3149 Principem.

1254 3160 1339 3207 Qae
1360 3160 1563 3194 consuetudo
1585 3160 1676 3194 fuiffe
1698 3168 1763 3190 non
1790 3154 1915 3190 videtur
1928 3154 2127 3199 temporibus

1255 3210 1362 3243 Sansti
1376 3209 1530 3244 Bernardi
1545 3234 1552 3241 .

1303 3260 1469 3294 Omnium
1490 3259 1638 3315 peslimus
1664 3256 1699 3288 in
1712 3254 1816 3289 danda
1829 3253 1887 3288 hac
1910 3255 2039 3289 licentia
2050 3254 2128 3288 abu-

1255 3311 1305 3344 sus
1317 3308 1566 3353 fuitdesignatio
1576 3306 1734 3349 personae.
1763 3306 1819 3339 Est
1834 3305 1949 3339 abusus
1970 3305 2125 3347 antiquis-

1254 3360 1378 3393 simus.
1416 3358 1548 3392 Etenim
1572 3366 1627 3398 -per
1638 3355 1753 3389 δαηᾶἰ
1776 3355 1916 3391 Eustatii
1936 3352 2126 3389 Patriarchae

1257 3410 1421 3444 fastiosam
1443 3405 1655 3448 dejectionem
1674 3415 1808 3440 vacante
1834 3401 2044 3438 Antiochena
2068 3405 2127 3439 Ec

1257 3460 1350 3494 clefia
1396 3454 1578 3500 Georgium
1624 3456 1657 3490 ὃ(
1685 3454 1881 3490 Eufroniutn
1913 3454 2093 3498 designavit
2115 3479 2129 3496 ,

2003 3503 2080 3538 alte-
