2352 3736
60 2383 110 2418 ΕΡ,
132 2390 196 2412 122.

602 132 1013 182 REMENSE
1083 130 1124 175 C

1158 127 1644 180 cicestrum

663 260 1341 351 CANON
1453 261 1641 351 VLJ

377 443 414 489 E
447 437 546 504 quis
580 432 853 494 clericorum
886 439 1007 484 arma
1040 425 1253 483 Militaria
1287 426 1493 498 gestaret,
1532 429 1852 486 autMundanae
1878 434 2048 488 militiae

409 507 661 558 deserviret·
710 543 713 545 .

417 632 905 683 Sen0110N.
1118 661 1127 779 1

285 779 368 815 Nter
380 775 516 811 crimina
528 799 539 816 ‚
565 773 610 809 ob
622 783 693 818 quae
704 770 809 806 Graeci
829 767 1032 826 schismatici
1046 767 1107 802 La·
1121 782 1126 828 ς

307 828 410 862 tinam
422 826 596 862 Ecclesiam
616 824 779 860 affirmant
799 821 860 855 este
882 819 1125 863 Apostancam.

1171 624 1348 657 exercitum
1360 625 1412 658 seu
1423 623 1534 668 potius
1553 623 1744 659 latrocinale
1768 637 1884 671 agmen
1904 625 2043 662 ducebat

1171 672 1310 707 Isidorus
1320 672 1508 708 Diaconus.
1537 675 1586 707 lta
1600 674 1634 706 in
1657 672 1776 708 libellis
1796 678 1911 711 Sancto
1934 677 2043 712 Leoni

1173 772 1359 807 testatusest
1372 797 1382 813 ‚
1402 773 1435 806 &
1448 773 1489 808 ad
1509 770 1714 816 probandum
1728 773 1785 808 sub
1795 775 1919 810 talione
1944 778 1975 809 se
1996 776 2046 811 in-

1173 823 1291 866 scripsit
1313 823 1516 867 Sophronius
1538 822 1619 857 civis
1639 823 1884 858 Alexandrinus
1904 849 1911 856 .
1941 825 1984 858 Et
2003 826 2047 860 de

235 877 270 911 &
304 876 621 921 praevaricatricem,
656 873 809 916 antiquus
847 871 881 904 in
918 868 1110 904 Constanti·
1155 867 1356 931 lMarcellQ
1384 872 1577 917 Apameensi
1591 872 2046 918 Episcopo‚secundaeSyriae

232 927 430 971 nopolitano
465 925 600 960 Parrum
631 922 882 958 Praedicatorum
930 919 1108 954 Conventa

230 985 377 1021 repertus
387 978 534 1011 traciatus
544 973 677 1009 adducit
688 973 723 1007 &
736 971 800 1006 hoc
817 985 826 1005 .·
840 971 1007 1005 sacerdotes
1020 972 1107 1005 Prin-

232 1033 311 1070 cipes
323 1039 388 1060 cum
403 1030 505 1060 Laicis
528 1026 570 1058 ad
591 1025 665 1057 bella
682 1021 901 1066 proficiscuntur
914 1026 1048 1063 armati,
1074 1022 1108 1054 (9

235 1083 269 1110 tn
279 1083 343 1110 acie
351 1077 463 1111 bellant
473 1084 544 1110 ante
566 1075 639 1107 alios
662 1077 773 1106 armati
797 1072 1036 1115 progredientes.
1063 1070 1108 1104 Et

226 1126 268 1161 ‘in
281 1127 397 1162 litteris
408 1127 448 1162 ad
463 1127 595 1161 Petrum
609 1120 797 1157 Antiochia
810 1119 1031 1155 patriarcham
1043 1119 1110 1153 Mi-

235 1177 330 1211 chael
355 1175 541 1211 cerularius
564 1171 748 1208 Patriarcha
771 1170 1108 1216 Constantinopolita-

236 1239 300 1261 nus
318 1239 326 1259 t
353 1230 459 1260 Latini
474 1223 613 1267 Episcopi
626 1224 670 1255 ad
676 1221 782 1255 bellum
792 1227 883 1254 ettam
904 1225 1024 1261 euntes,
1049 1231 1110 1252 ma-

240 1288 298 1310 nus
308 1275 382 1320 ficas
390 1274 536 1319 sanguine
546 1278 756 1315 coinquinant,
783 1272 817 1305 &
838 1276 870 1304 ln
890 1268 1040 1312 conspeo‘i'u
1057 1268 1111 1312 suo

239 1332 360 1360 animas
372 1326 506 1359 occidunt
519 1349 531 1366 ‚
557 1322 802 1366 quemadmodum
816 1327 904 1354 etiam
914 1321 934 1352 ῐι
944 1319 1090 1352 nonnullis
1100 1344 1110 1360 ,

238 1381 289 1417 qui
299 1376 349 1409 boc
360 1376 513 1417 affirmant
530 1398 540 1414 ,
550 1379 712 1415 accepimus
725 1397 732 1404 .
747 1369 924 1405 Accusatio
936 1379 1003 1403 erat
1016 1380 1089 1402 vera
1100 1392 1109 1407 ,

237 1427 352 1459 verum
370 1434 464 1468 turpe
485 1424 530 1458 est
552 1422 713 1460 Ductori,
733 1418 811 1453 dum
830 1420 927 1462 culpa
948 1418 1110 1463 redarguit

239 1475 360 1518 ipsum:
388 1472 560 1518 respondet
584 1472 674 1506 enirn
688 1469 809 1505 laudati
823 1470 975 1503 tractatus
987 1470 1112 1502 Auctor

239 1524 431 1569 incognitus
444 1537 454 1556 :
482 1525 650 1555 Graecorum
661 1521 829 1553 Sacerdotes
842 1524 873 1549 in
881 1517 1030 1560 plerisque
1046 1519 1110 1550 locis

241 1579 306 1607 viri
310 1573 492 1617 sanguinum
505 1570 646 1610 existam,
656 1571 690 1603 (5
700 1567 833 1610 inferunt
852 1576 972 1600 mortem
980 1565 1110 1609 sacratis

235 1624 378 1658 manibus
388 1648 397 1663 ‚
426 1622 503 1665 quod
507 1626 637 1662 propriis
649 1619 733 1652 oculis
752 1623 961 1660 Imperatorem
968 1614 1113 1659 sequendo

233 1681 290 1717 per
302 1674 525 1716 cappadociam
540 1694 550 1710 ,
578 1668 793 1712 Persarumque
806 1672 947 1711 Regiones
960 1691 970 1707 ‚
986 1671 1112 1700 intuitus

234 1722 301 1768 fiam
321 1749 329 1756 .
357 1722 413 1756 Est
435 1722 584 1765 peffimus
605 1721 638 1753 &
662 1718 899 1762 antiquissimus
922 1717 1006 1759 apud
1027 1717 1114 1759 ipsos

238 1773 374 1813 abusus,
401 1772 567 1813 nostrique
582 1769 752 1810 Principes
767 1791 777 1807 ,
804 1768 861 1811 qui
885 1766 1066 1809 Episcopos
1079 1766 1111 1799 ὅ(

238 1822 385 1856 Abbates
395 1821 578 1855 adeandem
589 1819 811 1863 ignominiam
830 1825 997 1859 coeperunt
1018 1826 1115 1859 coge-

237 1883 271 1906 re
285 1897 295 1912 ‚
321 1872 473 1906 videntur
485 1869 677 1904 violentiam
689 1867 730 1901 ab
752 1866 824 1910 ipsis
847 1865 1010 1900 didicisse.
1038 1865 1113 1899 Ete-

236 1982 273 2004 ca
285 1969 425 2004 Dioecesi
442 1969 622 2012 Episcopus
632 1992 642 2008 ‚
654 1978 692 2001 ac
705 1965 965 2008 Pentapolitanae
976 1964 1111 1997 Provin-

236 2021 294 2054 ciae
304 2019 583 2063 Metropolitanus
597 2041 607 2057 ‚
634 2015 745 2051 scribit
766 2013 807 2049 ad
828 2015 920 2049 suum
943 2015 1086 2047 Fratrem
1100 2027 1110 2046 .-

238 2072 374 2104 Plurima
386 2070 598 2103 Auxiditarum
609 2065 814 2101 Sacerdotibus
825 2065 901 2097 bona
922 2069 1091 2106 contingant
1101 2089 1109 2103 ,

237 2126 361 2161 quicum
372 2122 479 2153 milites
490 2123 523 2151 in
547 2123 690 2151 montium
701 2113 737 2159 se
757 2114 895 2149 latebras
914 2113 1087 2156 abdidiffent
1100 2138 1108 2152 ,

233 2168 376 2213 suumque
397 2168 452 2212 ipsi
465 2167 637 2211 sanguinem
659 2165 796 2206 custodire
815 2164 950 2203 vellent,
976 2162 1110 2203 rusticam

233 2219 351 2261 plebem
360 2228 551 2252 convocantes
563 2242 572 2258 ,
588 2217 692 2257 statim
712 2215 750 2248 ab
770 2212 837 2257 ipsis
854 2215 948 2246 sacris
969 2213 1051 2246 reela
1067 2214 1111 2245 ad

238 2267 327 2309 hofles
340 2270 490 2302 duxerunt
501 2292 512 2307 ,
531 2265 659 2309 fufisque
669 2266 713 2298 ad
723 2277 789 2298 eum
795 2263 930 2306 precibus
943 2262 1109 2303 trophaeum

236 2322 436 2351 erexeramus
457 2315 650 2357 Myrfinmde.
676 2315 794 2348 Tanto
818 2324 955 2347 numero
976 2312 1010 2345 in
1031 2311 1109 2345 Pro-

237 2367 383 2401 vinciam
395 2367 574 2409 irruperant
586 2364 738 2404 Barbari,
766 2372 802 2396 ut
817 2363 968 2395 Romana
991 2361 1107 2396 militia

237 2418 302 2461 sel}
314 2418 346 2450 in
361 2419 474 2462 fugam
487 2415 576 2450 darer
585 2439 594 2455 ,
623 2414 763 2454 ideoque
775 2413 924 2455 synesius
936 2411 1108 2446 bellicosos

237 2466 425 2501 Sacerdotes
437 2465 545 2499 laudat
556 2489 566 2505 ,
588 2465 622 2498 &
635 2464 741 2507 pergit
751 2462 792 2497 de
804 2462 923 2496 Fausto
934 2463 1087 2496 Diacono
1100 2475 1106 2495 :

238 2522 294 2550 Hic
304 2518 352 2550 ille
363 2516 422 2558 est,
443 2522 492 2557 qui
506 2517 651 2555 Princeps
672 2522 824 2546 armatum
843 2514 967 2545 militem
988 2517 1107 2545 inermIs

236 2572 373 2609 excepit,
398 2576 483 2608 quem
503 2570 632 2598 cominus
658 2564 759 2604 lapide
776 2567 901 2603 tempori
917 2559 988 2604 illiso
1001 2561 1108 2602 feriit,

240 2627 296 2648 non
306 2626 337 2650 ut
349 2628 414 2649 eum
420 2618 533 2658 jaceret
543 2640 552 2655 ,
576 2612 633 2658 sed
643 2621 674 2647 ut
684 2612 767 2654 quafi
771 2617 879 2655 pugnis
889 2611 1000 2653 infestis
1023 2611 1104 2654 infili-

240 2674 304 2697 ret.
332 2665 417 2699 Eum
429 2664 563 2699 mirifice
586 2663 733 2698 extollit.
761 2662 805 2695 Et
822 2662 863 2695 de
884 2661 1025 2695 Eusebio
1050 2661 1108 2695 Ni·

241 2714 434 2748 comediensi
458 2716 621 2757 Episcopo
646 2738 656 2754 ,
683 2711 846 2755 Bithyniae
870 2711 1105 2755 Metropolim,

240 2775 278 2797 ac
300 2763 503 2807 postmodum
528 2764 783 2806 Archiepiscopo
802 2761 1107 2805 Constantinopoli-

240 2874 311 2896 cam
337 2862 516 2896 Historiam
539 2861 735 2895 exstantibus
760 2861 870 2895 scribit
904 2862 938 2895 &
964 2862 1107 2904 queritur

242 2912 479 2946 Constantinus
491 2910 632 2954 Magnus
643 2925 653 2943 .-
679 2911 838 2952 ministerio
859 2913 950 2953 prope
960 2912 1083 2944 militari
1095 2936 1104 2951 ,

1122 850 1126 874 ι

237 1923 308 1955 nim
317 1922 451 1955 Sanetus
463 1919 612 1962 Synefius
622 1942 632 1958 ‚
658 1915 875 1951 ptolomaidis
886 1915 919 1948 in
934 1914 1098 1958 AEgypa

1174 923 1389 967 Metropolita
1402 948 1412 964 ,
1438 925 1472 958 ὃς
1483 924 1651 959 civitatum
1663 924 1696 958 ὅ(
1709 934 1861 970 agrorum
1881 936 1936 968 per
1955 925 2047 958 suam

1174 972 1385 1008 Provinciam
1405 973 1480 1008 fana
1501 985 1538 1008 ac
1562 974 1650 1008 idola
1670 973 1867 1009 destrusturo
1890 999 1901 1014 ,
1938 974 2047 1008 scribit

1175 1023 1327 1058 Hermias
1337 1025 1567 1058 Zozomenus:
1596 1024 1863 1066 Certiorfac‘lustn
1876 1026 2008 1064 Aulvne,
2020 1030 2046 1056 is
2068 1011 2130 1043 Lib·
2153 1021 2181 1047 ⁷·
2201 1015 2231 1046 εὖ

1175 1072 1212 1112 est
1224 1073 1338 1107 traaas
1349 1077 1544 1116 apameorum
1558 1077 1727 1108 Provinciae
1738 1100 1748 1116 ,
1764 1077 1905 1116 templum
1925 1075 1976 1118 effe
1985 1086 2048 1107 am·
2074 1064 2084 1083 ¹
2110 1074 2117 1081 '

1171 1125 1323 1165 pliffimum
1336 1149 1346 1165 ‚
1372 1124 1513 1157 militibus
1529 1125 1639 1165 aliquot
1650 1124 1804 1166 assumptis
1826 1136 1864 1158 ex
1871 1126 2049 1168 gladiatori·

1177 1174 1230 1206 bus
1253 1196 1264 1214 ,
1290 1172 1434 1217 adversus
1459 1175 1537 1207 illud
1556 1174 1767 1208 contendebat.
1795 1178 1928 1207 cuicum
1944 1181 2051 1215 appro-

1172 1223 1362 1267 pinquaffet‚
1382 1233 1472 1257 extra
1480 1225 1600 1257 telorum
1606 1224 1722 1264 jadeum
1732 1223 1794 1267 ipse
1815 1223 1938 1266 restitit:
1967 1227 2052 1256 Erat

1176 1279 1255 1306 enim
1260 1273 1386 1316 pedibus
1398 1273 1503 1307 debilis
1518 1297 1528 1313 ,
1554 1275 1588 1307 ὁ·
1602 1280 1692 1316 neque
1710 1283 1867 1319 pugnare,
1894 1284 1985 1316 neque
2005 1273 2055 1306 bo-

1171 1321 1244 1361 stem
1255 1325 1305 1356 vel
1307 1322 1418 1367 fugare
1428 1325 1477 1357 vel
1479 1322 1586 1367 fugere
1594 1331 1724 1364 poterat.
1757 1323 1921 1367 Alioquin
1946 1323 2054 1356 omni-

1179 1372 1222 1405 no
1243 1374 1413 1418 pugnassct
1439 1399 1446 1405 .
1471 1373 1541 1407 Hic
1559 1373 1605 1407 est
1624 1373 1683 1407 ille
1701 1373 1897 1412 Marcellus,
1923 1372 1964 1407 de
1985 1383 2055 1415 quo

1178 1421 1368 1457 Romanum
1384 1421 1671 1466 Martyrologium
1681 1423 1721 1456 ad
1730 1432 1878 1466 quartam
1888 1422 2053 1457 decimam

1176 1471 1265 1505 diem
1287 1470 1449 1515 Augusti:
1477 1474 1616 1513 Apamea·
1637 1477 1669 1503 in
1694 1474 1774 1508 syria
1797 1471 1899 1504 §ands
1920 1473 2055 1505 Marcelli

1176 1519 1317 1563 Episcopi
1329 1523 1364 1554 cb·
1375 1524 1515 1558 Martyris
1526 1545 1536 1561 ‚
1547 1527 1599 1561 qut·
1609 1532 1673 1553 cum
1678 1524 1710 1565 J
1711 1521 1776 1554 ova's
1787 1520 1943 1555 delubrum
1955 1519 2059 1564 diruis?-

1171 1569 1218 1613 set
1239 1595 1250 1610 ‚
1289 1572 1309 1602 ἃ
1327 1569 1501 1612 furentibus
1524 1570 1685 1612 gentilibus
1713 1569 1816 1614 occifics
1835 1570 1875 1612 est
1897 1596 1905 1604 .
1934 1571 2059 1614 Jupiter

1176 1621 1386 1663 Apameenfis
1420 1630 1489 1655 erat
1526 1620 1628 1666 longe
1654 1620 1895 1662 famofiffimus,
1919 1620 2060 1664 ideoque

1176 1670 1326 1703 Gentiles
1345 1670 1413 1713 ejus
1433 1671 1548 1704 fanum
1567 1670 1602 1703 δε
1622 1669 1752 1705 idolum
1773 1670 1874 1705 everti
1899 1682 1969 1705 non
1987 1669 2062 1706 sub-

1175 1720 1359 1754 stinuerunt
1376 1745 1383 1751 .
1423 1719 1578 1754 Marcelli
1598 1721 1678 1754 item
1700 1721 1919 1755 Successorem
1940 1745 1953 1761 ,
2001 1720 2060 1762 qui

1157 1749 1334 1824 JLongino
1349 1770 1516 1812 Tyranno
1526 1767 1656 1805 adhaefit
1672 1769 1823 1804 adversus
1848 1769 2060 1805 Anastafium

1157 1829 1161 1845 0
1174 1818 1407 1862 Imperatorem
1419 1842 1429 1858 ,
1439 1819 1592 1853 militasse
1604 1819 1725 1862 scribit,
1735 1831 1774 1854 ac
1784 1821 1929 1865 graviter
1940 1820 2061 1864 impro-

1157 1862 1159 1871 ⁴
1174 1867 1230 1903 bat
1246 1867 1453 1912 Nicephorus
1469 1869 1639 1904 Calixtus.

1156 1919 1160 1948 ὶ,
1224 1918 1436 1961 Theophilus
1460 1919 1669 1954 Alexandriae
1691 1919 1880 1956 patriarcha
1914 1920 2059 1957 civitatis

1157 2010 1159 2016 4
1175 1967 1356 2001 Provinciae
1368 1969 1427 2002 suae
1439 1969 1619 2012 temporale
1627 1969 1816 2005 dominium
1827 1971 1928 2015 coepit
1936 1973 2060 2007 affecta-

1157 2028 1208 2054 jre
1222 2042 1232 2058 ,
1259 2017 1388 2061 ejusque
1409 2020 1610 2053 Successores
1627 2044 1638 2060 ,
1664 2020 1829 2064 fignanter
1851 2022 2059 2063 Dioscorus,

1156 2060 1316 2126 {omnino
1339 2068 1544 2102 invaserunt.
1571 2068 1665 2103 Hinc
1685 2068 1870 2105 habuerunt
1891 2079 2055 2105 armatum

1155 2118 1353 2172 lexercitum
1378 2142 1384 2149 .
1424 2118 1544 2163 Longe
1564 2119 1658 2153 aliter
1678 2118 1835 2153 Pontifex
1856 2120 2053 2155 Romanus.

1175 2166 1278 2214 Qod
1290 2167 1380 2200 enim
1393 2167 1605 2201 Constantini
1618 2166 1757 2202 donatio
1769 2179 1837 2202 non
1858 2169 1897 2203 fit
1917 2169 2028 2204 fabula
2039 2194 2053 2211 ‚

1174 2215 1319 2260 adeoque
1332 2217 1430 2250 ille&
1441 2217 1600 2251 Romanae
1614 2216 1745 2252 urbis&
1762 2218 1871 2253 multat
1897 2219 1933 2253 in
1953 2220 2051 2254 Italia

1174 2266 1336 2310 Regionis
1354 2266 1449 2300 fuerit
1473 2266 1627 2310 Princeps
1652 2268 1687 2302 &
1707 2268 1878 2302 Dominus
1905 2294 1917 2310 ,
1953 2271 2051 2312 poffit

1172 2315 1268 2350 facile
1277 2316 1405 2350 ostendi
1417 2341 1423 2347 .
1436 2316 1550 2351 Multo
1561 2325 1669 2351 tamen
1678 2327 1824 2361 tempore
1834 2330 1894 2352 nec
1907 2319 2048 2355 militem

1175 2364 1300 2406 habuit,
1312 2376 1370 2399 nec
1382 2364 1495 2410 gladio
1505 2367 1549 2401 est
1561 2368 1642 2401 usus.
1670 2368 1775 2403 Lucet
1785 2379 1825 2402 ex
1836 2368 1958 2413 Magni
1969 2371 2049 2404 Gre⁴

1175 2415 1260 2460 gorii
1287 2415 1435 2451 adversus
1463 2416 1651 2450 Maximum
1675 2418 1803 2452 Salonae
1823 2419 1857 2452 in
1875 2418 2046 2454 Dalmatia

1174 2464 1467 2510 Archiepiscopum
1494 2467 1682 2510 Apologia.
1712 2468 1888 2503 Malchum
1910 2468 2047 2504 Dalma-

1172 2517 1224 2549 tiae
1245 2516 1443 2559 Episcopum
1457 2540 1467 2556 ‚
1494 2516 1665 2551 Romania
1688 2517 1854 2561 Gregorio
1872 2528 2046 2554 evocatum

1171 2567 1204 2600 &
1227 2565 1368 2609 quadam
1391 2566 1677 2600 noneextinstum
1697 2567 1807 2601 subito
1825 2593 1836 2608 ‚
1862 2568 1904 2603 ab
1925 2569 2044 2604 eodem

1172 2666 1309 2710 vulgus,
1334 2667 1368 2699 δε
1387 2666 1427 2700 ad
1449 2666 1646 2700 Mauritium
1667 2665 1853 2712 Augustum
1879 2669 2043 2713 pervenire

1170 2716 1268 2755 fecit,
1296 2715 1864 2760 fuisseinPapalicarcereoccisum.
1895 2719 1989 2751 Hinc
2000 2718 2042 2752 ad

1172 2767 1263 2798 suum
1285 2765 1475 2798 Diaconum
1498 2789 1509 2806 ‚
1535 2766 1620 2799 &in
1648 2767 1752 2811 Regia
1774 2767 1854 2802 urbe
1872 2768 2043 2810 Apocrisa-

1171 2815 1253 2848 rium
1265 2814 1478 2849 Sabinianum
1500 2816 1619 2857 scripsit
1642 2817 1837 2861 Gregorius:
1864 2821 1911 2850 De
1929 2829 1988 2859 qua
2009 2827 2042 2850 re

1170 2877 1261 2898 unum
1282 2864 1319 2905 est
1342 2866 1420 2907 quod
1438 2865 1568 2898 breviter
1585 2865 1725 2910 suggeras
1744 2866 1924 2910 serenissimis
1939 2871 2038 2899 Domi-

1171 2915 1217 2947 nls
1238 2914 1362 2955 nostris,
1388 2919 1459 2957 quia
1473 2914 1504 2956 fi
1520 2926 1568 2959 ego
1586 2915 1693 2959 servus
1712 2928 1809 2950 eorum
1819 2923 1851 2948 in
1861 2927 1952 2950 morte
1963 2919 2040 2948 Lon-

1173 722 1328 756 Pontifici
1355 724 1389 757 &
1414 722 1677 758 Chalcedonensi
1706 724 1862 758 Concilio
1890 726 2044 761 exhibitis
2068 745 2135 777 Ast.
2163 749 2195 782 33

2080 1857 2141 1890 Lib.
2166 1870 2177 1891 1
2184 1862 2210 1889 6.

240 2974 296 3003 quo
324 2966 434 2994 Licinio
468 2963 599 2999 Tyranno
617 2968 697 3000 opem
716 2961 831 3001 ferret,
853 2960 1029 3003 perfunHus
1047 2961 1102 3001 est.

243 3012 353 3045 Etiam
374 3012 508 3045 Sanctus
530 3009 675 3052 Cyrillus
696 3009 901 3044 Alexandriae
921 3010 1104 3045 Patriarcha

241 3070 365 3094 armato
387 3060 491 3094 milite
509 3083 518 3097 ‚
545 3059 591 3092 uti
612 3058 721 3092 scribit
745 3059 910 3100 Socrates,
938 3060 955 3092 ὲ
979 3061 1031 3094 sua
1054 3060 1108 3094 Ci-

242 3111 345 3143 vitate
364 3110 455 3152 ejecit
479 3110 621 3154 Judaeos.
649 3108 730 3140 Non
755 3107 942 3152 Augustalis
962 3110 1104 3143 Praefeffi

241 3160 350 3193 milite
362 3184 371 3199 ‚
383 3160 434 3192 sed
447 3160 502 3192 suo
514 3184 521 3190 .
550 3158 626 3201 Ejus
638 3158 791 3191 successor
802 3158 980 3192 Dioscorus
990 3161 1106 3192 exerci-

240 3219 312 3244 tum
326 3208 437 3242 habuit
447 3207 528 3242 adeo
539 3209 705 3252 copiosum
714 3232 724 3248 ‚
734 3218 769 3240 ut
783 3206 1107 3251 Augustarumetiam

242 3259 474 3294 sententiarum
497 3258 665 3301 impediret
686 3258 911 3291 executionem
930 3279 940 3294 ,
976 3256 1109 3292 Provin-

241 3311 327 3345 ciam
337 3308 398 3342 esse
408 3306 511 3352 tnagis
521 3308 608 3341 suam
617 3318 715 3350 quam
727 3308 958 3348 Imperatorum
969 3307 1086 3341 diceret
1096 3333 1106 3348 ,

243 3360 277 3393 ἀ
303 3359 380 3393 novi
403 3357 565 3399 Principis
585 3380 596 3396 ,
629 3357 742 3400 utique
764 3357 920 3390 Martiani
945 3356 1107 3400 Augusti,

243 3409 336 3444 Sacra
352 3409 508 3442 Laureata
520 3405 693 3449 expelleret
714 3407 754 3440 de
775 3407 928 3447 civitate,
956 3407 989 3441 &
1011 3406 1104 3441 istum

341 3457 536 3500 shristLupi.
548 3459 762 3500 Oper.Tom.IV.

1165 2965 1359 3009 gobardorum
1377 2977 1423 2998 me
1442 2963 1560 3007 miscere
1578 2965 1721 3009 voluiffem
1742 2991 1752 3006 ‚
1780 2965 2040 3009 Langobardorum

1165 3025 1242 3058 gens
1260 3026 1310 3047 nec
1331 3019 1457 3058 Regem,
1485 3026 1537 3048 nec
1557 3017 1671 3055 Duces,
1699 3027 1749 3050 nec
1757 3015 2036 3056 Comiteshaberet,

1171 3074 1258 3105 atque
1282 3070 1313 3095 tn
1333 3062 1450 3105 summa
1475 3064 1629 3106 confitfione
1653 3066 1718 3106 esset
1738 3063 1840 3107 divisa
1865 3091 1872 3099 .
1912 3064 2038 3100 Verum

1170 3114 1257 3146 uncle
1271 3113 1433 3155 Gregorio
1447 3123 1535 3146 tanta
1548 3114 1716 3156 potentia?
1743 3113 1846 3160 Quod
1856 3113 1988 3149 &urbis
2003 3116 2037 3149 δε

1170 3161 1547 3207 magnicircumjacentis
1559 3162 1709 3198 territorii
1722 3162 1851 3198 haberet
1872 3163 2039 3209 Principa-
2059 3157 2116 3206 Ῑςῖῑῗ·
2140 3168 2168 3193 '-

1171 3224 1258 3246 tum.
1289 3212 1330 3244 Et
1352 3212 1406 3251 qui
1429 3221 1487 3255 pro
1511 3221 1602 3246 tanta
1620 3215 1712 3247 causa
1736 3213 1878 3249 militem
1903 3225 1958 3249 aut
1970 3215 2038 3260 gla·
2058 3197 2140 3236 ¹²9¹st‘
2167 3210 2189 3229 ¹·

1169 3261 1260 3296 dium
1280 3262 1434 3295 assumere
1451 3260 1557 3295 noluit
1570 3285 1580 3301 ,
1606 3262 1625 3295 ὲ
1643 3262 1756 3298 dolosa
1776 3264 1930 3308 Episcopi
1951 3265 2036 3300 caedc

1171 3314 1306 3344 affirmat
1343 3312 1374 3343 se
1401 3320 1545 3353 patenter
1564 3312 1724 3348 alienum.
1755 3313 1797 3347 Et
1820 3313 1859 3348 ad
1886 3315 2035 3350 Leonem

1170 3363 1310 3394 isaurum
1331 3360 1559 3402 Imperatorem
1584 3362 1700 3406 scripsit
1722 3363 1902 3408 Gregorius
1924 3366 2036 3399 secun-

1170 3412 1228 3444 dus
1242 3423 1248 3442 :
1269 3408 1453 3453 Persequeris
1464 3421 1514 3443 nos
1528 3423 1561 3445 σι·
1572 3414 1718 3451 tyrannice
1729 3425 1827 3449 vexas
1838 3416 1961 3449 militari
1970 3423 2033 3446 car-

1610 3462 1722 3501 Υ»

69 3074 130 3102 (ἂρ.
153 3074 196 3091 Ζυ-

78 3180 132 3213 lib.
151 3194 174 3218 7.
195 3192 220 3213 c.

242 2823 344 2853 rano,
381 2814 413 2845 in
440 2813 551 2845 litteris
576 2816 658 2855 apud
679 2810 887 2846 Theodorezi
911 2811 1107 2846 Ecclesiasti-

77 3234 116 3260 ¹3·
1118 2797 1127 3367 ἱ

1154 2347 1157 2362 Ι

1150 2614 1335 3055 ἱΡοηῑὶἕὶσε
1355 2616 1660 2651 excommunicatus
1683 2616 1856 2652 Maximus
1875 2619 1986 2663 sparsit
2006 2618 2042 2653 in

1915 3462 1991 3495 nali-
