<?xml version="1.0" encoding="UTF-8"?>
<!DOCTYPE html PUBLIC "-//W3C//DTD XHTML 1.0 Transitional//EN"
    "http://www.w3.org/TR/xhtml1/DTD/xhtml1-transitional.dtd">
<html xmlns="http://www.w3.org/1999/xhtml" xml:lang="en" lang="en">
 <head>
  <title>
</title>
<meta http-equiv="Content-Type" content="text/html;charset=utf-8" />
  <meta name='ocr-system' content='tesseract 3.04.00' />
  <meta name='ocr-capabilities' content='ocr_page ocr_carea ocr_par ocr_line ocrx_word'/>
</head>
<body>
  <div class='ocr_page' id='page_1' title='image "./operaomniastudio04lupuuoft/operaomniastudio04lupuuoft_0441.png"; bbox 0 0 2352 3736; ppageno 0'>
   <div class='ocr_carea' id='block_1_1' title="bbox 498 122 1094 172">
    <p class='ocr_par' dir='ltr' id='par_1_1' title="bbox 498 122 1094 172">
     <span class='ocr_line' id='line_1_1' title="bbox 498 122 1094 172; baseline -0.002 -4"><span class='ocrx_word' id='word_1_1' title='bbox 498 138 585 168; x_wconf 71' lang='lat' dir='ltr'>De</span> <span class='ocrx_word' id='word_1_2' title='bbox 655 124 694 167; x_wconf 91' lang='lat' dir='ltr'>S.</span> <span class='ocrx_word' id='word_1_3' title='bbox 766 122 1094 172; x_wconf 69' lang='lat' dir='ltr'>Leouts</span> 
     </span>
    </p>
   </div>
   <div class='ocr_carea' id='block_1_2' title="bbox 223 205 1124 3429">
    <p class='ocr_par' dir='ltr' id='par_1_2' title="bbox 227 205 1121 1298">
     <span class='ocr_line' id='line_1_2' title="bbox 232 205 1116 251; baseline -0.01 -6"><span class='ocrx_word' id='word_1_4' title='bbox 232 218 382 245; x_wconf 81' lang='lat' dir='ltr'>monemus</span> <span class='ocrx_word' id='word_1_5' title='bbox 395 231 406 247; x_wconf 89' lang='lat'><strong>,</strong></span> <span class='ocrx_word' id='word_1_6' title='bbox 435 218 493 240; x_wconf 87' lang='lat' dir='ltr'>non</span> <span class='ocrx_word' id='word_1_7' title='bbox 506 208 674 251; x_wconf 68' lang='lat' dir='ltr'>tuaegloriae</span> <span class='ocrx_word' id='word_1_8' title='bbox 685 206 773 250; x_wconf 86' lang='lat' dir='ltr'>causa</span> <span class='ocrx_word' id='word_1_9' title='bbox 784 231 794 246; x_wconf 91' lang='lat'><strong>,</strong></span> <span class='ocrx_word' id='word_1_10' title='bbox 815 205 875 249; x_wconf 85' lang='lat' dir='ltr'>sed</span> <span class='ocrx_word' id='word_1_11' title='bbox 877 213 934 247; x_wconf 86' lang='lat' dir='ltr'>pro</span> <span class='ocrx_word' id='word_1_12' title='bbox 943 206 1024 238; x_wconf 79' lang='lat' dir='ltr'>Sedis</span> <span class='ocrx_word' id='word_1_13' title='bbox 1039 229 1050 244; x_wconf 92' lang='lat'>,</span> <span class='ocrx_word' id='word_1_14' title='bbox 1071 211 1116 237; x_wconf 86' lang='lat' dir='ltr'>cui</span> 
     </span>
     <span class='ocr_line' id='line_1_3' title="bbox 231 255 1116 303; baseline -0.007 -10"><span class='ocrx_word' id='word_1_15' title='bbox 231 261 280 295; x_wconf 77' lang='lat' dir='ltr'>ad</span> <span class='ocrx_word' id='word_1_16' title='bbox 288 267 404 300; x_wconf 85' lang='lat' dir='ltr'>tempus</span> <span class='ocrx_word' id='word_1_17' title='bbox 411 256 551 303; x_wconf 74' lang='lat' dir='ltr'>praefides</span> <span class='ocrx_word' id='word_1_18' title='bbox 564 281 575 297; x_wconf 90' lang='lat'>,</span> <span class='ocrx_word' id='word_1_19' title='bbox 600 263 726 299; x_wconf 79' lang='lat' dir='ltr'>antiqua</span> <span class='ocrx_word' id='word_1_20' title='bbox 738 255 959 297; x_wconf 81' lang='lat' dir='ltr'>honorificentia</span> <span class='ocrx_word' id='word_1_21' title='bbox 967 280 974 287; x_wconf 93' lang='lat'><strong>.</strong></span> <span class='ocrx_word' id='word_1_22' title='bbox 996 260 1062 288; x_wconf 86' lang='lat' dir='ltr'>Nec</span> <span class='ocrx_word' id='word_1_23' title='bbox 1073 266 1116 288; x_wconf 82' lang='lat' dir='ltr'>re-</span> 
     </span>
     <span class='ocr_line' id='line_1_4' title="bbox 233 302 1116 348; baseline -0.007 -5"><span class='ocrx_word' id='word_1_24' title='bbox 233 314 349 343; x_wconf 79' lang='lat' dir='ltr'>voceris</span> <span class='ocrx_word' id='word_1_25' title='bbox 358 308 397 344; x_wconf 83' lang='lat' dir='ltr'>ab</span> <span class='ocrx_word' id='word_1_26' title='bbox 409 307 464 345; x_wconf 83' lang='lat' dir='ltr'>bac</span> <span class='ocrx_word' id='word_1_27' title='bbox 484 313 645 345; x_wconf 75' lang='lat' dir='ltr'>intentione</span> <span class='ocrx_word' id='word_1_28' title='bbox 670 302 826 348; x_wconf 75' lang='lat' dir='ltr'>cujuslibet</span> <span class='ocrx_word' id='word_1_29' title='bbox 837 313 950 348; x_wconf 86' lang='lat' dir='ltr'>pompa</span> <span class='ocrx_word' id='word_1_30' title='bbox 968 307 1020 345; x_wconf 84' lang='lat' dir='ltr'>vel</span> <span class='ocrx_word' id='word_1_31' title='bbox 1036 316 1116 338; x_wconf 84' lang='lat' dir='ltr'>arro-</span> 
     </span>
     <span class='ocr_line' id='line_1_5' title="bbox 227 354 1117 403; baseline -0.002 -13"><span class='ocrx_word' id='word_1_32' title='bbox 227 364 338 403; x_wconf 75' lang='lat' dir='ltr'>gantia</span> <span class='ocrx_word' id='word_1_33' title='bbox 351 383 361 398; x_wconf 87' lang='lat'>‚</span> <span class='ocrx_word' id='word_1_34' title='bbox 387 364 459 400; x_wconf 87' lang='lat' dir='ltr'>quin</span> <span class='ocrx_word' id='word_1_35' title='bbox 484 357 645 398; x_wconf 80' lang='lat' dir='ltr'>constanter</span> <span class='ocrx_word' id='word_1_36' title='bbox 666 357 811 399; x_wconf 68' lang='lat' dir='ltr'>defendas</span> <span class='ocrx_word' id='word_1_37' title='bbox 833 354 971 388; x_wconf 85' lang='lat' dir='ltr'>honorem</span> <span class='ocrx_word' id='word_1_38' title='bbox 985 380 995 395; x_wconf 95' lang='lat'>,</span> <span class='ocrx_word' id='word_1_39' title='bbox 1032 365 1117 397; x_wconf 79' lang='lat' dir='ltr'>quem</span> 
     </span>
     <span class='ocr_line' id='line_1_6' title="bbox 234 406 1119 451; baseline -0.007 -8"><span class='ocrx_word' id='word_1_40' title='bbox 234 408 421 446; x_wconf 79' lang='lat' dir='ltr'>Antiochenae</span> <span class='ocrx_word' id='word_1_41' title='bbox 435 406 566 449; x_wconf 60' lang='lat' dir='ltr'>Ecclesia</span> <span class='ocrx_word' id='word_1_42' title='bbox 576 408 757 451; x_wconf 83' lang='lat' dir='ltr'>reliquerunt</span> <span class='ocrx_word' id='word_1_43' title='bbox 769 412 870 439; x_wconf 83' lang='lat' dir='ltr'>omnia</span> <span class='ocrx_word' id='word_1_44' title='bbox 875 406 1047 439; x_wconf 61' lang='lat' dir='ltr'>Sandorum</span> <span class='ocrx_word' id='word_1_45' title='bbox 1057 406 1119 444; x_wconf 79' lang='lat' dir='ltr'>Pa-</span> 
     </span>
     <span class='ocr_line' id='line_1_7' title="bbox 233 455 1119 501; baseline -0.005 -10"><span class='ocrx_word' id='word_1_46' title='bbox 233 467 315 491; x_wconf 71' lang='lat' dir='ltr'>trum</span> <span class='ocrx_word' id='word_1_47' title='bbox 330 459 480 497; x_wconf 76' lang='lat' dir='ltr'>Concilia.</span> <span class='ocrx_word' id='word_1_48' title='bbox 509 458 556 490; x_wconf 82' lang='lat' dir='ltr'>Ad</span> <span class='ocrx_word' id='word_1_49' title='bbox 563 460 642 500; x_wconf 89' lang='lat' dir='ltr'>quod</span> <span class='ocrx_word' id='word_1_50' title='bbox 651 464 751 499; x_wconf 86' lang='lat' dir='ltr'>utique</span> <span class='ocrx_word' id='word_1_51' title='bbox 762 481 773 497; x_wconf 86' lang='lat'><em>,</em></span> <span class='ocrx_word' id='word_1_52' title='bbox 794 455 825 501; x_wconf 83' lang='lat' dir='ltr'><em>fi</em></span> <span class='ocrx_word' id='word_1_53' title='bbox 830 460 986 498; x_wconf 80' lang='lat' dir='ltr'>oportuerit</span> <span class='ocrx_word' id='word_1_54' title='bbox 997 480 1008 496; x_wconf 89' lang='lat'><em>,</em></span> <span class='ocrx_word' id='word_1_55' title='bbox 1022 459 1119 488; x_wconf 81' lang='lat' dir='ltr'>maxi-</span> 
     </span>
     <span class='ocr_line' id='line_1_8' title="bbox 234 506 1118 551; baseline -0.008 -9"><span class='ocrx_word' id='word_1_56' title='bbox 234 520 285 542; x_wconf 84' lang='lat' dir='ltr'>ma</span> <span class='ocrx_word' id='word_1_57' title='bbox 298 511 397 547; x_wconf 79' lang='lat' dir='ltr'>Mater</span> <span class='ocrx_word' id='word_1_58' title='bbox 411 532 421 549; x_wconf 93' lang='lat'>‚</span> <span class='ocrx_word' id='word_1_59' title='bbox 447 511 582 540; x_wconf 85' lang='lat' dir='ltr'>Romana</span> <span class='ocrx_word' id='word_1_60' title='bbox 587 506 696 551; x_wconf 86' lang='lat' dir='ltr'>scilicet</span> <span class='ocrx_word' id='word_1_61' title='bbox 707 515 795 549; x_wconf 83' lang='lat' dir='ltr'>atque</span> <span class='ocrx_word' id='word_1_62' title='bbox 804 512 906 548; x_wconf 85' lang='lat' dir='ltr'>prima</span> <span class='ocrx_word' id='word_1_63' title='bbox 913 507 1001 539; x_wconf 82' lang='lat' dir='ltr'>sedes</span> <span class='ocrx_word' id='word_1_64' title='bbox 1017 529 1028 544; x_wconf 93' lang='lat'>‚</span> <span class='ocrx_word' id='word_1_65' title='bbox 1053 513 1118 536; x_wconf 84' lang='lat' dir='ltr'>tam</span> 
     </span>
     <span class='ocr_line' id='line_1_9' title="bbox 233 554 1118 600; baseline -0.007 -8"><span class='ocrx_word' id='word_1_66' title='bbox 233 557 411 600; x_wconf 66' lang='lat' dir='ltr'>dileaefiaefibi</span> <span class='ocrx_word' id='word_1_67' title='bbox 417 557 506 600; x_wconf 76' lang='lat' dir='ltr'>filiae,</span> <span class='ocrx_word' id='word_1_68' title='bbox 530 561 587 590; x_wconf 75' lang='lat' dir='ltr'>imo</span> <span class='ocrx_word' id='word_1_69' title='bbox 597 556 730 600; x_wconf 82' lang='lat' dir='ltr'>cons&#39;ociae</span> <span class='ocrx_word' id='word_1_70' title='bbox 741 581 752 598; x_wconf 90' lang='lat'>,</span> <span class='ocrx_word' id='word_1_71' title='bbox 764 554 905 600; x_wconf 86' lang='lat' dir='ltr'><em>nusquam</em></span> <span class='ocrx_word' id='word_1_72' title='bbox 917 557 951 590; x_wconf 65' lang='lat'>(5</span> <span class='ocrx_word' id='word_1_73' title='bbox 963 565 1118 596; x_wconf 86' lang='lat' dir='ltr'>nunquam</span> 
     </span>
     <span class='ocr_line' id='line_1_10' title="bbox 233 605 1119 651; baseline -0.009 -9"><span class='ocrx_word' id='word_1_74' title='bbox 233 609 342 642; x_wconf 83' lang='lat' dir='ltr'>deerit.</span> <span class='ocrx_word' id='word_1_75' title='bbox 371 609 466 651; x_wconf 78' lang='lat' dir='ltr'>‚Quod</span> <span class='ocrx_word' id='word_1_76' title='bbox 472 609 535 641; x_wconf 84' lang='lat' dir='ltr'>ideo</span> <span class='ocrx_word' id='word_1_77' title='bbox 551 610 673 640; x_wconf 79' lang='lat' dir='ltr'><em>dicimus</em></span> <span class='ocrx_word' id='word_1_78' title='bbox 685 630 696 647; x_wconf 89' lang='lat'><em>,</em></span> <span class='ocrx_word' id='word_1_79' title='bbox 722 611 792 650; x_wconf 91' lang='lat' dir='ltr'>quia</span> <span class='ocrx_word' id='word_1_80' title='bbox 805 605 945 649; x_wconf 84' lang='lat' dir='ltr'>quosdam</span> <span class='ocrx_word' id='word_1_81' title='bbox 954 608 1054 643; x_wconf 84' lang='lat' dir='ltr'>conari</span> <span class='ocrx_word' id='word_1_82' title='bbox 1065 608 1119 635; x_wconf 87' lang='lat' dir='ltr'>mi-</span> 
     </span>
     <span class='ocr_line' id='line_1_11' title="bbox 234 652 1116 701; baseline -0.008 -10"><span class='ocrx_word' id='word_1_83' title='bbox 234 669 325 694; x_wconf 83' lang='lat' dir='ltr'>nuere</span> <span class='ocrx_word' id='word_1_84' title='bbox 335 665 492 700; x_wconf 81' lang='lat' dir='ltr'>antiquam</span> <span class='ocrx_word' id='word_1_85' title='bbox 503 658 681 701; x_wconf 73' lang='lat' dir='ltr'>dignitatem</span> <span class='ocrx_word' id='word_1_86' title='bbox 696 655 882 690; x_wconf 78' lang='lat' dir='ltr'>Antiochenae</span> <span class='ocrx_word' id='word_1_87' title='bbox 891 652 1023 695; x_wconf 76' lang='lat' dir='ltr'>Ecclefiae</span> <span class='ocrx_word' id='word_1_88' title='bbox 1034 653 1116 685; x_wconf 80' lang='lat' dir='ltr'>audi·</span> 
     </span>
     <span class='ocr_line' id='line_1_12' title="bbox 235 706 1118 746; baseline -0.005 -5"><span class='ocrx_word' id='word_1_89' title='bbox 235 714 356 746; x_wconf 76' lang='lat' dir='ltr'>vimus.</span> <span class='ocrx_word' id='word_1_90' title='bbox 385 706 531 741; x_wconf 86' lang='lat' dir='ltr'>Michael</span> <span class='ocrx_word' id='word_1_91' title='bbox 545 708 609 740; x_wconf 83' lang='lat' dir='ltr'>illis</span> <span class='ocrx_word' id='word_1_92' title='bbox 621 708 652 740; x_wconf 87' lang='lat' dir='ltr'>se</span> <span class='ocrx_word' id='word_1_93' title='bbox 665 718 733 741; x_wconf 91' lang='lat' dir='ltr'>non</span> <span class='ocrx_word' id='word_1_94' title='bbox 751 707 922 745; x_wconf 86' lang='lat' dir='ltr'>dumtaxat</span> <span class='ocrx_word' id='word_1_95' title='bbox 944 711 1118 746; x_wconf 77' lang='lat' dir='ltr'>antepone·</span> 
     </span>
     <span class='ocr_line' id='line_1_13' title="bbox 234 751 1117 800; baseline -0.007 -9"><span class='ocrx_word' id='word_1_96' title='bbox 234 768 292 796; x_wconf 86' lang='lat' dir='ltr'>re,</span> <span class='ocrx_word' id='word_1_97' title='bbox 318 757 371 791; x_wconf 92' lang='lat' dir='ltr'>sed</span> <span class='ocrx_word' id='word_1_98' title='bbox 384 757 468 800; x_wconf 88' lang='lat' dir='ltr'>ipsos</span> <span class='ocrx_word' id='word_1_99' title='bbox 480 758 537 791; x_wconf 90' lang='lat' dir='ltr'>suo</span> <span class='ocrx_word' id='word_1_100' title='bbox 559 756 708 791; x_wconf 88' lang='lat' dir='ltr'>dominio</span> <span class='ocrx_word' id='word_1_101' title='bbox 731 754 900 799; x_wconf 79' lang='lat' dir='ltr'>subjugare</span> <span class='ocrx_word' id='word_1_102' title='bbox 918 751 1117 797; x_wconf 60' lang='lat' dir='ltr'>conabatur,</span> 
     </span>
     <span class='ocr_line' id='line_1_14' title="bbox 234 802 1117 851; baseline -0.007 -10"><span class='ocrx_word' id='word_1_103' title='bbox 234 806 376 849; x_wconf 81' lang='lat' dir='ltr'>ideoque</span> <span class='ocrx_word' id='word_1_104' title='bbox 390 819 430 840; x_wconf 92' lang='lat' dir='ltr'>eo</span> <span class='ocrx_word' id='word_1_105' title='bbox 442 808 533 848; x_wconf 87' lang='lat' dir='ltr'>sensu</span> <span class='ocrx_word' id='word_1_106' title='bbox 546 831 556 847; x_wconf 90' lang='lat'>,</span> <span class='ocrx_word' id='word_1_107' title='bbox 573 818 639 851; x_wconf 91' lang='lat' dir='ltr'>quo</span> <span class='ocrx_word' id='word_1_108' title='bbox 649 817 767 850; x_wconf 84' lang='lat' dir='ltr'>magna</span> <span class='ocrx_word' id='word_1_109' title='bbox 778 802 1048 845; x_wconf 74' lang='lat' dir='ltr'>Chalcedonensis</span> <span class='ocrx_word' id='word_1_110' title='bbox 1061 803 1117 850; x_wconf 83' lang='lat' dir='ltr'>Sy-</span> 
     </span>
     <span class='ocr_line' id='line_1_15' title="bbox 235 852 1117 899; baseline -0.005 -9"><span class='ocrx_word' id='word_1_111' title='bbox 235 857 344 894; x_wconf 73' lang='lat' dir='ltr'>‚nodus</span> <span class='ocrx_word' id='word_1_112' title='bbox 353 857 504 896; x_wconf 63' lang='lat' dir='ltr'>Sancitum</span> <span class='ocrx_word' id='word_1_113' title='bbox 520 858 641 899; x_wconf 83' lang='lat' dir='ltr'>Papam</span> <span class='ocrx_word' id='word_1_114' title='bbox 653 857 823 895; x_wconf 80' lang='lat' dir='ltr'>Leonem,</span> <span class='ocrx_word' id='word_1_115' title='bbox 850 854 881 887; x_wconf 89' lang='lat' dir='ltr'>se</span> <span class='ocrx_word' id='word_1_116' title='bbox 904 852 1061 896; x_wconf 73' lang='lat' dir='ltr'>scribebat</span> <span class='ocrx_word' id='word_1_117' title='bbox 1085 854 1117 894; x_wconf 75' lang='grc' dir='ltr'>ὃς</span> 
     </span>
     <span class='ocr_line' id='line_1_16' title="bbox 236 900 1117 948; baseline -0.006 -8"><span class='ocrx_word' id='word_1_118' title='bbox 236 906 389 940; x_wconf 82' lang='lat' dir='ltr'>titulabat</span> <span class='ocrx_word' id='word_1_119' title='bbox 402 907 602 948; x_wconf 79' lang='lat' dir='ltr'>Episcopum</span> <span class='ocrx_word' id='word_1_120' title='bbox 615 903 829 944; x_wconf 84' lang='lat' dir='ltr'>universalem</span> <span class='ocrx_word' id='word_1_121' title='bbox 848 927 855 934; x_wconf 93' lang='lat'>.</span> <span class='ocrx_word' id='word_1_122' title='bbox 886 902 1003 943; x_wconf 84' lang='lat' dir='ltr'>Eidem</span> <span class='ocrx_word' id='word_1_123' title='bbox 1017 900 1117 936; x_wconf 81' lang='lat' dir='ltr'>d&#39;omi-</span> 
     </span>
     <span class='ocr_line' id='line_1_17' title="bbox 235 952 1119 998; baseline -0.006 -8"><span class='ocrx_word' id='word_1_124' title='bbox 235 957 296 990; x_wconf 83' lang='lat' dir='ltr'>nio</span> <span class='ocrx_word' id='word_1_125' title='bbox 306 956 472 998; x_wconf 78' lang='lat' dir='ltr'>subjugare</span> <span class='ocrx_word' id='word_1_126' title='bbox 484 954 675 993; x_wconf 88' lang='lat' dir='ltr'>Romanum</span> <span class='ocrx_word' id='word_1_127' title='bbox 690 952 886 993; x_wconf 84' lang='lat' dir='ltr'>Pontificem</span> <span class='ocrx_word' id='word_1_128' title='bbox 901 956 966 986; x_wconf 85' lang='lat' dir='ltr'>erat</span> <span class='ocrx_word' id='word_1_129' title='bbox 980 952 1119 995; x_wconf 84' lang='lat' dir='ltr'>impoffi-</span> 
     </span>
     <span class='ocr_line' id='line_1_18' title="bbox 235 1001 1118 1051; baseline -0.003 -13"><span class='ocrx_word' id='word_1_130' title='bbox 235 1004 316 1038; x_wconf 88' lang='lat' dir='ltr'>bile:</span> <span class='ocrx_word' id='word_1_131' title='bbox 344 1002 448 1051; x_wconf 86' lang='lat' dir='ltr'>Qod</span> <span class='ocrx_word' id='word_1_132' title='bbox 475 1004 563 1036; x_wconf 90' lang='lat' dir='ltr'>enim</span> <span class='ocrx_word' id='word_1_133' title='bbox 589 1002 698 1036; x_wconf 82' lang='lat' dir='ltr'>omnis</span> <span class='ocrx_word' id='word_1_134' title='bbox 718 1001 886 1044; x_wconf 82' lang='lat' dir='ltr'>Occidens</span> <span class='ocrx_word' id='word_1_135' title='bbox 905 1002 970 1045; x_wconf 83' lang='lat' dir='ltr'>jam</span> <span class='ocrx_word' id='word_1_136' title='bbox 993 1003 1118 1036; x_wconf 90' lang='lat' dir='ltr'>dudum</span> 
     </span>
     <span class='ocr_line' id='line_1_19' title="bbox 233 1052 1121 1095; baseline -0.003 -7"><span class='ocrx_word' id='word_1_137' title='bbox 233 1053 415 1093; x_wconf 79' lang='lat' dir='ltr'>excuffiffet</span> <span class='ocrx_word' id='word_1_138' title='bbox 426 1054 573 1087; x_wconf 88' lang='lat' dir='ltr'>Orientis</span> <span class='ocrx_word' id='word_1_139' title='bbox 585 1052 759 1095; x_wconf 84' lang='lat' dir='ltr'>Imperium</span> <span class='ocrx_word' id='word_1_140' title='bbox 779 1077 790 1093; x_wconf 94' lang='lat'>,</span> <span class='ocrx_word' id='word_1_141' title='bbox 816 1063 897 1086; x_wconf 86' lang='lat' dir='ltr'>vana</span> <span class='ocrx_word' id='word_1_142' title='bbox 909 1062 975 1086; x_wconf 90' lang='lat' dir='ltr'>erat</span> <span class='ocrx_word' id='word_1_143' title='bbox 989 1052 1053 1086; x_wconf 85' lang='lat' dir='ltr'>sine</span> <span class='ocrx_word' id='word_1_144' title='bbox 1073 1052 1121 1085; x_wconf 88' lang='lat' dir='ltr'>vi-</span> 
     </span>
     <span class='ocr_line' id='line_1_20' title="bbox 233 1101 1119 1146; baseline -0.002 -8"><span class='ocrx_word' id='word_1_145' title='bbox 233 1103 324 1138; x_wconf 80' lang='lat' dir='ltr'>ribus</span> <span class='ocrx_word' id='word_1_146' title='bbox 347 1104 411 1137; x_wconf 87' lang='lat' dir='ltr'>ira.</span> <span class='ocrx_word' id='word_1_147' title='bbox 439 1103 531 1137; x_wconf 88' lang='lat' dir='ltr'>Hinc</span> <span class='ocrx_word' id='word_1_148' title='bbox 557 1114 672 1137; x_wconf 89' lang='lat' dir='ltr'>omnes</span> <span class='ocrx_word' id='word_1_149' title='bbox 696 1114 773 1137; x_wconf 88' lang='lat' dir='ltr'>cum</span> <span class='ocrx_word' id='word_1_150' title='bbox 793 1103 851 1136; x_wconf 90' lang='lat' dir='ltr'>suo</span> <span class='ocrx_word' id='word_1_151' title='bbox 875 1101 960 1146; x_wconf 86' lang='lat' dir='ltr'>Papa</span> <span class='ocrx_word' id='word_1_152' title='bbox 982 1101 1119 1136; x_wconf 88' lang='lat' dir='ltr'>Latinos</span> 
     </span>
     <span class='ocr_line' id='line_1_21' title="bbox 235 1151 1118 1197; baseline -0.002 -9"><span class='ocrx_word' id='word_1_153' title='bbox 235 1153 408 1188; x_wconf 80' lang='lat' dir='ltr'>blateravit</span> <span class='ocrx_word' id='word_1_154' title='bbox 427 1153 565 1196; x_wconf 82' lang='lat' dir='ltr'>effejam</span> <span class='ocrx_word' id='word_1_155' title='bbox 577 1153 701 1197; x_wconf 82' lang='lat' dir='ltr'>pridem</span> <span class='ocrx_word' id='word_1_156' title='bbox 714 1152 907 1197; x_wconf 82' lang='lat' dir='ltr'>degradatos</span> <span class='ocrx_word' id='word_1_157' title='bbox 929 1164 967 1186; x_wconf 91' lang='lat' dir='ltr'>ac</span> <span class='ocrx_word' id='word_1_158' title='bbox 987 1151 1118 1187; x_wconf 88' lang='lat' dir='ltr'>anathe-</span> 
     </span>
     <span class='ocr_line' id='line_1_22' title="bbox 234 1200 1105 1247; baseline -0.002 -10"><span class='ocrx_word' id='word_1_159' title='bbox 234 1204 408 1238; x_wconf 89' lang='lat' dir='ltr'>matizatos</span> <span class='ocrx_word' id='word_1_160' title='bbox 419 1202 609 1243; x_wconf 74' lang='lat' dir='ltr'>haereticos,</span> <span class='ocrx_word' id='word_1_161' title='bbox 634 1203 818 1247; x_wconf 87' lang='lat' dir='ltr'>ideoque&amp;</span> <span class='ocrx_word' id='word_1_162' title='bbox 839 1201 880 1245; x_wconf 85' lang='lat' dir='ltr'>ab</span> <span class='ocrx_word' id='word_1_163' title='bbox 904 1200 1105 1236; x_wconf 86' lang='lat' dir='ltr'>insordescen</span> 
     </span>
     <span class='ocr_line' id='line_1_23' title="bbox 233 1247 672 1298; baseline -0.002 -10"><span class='ocrx_word' id='word_1_164' title='bbox 233 1255 280 1289; x_wconf 83' lang='lat' dir='ltr'>tia</span> <span class='ocrx_word' id='word_1_165' title='bbox 291 1247 481 1288; x_wconf 61' lang='lat' dir='ltr'>exstinctum</span> <span class='ocrx_word' id='word_1_166' title='bbox 494 1253 654 1298; x_wconf 87' lang='lat' dir='ltr'>Papatum</span> <span class='ocrx_word' id='word_1_167' title='bbox 664 1279 672 1294; x_wconf 57' lang='grc'>.,</span> 
     </span>
    </p>

    <p class='ocr_par' dir='ltr' id='par_1_3' title="bbox 223 1302 1124 3429">
     <span class='ocr_line' id='line_1_24' title="bbox 286 1302 1116 1346; baseline -0.001 -9"><span class='ocrx_word' id='word_1_168' title='bbox 286 1304 380 1337; x_wconf 90' lang='lat' dir='ltr'>Hinc</span> <span class='ocrx_word' id='word_1_169' title='bbox 393 1304 539 1346; x_wconf 84' lang='lat' dir='ltr'>proceffit</span> <span class='ocrx_word' id='word_1_170' title='bbox 552 1305 585 1344; x_wconf 71' lang='grc' dir='ltr'>δε</span> <span class='ocrx_word' id='word_1_171' title='bbox 597 1304 653 1339; x_wconf 88' lang='lat' dir='ltr'>illa</span> <span class='ocrx_word' id='word_1_172' title='bbox 663 1303 879 1345; x_wconf 83' lang='lat' dir='ltr'>intolerabilis</span> <span class='ocrx_word' id='word_1_173' title='bbox 888 1302 1022 1338; x_wconf 84' lang='lat' dir='ltr'>audacia</span> <span class='ocrx_word' id='word_1_174' title='bbox 1037 1327 1048 1343; x_wconf 92' lang='lat'>‚</span> <span class='ocrx_word' id='word_1_175' title='bbox 1075 1303 1116 1337; x_wconf 89' lang='lat' dir='ltr'>ad</span> 
     </span>
     <span class='ocr_line' id='line_1_25' title="bbox 232 1352 1117 1399; baseline 0.001 -12"><span class='ocrx_word' id='word_1_176' title='bbox 232 1365 334 1399; x_wconf 83' lang='lat' dir='ltr'>quam</span> <span class='ocrx_word' id='word_1_177' title='bbox 357 1354 514 1396; x_wconf 66' lang='lat' dir='ltr'>rescripsit</span> <span class='ocrx_word' id='word_1_178' title='bbox 540 1354 650 1388; x_wconf 80' lang='lat' dir='ltr'>noster</span> <span class='ocrx_word' id='word_1_179' title='bbox 676 1365 784 1388; x_wconf 89' lang='lat' dir='ltr'>nonus</span> <span class='ocrx_word' id='word_1_180' title='bbox 805 1353 899 1389; x_wconf 89' lang='lat' dir='ltr'>Leo.-</span> <span class='ocrx_word' id='word_1_181' title='bbox 925 1352 1026 1397; x_wconf 84' lang='lat' dir='ltr'>Discat</span> <span class='ocrx_word' id='word_1_182' title='bbox 1037 1358 1117 1386; x_wconf 57' lang='lat' dir='ltr'>Frae</span> 
     </span>
     <span class='ocr_line' id='line_1_26' title="bbox 232 1402 1116 1448; baseline -0.003 -9"><span class='ocrx_word' id='word_1_183' title='bbox 232 1409 365 1439; x_wconf 74' lang='lat' dir='ltr'>term&#39;tas</span> <span class='ocrx_word' id='word_1_184' title='bbox 375 1413 452 1444; x_wconf 86' lang='lat' dir='ltr'>tua,</span> <span class='ocrx_word' id='word_1_185' title='bbox 475 1402 581 1448; x_wconf 84' lang='lat' dir='ltr'>saltem</span> <span class='ocrx_word' id='word_1_186' title='bbox 608 1406 780 1445; x_wconf 82' lang='lat' dir='ltr'>admonita,</span> <span class='ocrx_word' id='word_1_187' title='bbox 806 1408 891 1438; x_wconf 75' lang='lat' dir='ltr'>caute?</span> <span class='ocrx_word' id='word_1_188' title='bbox 911 1407 945 1438; x_wconf 63' lang='grc' dir='ltr'>(τ</span> <span class='ocrx_word' id='word_1_189' title='bbox 967 1403 1116 1437; x_wconf 82' lang='lat' dir='ltr'>humiliter</span> 
     </span>
     <span class='ocr_line' id='line_1_27' title="bbox 233 1454 1117 1497; baseline -0.002 -9"><span class='ocrx_word' id='word_1_190' title='bbox 233 1455 336 1497; x_wconf 76' lang='lat' dir='ltr'>loqui,</span> <span class='ocrx_word' id='word_1_191' title='bbox 348 1466 384 1493; x_wconf 85' lang='lat' dir='ltr'>ne</span> <span class='ocrx_word' id='word_1_192' title='bbox 395 1455 555 1496; x_wconf 84' lang='lat' dir='ltr'>aliquando</span> <span class='ocrx_word' id='word_1_193' title='bbox 569 1458 713 1488; x_wconf 81' lang='lat' dir='ltr'><em>Dominus</em></span> <span class='ocrx_word' id='word_1_194' title='bbox 726 1456 805 1488; x_wconf 85' lang='lat' dir='ltr'>dicat</span> <span class='ocrx_word' id='word_1_195' title='bbox 815 1456 849 1488; x_wconf 70' lang='lat'>(9⁰</span> <span class='ocrx_word' id='word_1_196' title='bbox 858 1455 914 1487; x_wconf 78' lang='lat' dir='ltr'>tibi</span> <span class='ocrx_word' id='word_1_197' title='bbox 926 1478 937 1494; x_wconf 93' lang='lat'>,</span> <span class='ocrx_word' id='word_1_198' title='bbox 951 1455 1003 1487; x_wconf 82' lang='lat' dir='ltr'>Ex</span> <span class='ocrx_word' id='word_1_199' title='bbox 1016 1454 1117 1488; x_wconf 88' lang='lat' dir='ltr'>abun-</span> 
     </span>
     <span class='ocr_line' id='line_1_28' title="bbox 232 1500 1116 1548; baseline -0.003 -11"><span class='ocrx_word' id='word_1_200' title='bbox 232 1500 348 1544; x_wconf 69' lang='lat' dir='ltr'>dantia</span> <span class='ocrx_word' id='word_1_201' title='bbox 358 1501 465 1538; x_wconf 85' lang='lat' dir='ltr'>cordis</span> <span class='ocrx_word' id='word_1_202' title='bbox 477 1516 513 1538; x_wconf 92' lang='lat' dir='ltr'>os</span> <span class='ocrx_word' id='word_1_203' title='bbox 526 1504 687 1548; x_wconf 88' lang='lat' dir='ltr'>loquitur.</span> <span class='ocrx_word' id='word_1_204' title='bbox 716 1503 849 1547; x_wconf 77' lang='lat' dir='ltr'>scripfisti</span> <span class='ocrx_word' id='word_1_205' title='bbox 854 1504 998 1546; x_wconf 75' lang='lat' dir='ltr'>siquidem</span> <span class='ocrx_word' id='word_1_206' title='bbox 1009 1503 1092 1535; x_wconf 78' lang='lat' dir='ltr'>nobis</span> <span class='ocrx_word' id='word_1_207' title='bbox 1106 1526 1116 1542; x_wconf 89' lang='lat'><strong>,</strong></span> 
     </span>
     <span class='ocr_line' id='line_1_29' title="bbox 233 1552 1117 1596; baseline -0.006 -9"><span class='ocrx_word' id='word_1_208' title='bbox 233 1560 372 1596; x_wconf 81' lang='lat' dir='ltr'>quoniam</span> <span class='ocrx_word' id='word_1_209' title='bbox 380 1553 411 1596; x_wconf 85' lang='lat' dir='ltr'><em>fi</em></span> <span class='ocrx_word' id='word_1_210' title='bbox 415 1561 500 1588; x_wconf 83' lang='lat' dir='ltr'>unica</span> <span class='ocrx_word' id='word_1_211' title='bbox 510 1558 646 1588; x_wconf 85' lang='lat' dir='ltr'>Romana</span> <span class='ocrx_word' id='word_1_212' title='bbox 658 1554 783 1594; x_wconf 84' lang='lat' dir='ltr'>Ecclefia</span> <span class='ocrx_word' id='word_1_213' title='bbox 789 1563 844 1594; x_wconf 85' lang='lat' dir='ltr'>per</span> <span class='ocrx_word' id='word_1_214' title='bbox 855 1565 908 1591; x_wconf 84' lang='lat' dir='ltr'>nos</span> <span class='ocrx_word' id='word_1_215' title='bbox 929 1552 1050 1584; x_wconf 81' lang='lat' dir='ltr'>baberet</span> <span class='ocrx_word' id='word_1_216' title='bbox 1071 1563 1117 1583; x_wconf 87' lang='lat' dir='ltr'>no·</span> 
     </span>
     <span class='ocr_line' id='line_1_30' title="bbox 233 1599 1118 1644; baseline -0.006 -6"><span class='ocrx_word' id='word_1_217' title='bbox 233 1616 304 1638; x_wconf 88' lang='lat' dir='ltr'>men</span> <span class='ocrx_word' id='word_1_218' title='bbox 313 1612 397 1643; x_wconf 87' lang='lat' dir='ltr'>tuum</span> <span class='ocrx_word' id='word_1_219' title='bbox 406 1629 418 1644; x_wconf 93' lang='lat'>‚</span> <span class='ocrx_word' id='word_1_220' title='bbox 448 1616 546 1637; x_wconf 87' lang='lat' dir='ltr'>omnes</span> <span class='ocrx_word' id='word_1_221' title='bbox 558 1601 690 1642; x_wconf 82' lang='lat' dir='ltr'>Ecclefiae</span> <span class='ocrx_word' id='word_1_222' title='bbox 702 1606 736 1633; x_wconf 77' lang='lat' dir='ltr'>in</span> <span class='ocrx_word' id='word_1_223' title='bbox 747 1608 805 1637; x_wconf 83' lang='lat' dir='ltr'>toto</span> <span class='ocrx_word' id='word_1_224' title='bbox 817 1601 882 1635; x_wconf 86' lang='lat' dir='ltr'>orbe</span> <span class='ocrx_word' id='word_1_225' title='bbox 894 1609 1043 1633; x_wconf 79' lang='lat' dir='ltr'>terrarum</span> <span class='ocrx_word' id='word_1_226' title='bbox 1062 1599 1118 1633; x_wconf 86' lang='lat' dir='ltr'>ha·</span> 
     </span>
     <span class='ocr_line' id='line_1_31' title="bbox 231 1649 1114 1692; baseline -0.009 -6"><span class='ocrx_word' id='word_1_227' title='bbox 231 1652 337 1687; x_wconf 68' lang='lat' dir='ltr'>herene</span> <span class='ocrx_word' id='word_1_228' title='bbox 347 1664 451 1686; x_wconf 84' lang='lat' dir='ltr'>nomen</span> <span class='ocrx_word' id='word_1_229' title='bbox 463 1651 589 1691; x_wconf 77' lang='lat' dir='ltr'>nostrum</span> <span class='ocrx_word' id='word_1_230' title='bbox 609 1676 616 1683; x_wconf 90' lang='lat'><strong>.</strong></span> <span class='ocrx_word' id='word_1_231' title='bbox 644 1652 732 1692; x_wconf 75' lang='lat' dir='ltr'>,Quid</span> <span class='ocrx_word' id='word_1_232' title='bbox 741 1650 794 1683; x_wconf 86' lang='lat' dir='ltr'>boc</span> <span class='ocrx_word' id='word_1_233' title='bbox 819 1650 937 1688; x_wconf 86' lang='lat' dir='ltr'>monstri</span> <span class='ocrx_word' id='word_1_234' title='bbox 950 1649 1007 1687; x_wconf 87' lang='lat' dir='ltr'>est,</span> <span class='ocrx_word' id='word_1_235' title='bbox 1037 1652 1114 1679; x_wconf 85' lang='lat' dir='ltr'>Fra-</span> 
     </span>
     <span class='ocr_line' id='line_1_32' title="bbox 230 1697 1118 1741; baseline -0.01 -4"><span class='ocrx_word' id='word_1_236' title='bbox 230 1708 277 1737; x_wconf 77' lang='lat' dir='ltr'>ter</span> <span class='ocrx_word' id='word_1_237' title='bbox 286 1701 465 1741; x_wconf 84' lang='lat' dir='ltr'>cbariffime?</span> <span class='ocrx_word' id='word_1_238' title='bbox 491 1705 628 1732; x_wconf 86' lang='lat' dir='ltr'>Romana</span> <span class='ocrx_word' id='word_1_239' title='bbox 638 1697 763 1740; x_wconf 68' lang='lat' dir='ltr'>Ecclesia</span> <span class='ocrx_word' id='word_1_240' title='bbox 775 1722 786 1737; x_wconf 93' lang='lat'><strong><em>,</em></strong></span> <span class='ocrx_word' id='word_1_241' title='bbox 814 1699 944 1739; x_wconf 73' lang='lat' dir='ltr'>caput&amp;</span> <span class='ocrx_word' id='word_1_242' title='bbox 955 1704 1047 1729; x_wconf 85' lang='lat' dir='ltr'>mater</span> <span class='ocrx_word' id='word_1_243' title='bbox 1060 1699 1118 1737; x_wconf 73' lang='lat' dir='ltr'>Ec·</span> 
     </span>
     <span class='ocr_line' id='line_1_33' title="bbox 230 1746 1117 1792; baseline -0.005 -8"><span class='ocrx_word' id='word_1_244' title='bbox 230 1749 401 1792; x_wconf 76' lang='lat' dir='ltr'>clest‘arum,</span> <span class='ocrx_word' id='word_1_245' title='bbox 424 1749 556 1783; x_wconf 86' lang='lat' dir='ltr'>membra</span> <span class='ocrx_word' id='word_1_246' title='bbox 568 1750 602 1782; x_wconf 66' lang='grc' dir='ltr'>Θ·</span> <span class='ocrx_word' id='word_1_247' title='bbox 609 1749 687 1792; x_wconf 81' lang='lat' dir='ltr'>filios</span> <span class='ocrx_word' id='word_1_248' title='bbox 698 1759 756 1781; x_wconf 91' lang='lat' dir='ltr'>non</span> <span class='ocrx_word' id='word_1_249' title='bbox 777 1746 889 1781; x_wconf 84' lang='lat' dir='ltr'>babet?</span> <span class='ocrx_word' id='word_1_250' title='bbox 915 1747 1010 1780; x_wconf 87' lang='lat' dir='ltr'>Noni</span> <span class='ocrx_word' id='word_1_251' title='bbox 1034 1746 1117 1781; x_wconf 91' lang='lat' dir='ltr'>Leo-</span> 
     </span>
     <span class='ocr_line' id='line_1_34' title="bbox 231 1796 1116 1840; baseline -0.003 -7"><span class='ocrx_word' id='word_1_252' title='bbox 231 1801 285 1834; x_wconf 85' lang='lat' dir='ltr'>nis</span> <span class='ocrx_word' id='word_1_253' title='bbox 316 1810 439 1834; x_wconf 89' lang='lat' dir='ltr'>nomen</span> <span class='ocrx_word' id='word_1_254' title='bbox 473 1797 622 1839; x_wconf 89' lang='lat' dir='ltr'>Michael</span> <span class='ocrx_word' id='word_1_255' title='bbox 644 1798 716 1833; x_wconf 88' lang='lat' dir='ltr'>rafit</span> <span class='ocrx_word' id='word_1_256' title='bbox 737 1796 755 1840; x_wconf 71' lang='grc' dir='ltr'>ὲ</span> <span class='ocrx_word' id='word_1_257' title='bbox 787 1798 881 1832; x_wconf 86' lang='lat' dir='ltr'>sacris</span> <span class='ocrx_word' id='word_1_258' title='bbox 905 1796 1053 1831; x_wconf 75' lang='lat' dir='ltr'>Ecclesiae</span> <span class='ocrx_word' id='word_1_259' title='bbox 1073 1805 1116 1830; x_wconf 88' lang='lat' dir='ltr'>ta-</span> 
     </span>
     <span class='ocr_line' id='line_1_35' title="bbox 228 1845 1111 1894; baseline -0.005 -10"><span class='ocrx_word' id='word_1_260' title='bbox 228 1849 313 1885; x_wconf 83' lang='lat' dir='ltr'>bulis</span> <span class='ocrx_word' id='word_1_261' title='bbox 335 1873 349 1894; x_wconf 64' lang='lat'>,</span> <span class='ocrx_word' id='word_1_262' title='bbox 376 1847 537 1893; x_wconf 86' lang='lat' dir='ltr'>spondens</span> <span class='ocrx_word' id='word_1_263' title='bbox 559 1860 715 1891; x_wconf 82' lang='lat' dir='ltr'>reponere</span> <span class='ocrx_word' id='word_1_264' title='bbox 735 1871 745 1887; x_wconf 94' lang='lat'>‚</span> <span class='ocrx_word' id='word_1_265' title='bbox 783 1848 816 1882; x_wconf 88' lang='lat'>&amp;</span> <span class='ocrx_word' id='word_1_266' title='bbox 839 1846 973 1881; x_wconf 85' lang='lat' dir='ltr'>recitare</span> <span class='ocrx_word' id='word_1_267' title='bbox 997 1856 1035 1880; x_wconf 88' lang='lat' dir='ltr'>ut</span> <span class='ocrx_word' id='word_1_268' title='bbox 1062 1845 1111 1888; x_wconf 76' lang='lat' dir='ltr'>Pa</span> 
     </span>
     <span class='ocr_line' id='line_1_36' title="bbox 226 1897 1121 1942; baseline -0.003 -8"><span class='ocrx_word' id='word_1_269' title='bbox 226 1898 401 1940; x_wconf 79' lang='lat' dir='ltr'>triarchale</span> <span class='ocrx_word' id='word_1_270' title='bbox 412 1924 423 1942; x_wconf 88' lang='lat'>‚</span> <span class='ocrx_word' id='word_1_271' title='bbox 443 1897 628 1940; x_wconf 79' lang='lat' dir='ltr'>dummodo</span> <span class='ocrx_word' id='word_1_272' title='bbox 637 1898 671 1931; x_wconf 75' lang='grc' dir='ltr'>δε</span> <span class='ocrx_word' id='word_1_273' title='bbox 685 1898 801 1932; x_wconf 77' lang='lat' dir='ltr'>Roma:</span> <span class='ocrx_word' id='word_1_274' title='bbox 811 1898 995 1937; x_wconf 81' lang='lat' dir='ltr'>recitaretur</span> <span class='ocrx_word' id='word_1_275' title='bbox 1005 1897 1095 1931; x_wconf 90' lang='lat' dir='ltr'>suum</span> <span class='ocrx_word' id='word_1_276' title='bbox 1108 1920 1121 1941; x_wconf 28' lang='grc' dir='ltr'>,Ι</span> 
     </span>
     <span class='ocr_line' id='line_1_37' title="bbox 226 1946 1117 1992; baseline -0.006 -8"><span class='ocrx_word' id='word_1_277' title='bbox 226 1950 343 1991; x_wconf 88' lang='lat' dir='ltr'>utique</span> <span class='ocrx_word' id='word_1_278' title='bbox 364 1949 520 1992; x_wconf 74' lang='lat' dir='ltr'>tanquam</span> <span class='ocrx_word' id='word_1_279' title='bbox 545 1949 727 1992; x_wconf 85' lang='lat' dir='ltr'>supremum</span> <span class='ocrx_word' id='word_1_280' title='bbox 759 1957 857 1990; x_wconf 88' lang='lat' dir='ltr'>atque</span> <span class='ocrx_word' id='word_1_281' title='bbox 887 1946 1007 1990; x_wconf 91' lang='lat' dir='ltr'>Papale</span> <span class='ocrx_word' id='word_1_282' title='bbox 1028 1972 1036 1979; x_wconf 88' lang='lat'><strong>.</strong></span> <span class='ocrx_word' id='word_1_283' title='bbox 1075 1947 1117 1981; x_wconf 89' lang='lat' dir='ltr'>Et</span> 
     </span>
     <span class='ocr_line' id='line_1_38' title="bbox 227 1995 1118 2042; baseline -0.008 -7"><span class='ocrx_word' id='word_1_284' title='bbox 227 1998 310 2035; x_wconf 78' lang='lat' dir='ltr'>hinc</span> <span class='ocrx_word' id='word_1_285' title='bbox 333 1999 451 2039; x_wconf 72' lang='lat' dir='ltr'>merito</span> <span class='ocrx_word' id='word_1_286' title='bbox 469 1998 624 2042; x_wconf 68' lang='lat' dir='ltr'>rescripsit</span> <span class='ocrx_word' id='word_1_287' title='bbox 646 1998 717 2031; x_wconf 87' lang='lat' dir='ltr'>Leo</span> <span class='ocrx_word' id='word_1_288' title='bbox 738 2010 749 2030; x_wconf 88' lang='lat'>.·</span> <span class='ocrx_word' id='word_1_289' title='bbox 790 1998 878 2041; x_wconf 76' lang='lat' dir='ltr'>,Quid</span> <span class='ocrx_word' id='word_1_290' title='bbox 895 1996 944 2030; x_wconf 86' lang='lat' dir='ltr'>boc</span> <span class='ocrx_word' id='word_1_291' title='bbox 967 1995 1082 2037; x_wconf 85' lang='lat' dir='ltr'>monstri</span> <span class='ocrx_word' id='word_1_292' title='bbox 1105 1998 1118 2038; x_wconf 63' lang='grc' dir='ltr'>ξ</span> 
     </span>
     <span class='ocr_line' id='line_1_39' title="bbox 226 2046 1116 2090; baseline -0.002 -8"><span class='ocrx_word' id='word_1_293' title='bbox 226 2050 282 2083; x_wconf 88' lang='lat' dir='ltr'>Ex</span> <span class='ocrx_word' id='word_1_294' title='bbox 302 2048 418 2081; x_wconf 91' lang='lat' dir='ltr'>eodem</span> <span class='ocrx_word' id='word_1_295' title='bbox 442 2047 554 2090; x_wconf 89' lang='lat' dir='ltr'>spiritu</span> <span class='ocrx_word' id='word_1_296' title='bbox 576 2048 632 2081; x_wconf 88' lang='lat' dir='ltr'>sua</span> <span class='ocrx_word' id='word_1_297' title='bbox 655 2046 698 2081; x_wconf 88' lang='lat' dir='ltr'>ad</span> <span class='ocrx_word' id='word_1_298' title='bbox 722 2046 870 2081; x_wconf 87' lang='lat' dir='ltr'>Leonem</span> <span class='ocrx_word' id='word_1_299' title='bbox 891 2047 1015 2090; x_wconf 87' lang='lat' dir='ltr'>Scripta</span> <span class='ocrx_word' id='word_1_300' title='bbox 1023 2047 1116 2090; x_wconf 63' lang='lat' dir='ltr'>jactat</span> 
     </span>
     <span class='ocr_line' id='line_1_40' title="bbox 226 2095 1116 2132; baseline -0.002 0"><span class='ocrx_word' id='word_1_301' title='bbox 226 2095 378 2132; x_wconf 88' lang='lat' dir='ltr'>Michael</span> <span class='ocrx_word' id='word_1_302' title='bbox 398 2098 432 2131; x_wconf 90' lang='lat' dir='ltr'>in</span> <span class='ocrx_word' id='word_1_303' title='bbox 458 2096 573 2131; x_wconf 88' lang='lat' dir='ltr'>litteris</span> <span class='ocrx_word' id='word_1_304' title='bbox 591 2097 632 2131; x_wconf 89' lang='lat' dir='ltr'>ad</span> <span class='ocrx_word' id='word_1_305' title='bbox 667 2097 800 2131; x_wconf 87' lang='lat' dir='ltr'>Petrum</span> <span class='ocrx_word' id='word_1_306' title='bbox 840 2095 1031 2131; x_wconf 84' lang='lat' dir='ltr'>Antiochiae</span> <span class='ocrx_word' id='word_1_307' title='bbox 1059 2096 1116 2130; x_wconf 91' lang='lat' dir='ltr'>Pa-</span> 
     </span>
     <span class='ocr_line' id='line_1_41' title="bbox 225 2146 1116 2191; baseline -0.003 -9"><span class='ocrx_word' id='word_1_308' title='bbox 225 2146 428 2187; x_wconf 82' lang='lat' dir='ltr'>triarcham,</span> <span class='ocrx_word' id='word_1_309' title='bbox 454 2149 487 2180; x_wconf 75' lang='grc' dir='ltr'>ὃς</span> <span class='ocrx_word' id='word_1_310' title='bbox 509 2146 659 2191; x_wconf 80' lang='lat' dir='ltr'>adjungit</span> <span class='ocrx_word' id='word_1_311' title='bbox 682 2148 832 2181; x_wconf 85' lang='lat' dir='ltr'>causam:</span> <span class='ocrx_word' id='word_1_312' title='bbox 862 2149 902 2180; x_wconf 87' lang='lat' dir='ltr'>Id</span> <span class='ocrx_word' id='word_1_313' title='bbox 925 2158 960 2180; x_wconf 88' lang='lat' dir='ltr'>ea</span> <span class='ocrx_word' id='word_1_314' title='bbox 982 2148 1019 2180; x_wconf 85' lang='lat' dir='ltr'>de</span> <span class='ocrx_word' id='word_1_315' title='bbox 1029 2146 1116 2190; x_wconf 82' lang='lat' dir='ltr'>causa</span> 
     </span>
     <span class='ocr_line' id='line_1_42' title="bbox 223 2195 1116 2245; baseline -0.001 -15"><span class='ocrx_word' id='word_1_316' title='bbox 223 2197 353 2245; x_wconf 75' lang='lat' dir='ltr'>fecimus</span> <span class='ocrx_word' id='word_1_317' title='bbox 377 2222 388 2238; x_wconf 88' lang='lat'><strong>,</strong></span> <span class='ocrx_word' id='word_1_318' title='bbox 425 2201 564 2239; x_wconf 86' lang='lat' dir='ltr'>quoniam</span> <span class='ocrx_word' id='word_1_319' title='bbox 589 2195 683 2240; x_wconf 79' lang='lat' dir='ltr'>ipsum</span> <span class='ocrx_word' id='word_1_320' title='bbox 705 2198 813 2231; x_wconf 84' lang='lat' dir='ltr'>lucrari</span> <span class='ocrx_word' id='word_1_321' title='bbox 835 2196 1007 2233; x_wconf 83' lang='lat' dir='ltr'>volebamus</span> <span class='ocrx_word' id='word_1_322' title='bbox 1028 2221 1034 2228; x_wconf 90' lang='lat'><em>.</em></span> <span class='ocrx_word' id='word_1_323' title='bbox 1072 2196 1116 2238; x_wconf 82' lang='lat' dir='ltr'>Et</span> 
     </span>
     <span class='ocr_line' id='line_1_43' title="bbox 228 2246 1119 2292; baseline -0.003 -10"><span class='ocrx_word' id='word_1_324' title='bbox 228 2249 337 2292; x_wconf 82' lang='lat' dir='ltr'>pergit</span> <span class='ocrx_word' id='word_1_325' title='bbox 358 2247 400 2282; x_wconf 90' lang='lat' dir='ltr'>de</span> <span class='ocrx_word' id='word_1_326' title='bbox 420 2246 516 2290; x_wconf 86' lang='lat' dir='ltr'>ipfius</span> <span class='ocrx_word' id='word_1_327' title='bbox 533 2246 574 2280; x_wconf 88' lang='lat' dir='ltr'>ad</span> <span class='ocrx_word' id='word_1_328' title='bbox 595 2248 628 2281; x_wconf 89' lang='lat' dir='ltr'>se</span> <span class='ocrx_word' id='word_1_329' title='bbox 650 2246 803 2292; x_wconf 83' lang='lat' dir='ltr'>Legatis:</span> <span class='ocrx_word' id='word_1_330' title='bbox 832 2251 909 2283; x_wconf 83' lang='lat' dir='ltr'>Cum</span> <span class='ocrx_word' id='word_1_331' title='bbox 928 2248 973 2280; x_wconf 86' lang='lat' dir='ltr'>ad</span> <span class='ocrx_word' id='word_1_332' title='bbox 991 2246 1119 2287; x_wconf 73' lang='lat' dir='ltr'>nostram</span> 
     </span>
     <span class='ocr_line' id='line_1_44' title="bbox 228 2297 1115 2342; baseline -0.002 -11"><span class='ocrx_word' id='word_1_333' title='bbox 228 2298 437 2336; x_wconf 76' lang='lat' dir='ltr'>Humilitatem</span> <span class='ocrx_word' id='word_1_334' title='bbox 458 2298 623 2341; x_wconf 82' lang='lat' dir='ltr'>veniffent,</span> <span class='ocrx_word' id='word_1_335' title='bbox 649 2302 718 2339; x_wconf 87' lang='lat' dir='ltr'>quis</span> <span class='ocrx_word' id='word_1_336' title='bbox 738 2298 833 2337; x_wconf 84' lang='lat' dir='ltr'>dicere</span> <span class='ocrx_word' id='word_1_337' title='bbox 848 2297 931 2342; x_wconf 69' lang='lat' dir='ltr'>pfft</span> <span class='ocrx_word' id='word_1_338' title='bbox 954 2321 965 2338; x_wconf 91' lang='lat'>‚</span> <span class='ocrx_word' id='word_1_339' title='bbox 1002 2306 1115 2340; x_wconf 81' lang='lat' dir='ltr'>quanta</span> 
     </span>
     <span class='ocr_line' id='line_1_45' title="bbox 226 2344 1116 2391; baseline -0.001 -11"><span class='ocrx_word' id='word_1_340' title='bbox 226 2345 592 2391; x_wconf 68' lang='lat' dir='ltr'>superbia&amp;arrogantia</span> <span class='ocrx_word' id='word_1_341' title='bbox 601 2345 727 2389; x_wconf 80' lang='lat' dir='ltr'>ufifint?</span> <span class='ocrx_word' id='word_1_342' title='bbox 756 2351 833 2381; x_wconf 87' lang='lat' dir='ltr'>Cum</span> <span class='ocrx_word' id='word_1_343' title='bbox 857 2358 908 2380; x_wconf 82' lang='lat' dir='ltr'>nec</span> <span class='ocrx_word' id='word_1_344' title='bbox 933 2347 1050 2383; x_wconf 77' lang='lat' dir='ltr'>triviali</span> <span class='ocrx_word' id='word_1_345' title='bbox 1067 2344 1116 2389; x_wconf 86' lang='lat' dir='ltr'>sa-</span> 
     </span>
     <span class='ocr_line' id='line_1_46' title="bbox 229 2395 1118 2440; baseline -0.001 -10"><span class='ocrx_word' id='word_1_346' title='bbox 229 2400 372 2430; x_wconf 82' lang='lat' dir='ltr'>lutatione</span> <span class='ocrx_word' id='word_1_347' title='bbox 384 2395 638 2440; x_wconf 79' lang='lat' dir='ltr'>nossalutaffent,</span> <span class='ocrx_word' id='word_1_348' title='bbox 664 2408 754 2440; x_wconf 85' lang='lat' dir='ltr'>neque</span> <span class='ocrx_word' id='word_1_349' title='bbox 761 2397 820 2440; x_wconf 87' lang='lat' dir='ltr'>sua</span> <span class='ocrx_word' id='word_1_350' title='bbox 844 2403 946 2439; x_wconf 82' lang='lat' dir='ltr'>capita</span> <span class='ocrx_word' id='word_1_351' title='bbox 962 2398 1015 2431; x_wconf 86' lang='lat' dir='ltr'>vel</span> <span class='ocrx_word' id='word_1_352' title='bbox 1026 2397 1118 2435; x_wconf 83' lang='lat' dir='ltr'>modi-</span> 
     </span>
     <span class='ocr_line' id='line_1_47' title="bbox 229 2446 1116 2491; baseline 0 -12"><span class='ocrx_word' id='word_1_353' title='bbox 229 2457 296 2480; x_wconf 82' lang='lat' dir='ltr'>cum</span> <span class='ocrx_word' id='word_1_354' title='bbox 319 2448 395 2489; x_wconf 82' lang='lat' dir='ltr'>quid</span> <span class='ocrx_word' id='word_1_355' title='bbox 413 2447 616 2491; x_wconf 84' lang='lat' dir='ltr'>inclinaffent‚</span> <span class='ocrx_word' id='word_1_356' title='bbox 642 2448 676 2482; x_wconf 65' lang='grc'>(9</span> <span class='ocrx_word' id='word_1_357' title='bbox 698 2446 864 2490; x_wconf 81' lang='lat' dir='ltr'>consueram</span> <span class='ocrx_word' id='word_1_358' title='bbox 888 2446 970 2480; x_wconf 82' lang='lat' dir='ltr'>nobis</span> <span class='ocrx_word' id='word_1_359' title='bbox 995 2458 1116 2481; x_wconf 84' lang='lat' dir='ltr'>venera-</span> 
     </span>
     <span class='ocr_line' id='line_1_48' title="bbox 229 2496 1119 2541; baseline 0.001 -13"><span class='ocrx_word' id='word_1_360' title='bbox 229 2502 339 2529; x_wconf 72' lang='lat' dir='ltr'>tionem</span> <span class='ocrx_word' id='word_1_361' title='bbox 350 2496 486 2530; x_wconf 83' lang='lat' dir='ltr'>exhibere</span> <span class='ocrx_word' id='word_1_362' title='bbox 496 2498 613 2541; x_wconf 82' lang='lat' dir='ltr'>dignati</span> <span class='ocrx_word' id='word_1_363' title='bbox 629 2497 772 2541; x_wconf 80' lang='lat' dir='ltr'>fuissent,</span> <span class='ocrx_word' id='word_1_364' title='bbox 799 2509 893 2540; x_wconf 84' lang='lat' dir='ltr'>neque</span> <span class='ocrx_word' id='word_1_365' title='bbox 914 2500 934 2530; x_wconf 80' lang='grc' dir='ltr'><em>ἃ</em></span> <span class='ocrx_word' id='word_1_366' title='bbox 957 2506 1035 2540; x_wconf 85' lang='lat' dir='ltr'>tergo</span> <span class='ocrx_word' id='word_1_367' title='bbox 1060 2500 1119 2529; x_wconf 88' lang='lat' dir='ltr'>Me·</span> 
     </span>
     <span class='ocr_line' id='line_1_49' title="bbox 229 2544 1120 2591; baseline 0.001 -12"><span class='ocrx_word' id='word_1_368' title='bbox 229 2548 433 2588; x_wconf 61' lang='lat' dir='ltr'>neopolitarum</span> <span class='ocrx_word' id='word_1_369' title='bbox 459 2545 603 2590; x_wconf 62' lang='lat' dir='ltr'>nobiscum</span> <span class='ocrx_word' id='word_1_370' title='bbox 641 2553 673 2580; x_wconf 86' lang='lat' dir='ltr'>in</span> <span class='ocrx_word' id='word_1_371' title='bbox 692 2545 802 2590; x_wconf 81' lang='lat' dir='ltr'>secmo</span> <span class='ocrx_word' id='word_1_372' title='bbox 826 2555 1056 2591; x_wconf 85' lang='lat' dir='ltr'>congregatorum</span> <span class='ocrx_word' id='word_1_373' title='bbox 1081 2544 1120 2587; x_wconf 81' lang='lat' dir='ltr'>fe-</span> 
     </span>
     <span class='ocr_line' id='line_1_50' title="bbox 230 2595 1122 2641; baseline 0 -11"><span class='ocrx_word' id='word_1_374' title='bbox 230 2596 303 2630; x_wconf 76' lang='lat' dir='ltr'>dere</span> <span class='ocrx_word' id='word_1_375' title='bbox 327 2597 385 2634; x_wconf 83' lang='lat' dir='ltr'>ullo</span> <span class='ocrx_word' id='word_1_376' title='bbox 401 2597 495 2638; x_wconf 66' lang='lat' dir='ltr'>pallo</span> <span class='ocrx_word' id='word_1_377' title='bbox 515 2597 664 2640; x_wconf 76' lang='lat' dir='ltr'>voluiffent</span> <span class='ocrx_word' id='word_1_378' title='bbox 686 2621 698 2638; x_wconf 88' lang='lat'>,</span> <span class='ocrx_word' id='word_1_379' title='bbox 731 2595 788 2641; x_wconf 87' lang='lat' dir='ltr'>sed</span> <span class='ocrx_word' id='word_1_380' title='bbox 806 2597 889 2641; x_wconf 73' lang='lat' dir='ltr'>quasi</span> <span class='ocrx_word' id='word_1_381' title='bbox 906 2606 963 2639; x_wconf 87' lang='lat' dir='ltr'>pro</span> <span class='ocrx_word' id='word_1_382' title='bbox 988 2595 1122 2640; x_wconf 78' lang='lat' dir='ltr'>ipsorum,</span> 
     </span>
     <span class='ocr_line' id='line_1_51' title="bbox 235 2645 1118 2692; baseline 0.007 -17"><span class='ocrx_word' id='word_1_383' title='bbox 235 2647 408 2683; x_wconf 60' lang='lat' dir='ltr'>contumelia</span> <span class='ocrx_word' id='word_1_384' title='bbox 433 2647 469 2679; x_wconf 81' lang='lat' dir='ltr'>id</span> <span class='ocrx_word' id='word_1_385' title='bbox 485 2645 607 2690; x_wconf 60' lang='lat' dir='ltr'>fadum</span> <span class='ocrx_word' id='word_1_386' title='bbox 644 2648 814 2692; x_wconf 40' lang='lat' dir='ltr'>putassente</span> <span class='ocrx_word' id='word_1_387' title='bbox 842 2647 1043 2692; x_wconf 78' lang='lat' dir='ltr'>Apostolicae</span> <span class='ocrx_word' id='word_1_388' title='bbox 1068 2647 1118 2681; x_wconf 88' lang='lat' dir='ltr'>Se-</span> 
     </span>
     <span class='ocr_line' id='line_1_52' title="bbox 231 2693 1124 2743; baseline 0.002 -15"><span class='ocrx_word' id='word_1_389' title='bbox 231 2693 286 2729; x_wconf 78' lang='lat' dir='ltr'>dis</span> <span class='ocrx_word' id='word_1_390' title='bbox 311 2693 476 2737; x_wconf 81' lang='lat' dir='ltr'>Legatos,</span> <span class='ocrx_word' id='word_1_391' title='bbox 505 2695 577 2729; x_wconf 82' lang='lat' dir='ltr'>licet</span> <span class='ocrx_word' id='word_1_392' title='bbox 605 2694 874 2743; x_wconf 85' lang='lat' dir='ltr'>Archiepiscopos</span> <span class='ocrx_word' id='word_1_393' title='bbox 895 2721 907 2738; x_wconf 85' lang='lat'><strong>,</strong></span> <span class='ocrx_word' id='word_1_394' title='bbox 934 2696 1041 2735; x_wconf 85' lang='lat' dir='ltr'>sedere</span> <span class='ocrx_word' id='word_1_395' title='bbox 1067 2708 1124 2731; x_wconf 71' lang='lat' dir='ltr'>vm</span> 
     </span>
     <span class='ocr_line' id='line_1_53' title="bbox 233 2741 1119 2796; baseline 0.002 -19"><span class='ocrx_word' id='word_1_396' title='bbox 233 2743 298 2783; x_wconf 78' lang='lat' dir='ltr'>luit</span> <span class='ocrx_word' id='word_1_397' title='bbox 324 2742 395 2791; x_wconf 84' lang='lat' dir='ltr'>post</span> <span class='ocrx_word' id='word_1_398' title='bbox 406 2741 535 2776; x_wconf 89' lang='lat' dir='ltr'>dorsum</span> <span class='ocrx_word' id='word_1_399' title='bbox 548 2745 679 2784; x_wconf 80' lang='lat' dir='ltr'>suorum</span> <span class='ocrx_word' id='word_1_400' title='bbox 689 2746 994 2792; x_wconf 80' lang='lat' dir='ltr'>Metropolitarum:</span> <span class='ocrx_word' id='word_1_401' title='bbox 1015 2745 1119 2796; x_wconf 84' lang='lat' dir='ltr'>Qod</span> 
     </span>
     <span class='ocr_line' id='line_1_54' title="bbox 236 2792 1120 2841; baseline 0.001 -12"><span class='ocrx_word' id='word_1_402' title='bbox 236 2792 356 2836; x_wconf 61' lang='lat' dir='ltr'>tempi}</span> <span class='ocrx_word' id='word_1_403' title='bbox 379 2792 570 2830; x_wconf 71' lang='lat' dir='ltr'>Romanum</span> <span class='ocrx_word' id='word_1_404' title='bbox 594 2793 794 2838; x_wconf 75' lang='lat' dir='ltr'>Episcopum</span> <span class='ocrx_word' id='word_1_405' title='bbox 814 2797 880 2840; x_wconf 85' lang='lat' dir='ltr'>jam</span> <span class='ocrx_word' id='word_1_406' title='bbox 903 2808 971 2830; x_wconf 92' lang='lat' dir='ltr'>non</span> <span class='ocrx_word' id='word_1_407' title='bbox 983 2798 1120 2841; x_wconf 73' lang='lat' dir='ltr'>amplius</span> 
     </span>
     <span class='ocr_line' id='line_1_55' title="bbox 234 2840 1118 2888; baseline 0.005 -11"><span class='ocrx_word' id='word_1_408' title='bbox 234 2843 342 2883; x_wconf 78' lang='lat' dir='ltr'>totius,</span> <span class='ocrx_word' id='word_1_409' title='bbox 366 2840 622 2876; x_wconf 86' lang='lat' dir='ltr'>Christianitatis</span> <span class='ocrx_word' id='word_1_410' title='bbox 660 2841 837 2881; x_wconf 79' lang='lat' dir='ltr'>Primatem</span> <span class='ocrx_word' id='word_1_411' title='bbox 864 2846 997 2881; x_wconf 87' lang='lat' dir='ltr'>duceret</span> <span class='ocrx_word' id='word_1_412' title='bbox 1019 2872 1030 2888; x_wconf 89' lang='lat'>‚</span> <span class='ocrx_word' id='word_1_413' title='bbox 1065 2846 1118 2881; x_wconf 85' lang='lat' dir='ltr'>sed</span> 
     </span>
     <span class='ocr_line' id='line_1_56' title="bbox 235 2891 1120 2944; baseline -0.001 -17"><span class='ocrx_word' id='word_1_414' title='bbox 235 2892 417 2936; x_wconf 77' lang='lat' dir='ltr'>fimplicem</span> <span class='ocrx_word' id='word_1_415' title='bbox 442 2903 479 2926; x_wconf 79' lang='lat' dir='ltr'>ac</span> <span class='ocrx_word' id='word_1_416' title='bbox 504 2891 560 2926; x_wconf 78' lang='lat' dir='ltr'>sibi</span> <span class='ocrx_word' id='word_1_417' title='bbox 585 2891 760 2935; x_wconf 66' lang='lat' dir='ltr'>subjectum</span> <span class='ocrx_word' id='word_1_418' title='bbox 774 2893 1012 2929; x_wconf 71' lang='lat' dir='ltr'>patriarcham.</span> <span class='ocrx_word' id='word_1_419' title='bbox 1040 2897 1120 2944; x_wconf 83' lang='lat' dir='ltr'>Qo</span> 
     </span>
     <span class='ocr_line' id='line_1_57' title="bbox 238 2941 1121 2986; baseline 0.002 -9"><span class='ocrx_word' id='word_1_420' title='bbox 238 2942 275 2977; x_wconf 87' lang='lat' dir='ltr'>in</span> <span class='ocrx_word' id='word_1_421' title='bbox 302 2942 447 2982; x_wconf 77' lang='lat' dir='ltr'>facinore</span> <span class='ocrx_word' id='word_1_422' title='bbox 473 2941 605 2976; x_wconf 74' lang='lat' dir='ltr'>excessit</span> <span class='ocrx_word' id='word_1_423' title='bbox 632 2944 666 2976; x_wconf 76' lang='grc' dir='ltr'>δε</span> <span class='ocrx_word' id='word_1_424' title='bbox 694 2943 795 2986; x_wconf 81' lang='lat' dir='ltr'>ipsam</span> <span class='ocrx_word' id='word_1_425' title='bbox 820 2943 975 2983; x_wconf 83' lang='lat' dir='ltr'>Dioscori</span> <span class='ocrx_word' id='word_1_426' title='bbox 986 2944 1121 2983; x_wconf 23' lang='lat' dir='ltr'>Pati-iar*</span> 
     </span>
     <span class='ocr_line' id='line_1_58' title="bbox 236 2991 1108 3036; baseline 0.002 -10"><span class='ocrx_word' id='word_1_427' title='bbox 236 2991 305 3027; x_wconf 81' lang='lat' dir='ltr'>ehae</span> <span class='ocrx_word' id='word_1_428' title='bbox 332 2991 550 3032; x_wconf 78' lang='lat' dir='ltr'>Alexandrini</span> <span class='ocrx_word' id='word_1_429' title='bbox 579 2992 614 3025; x_wconf 91' lang='lat' dir='ltr'>in</span> <span class='ocrx_word' id='word_1_430' title='bbox 641 2991 804 3036; x_wconf 82' lang='lat' dir='ltr'>Ephesino</span> <span class='ocrx_word' id='word_1_431' title='bbox 832 2993 1008 3029; x_wconf 88' lang='lat' dir='ltr'>latrocinio</span> <span class='ocrx_word' id='word_1_432' title='bbox 1035 2995 1108 3031; x_wconf 79' lang='lat' dir='ltr'>inso</span> 
     </span>
     <span class='ocr_line' id='line_1_59' title="bbox 236 3041 1122 3089; baseline 0.006 -15"><span class='ocrx_word' id='word_1_433' title='bbox 236 3041 373 3079; x_wconf 80' lang='lat' dir='ltr'>lentiam</span> <span class='ocrx_word' id='word_1_434' title='bbox 389 3066 396 3079; x_wconf 61' lang='grc' dir='ltr'>ι,</span> <span class='ocrx_word' id='word_1_435' title='bbox 424 3042 493 3075; x_wconf 86' lang='lat' dir='ltr'>Hic</span> <span class='ocrx_word' id='word_1_436' title='bbox 519 3042 747 3088; x_wconf 69' lang='lat' dir='ltr'>enim‘magni</span> <span class='ocrx_word' id='word_1_437' title='bbox 775 3043 899 3081; x_wconf 86' lang='lat' dir='ltr'>Leonis</span> <span class='ocrx_word' id='word_1_438' title='bbox 925 3043 1062 3089; x_wconf 85' lang='lat' dir='ltr'>Legatis</span> <span class='ocrx_word' id='word_1_439' title='bbox 1078 3047 1122 3079; x_wconf 87' lang='lat' dir='ltr'>se-</span> 
     </span>
     <span class='ocr_line' id='line_1_60' title="bbox 239 3091 1122 3136; baseline 0.006 -11"><span class='ocrx_word' id='word_1_440' title='bbox 239 3091 389 3125; x_wconf 87' lang='lat' dir='ltr'>cundum</span> <span class='ocrx_word' id='word_1_441' title='bbox 409 3092 521 3131; x_wconf 83' lang='lat' dir='ltr'>saltem</span> <span class='ocrx_word' id='word_1_442' title='bbox 540 3091 661 3127; x_wconf 88' lang='lat' dir='ltr'>obtulit</span> <span class='ocrx_word' id='word_1_443' title='bbox 687 3093 815 3132; x_wconf 83' lang='lat' dir='ltr'>locum.</span> <span class='ocrx_word' id='word_1_444' title='bbox 838 3093 882 3130; x_wconf 86' lang='lat' dir='ltr'>Et</span> <span class='ocrx_word' id='word_1_445' title='bbox 907 3105 1018 3129; x_wconf 86' lang='lat' dir='ltr'>revera</span> <span class='ocrx_word' id='word_1_446' title='bbox 1043 3095 1122 3136; x_wconf 50' lang='lat' dir='ltr'>anti,-</span> 
     </span>
     <span class='ocr_line' id='line_1_61' title="bbox 238 3141 1123 3187; baseline 0.006 -13"><span class='ocrx_word' id='word_1_447' title='bbox 238 3141 408 3185; x_wconf 80' lang='lat' dir='ltr'>quiffimus</span> <span class='ocrx_word' id='word_1_448' title='bbox 435 3142 554 3180; x_wconf 75' lang='lat' dir='ltr'>Canon</span> <span class='ocrx_word' id='word_1_449' title='bbox 579 3142 613 3176; x_wconf 91' lang='lat'>&amp;</span> <span class='ocrx_word' id='word_1_450' title='bbox 641 3152 792 3187; x_wconf 86' lang='lat' dir='ltr'>perpetua</span> <span class='ocrx_word' id='word_1_451' title='bbox 818 3144 1024 3183; x_wconf 85' lang='lat' dir='ltr'>consuetudo</span> <span class='ocrx_word' id='word_1_452' title='bbox 1055 3155 1123 3186; x_wconf 83' lang='lat' dir='ltr'>om·</span> 
     </span>
     <span class='ocr_line' id='line_1_62' title="bbox 239 3190 1121 3238; baseline 0.005 -13"><span class='ocrx_word' id='word_1_453' title='bbox 239 3200 299 3225; x_wconf 83' lang='lat' dir='ltr'>nes</span> <span class='ocrx_word' id='word_1_454' title='bbox 324 3190 525 3230; x_wconf 78' lang='lat' dir='ltr'>Patriarchas</span> <span class='ocrx_word' id='word_1_455' title='bbox 551 3194 674 3237; x_wconf 88' lang='lat' dir='ltr'>semper</span> <span class='ocrx_word' id='word_1_456' title='bbox 698 3191 902 3231; x_wconf 85' lang='lat' dir='ltr'>honorarunt</span> <span class='ocrx_word' id='word_1_457' title='bbox 927 3195 961 3229; x_wconf 92' lang='lat' dir='ltr'>in</span> <span class='ocrx_word' id='word_1_458' title='bbox 988 3195 1121 3238; x_wconf 71' lang='lat' dir='ltr'>suisLe·</span> 
     </span>
     <span class='ocr_line' id='line_1_63' title="bbox 239 3238 1118 3288; baseline 0.007 -14"><span class='ocrx_word' id='word_1_459' title='bbox 239 3241 327 3286; x_wconf 77' lang='lat' dir='ltr'>gatis</span> <span class='ocrx_word' id='word_1_460' title='bbox 348 3264 359 3280; x_wconf 91' lang='lat'>,</span> <span class='ocrx_word' id='word_1_461' title='bbox 396 3241 430 3280; x_wconf 75' lang='lat' dir='ltr'>(Sc</span> <span class='ocrx_word' id='word_1_462' title='bbox 455 3238 507 3275; x_wconf 88' lang='lat' dir='ltr'>his</span> <span class='ocrx_word' id='word_1_463' title='bbox 543 3242 675 3278; x_wconf 87' lang='lat' dir='ltr'>illorum</span> <span class='ocrx_word' id='word_1_464' title='bbox 701 3243 813 3283; x_wconf 81' lang='lat' dir='ltr'>locum</span> <span class='ocrx_word' id='word_1_465' title='bbox 839 3244 937 3283; x_wconf 84' lang='lat' dir='ltr'>etiam</span> <span class='ocrx_word' id='word_1_466' title='bbox 964 3243 999 3278; x_wconf 89' lang='lat' dir='ltr'>in</span> <span class='ocrx_word' id='word_1_467' title='bbox 1025 3245 1118 3288; x_wconf 80' lang='lat' dir='ltr'>plena</span> 
     </span>
     <span class='ocr_line' id='line_1_64' title="bbox 240 3290 1120 3340; baseline 0.007 -16"><span class='ocrx_word' id='word_1_468' title='bbox 240 3291 345 3324; x_wconf 80' lang='lat' dir='ltr'>totius</span> <span class='ocrx_word' id='word_1_469' title='bbox 365 3290 514 3328; x_wconf 82' lang='lat' dir='ltr'>Ecclefiae</span> <span class='ocrx_word' id='word_1_470' title='bbox 539 3292 676 3340; x_wconf 73' lang='lat' dir='ltr'>synodo</span> <span class='ocrx_word' id='word_1_471' title='bbox 701 3293 903 3329; x_wconf 84' lang='lat' dir='ltr'>tribuerunt.</span> <span class='ocrx_word' id='word_1_472' title='bbox 939 3293 1045 3332; x_wconf 74' lang='lat' dir='ltr'>Unde</span> <span class='ocrx_word' id='word_1_473' title='bbox 1055 3296 1120 3330; x_wconf 82' lang='lat' dir='ltr'>Mi-</span> 
     </span>
     <span class='ocr_line' id='line_1_65' title="bbox 238 3338 1120 3390; baseline 0.009 -16"><span class='ocrx_word' id='word_1_474' title='bbox 238 3338 363 3375; x_wconf 85' lang='lat' dir='ltr'>chaelis</span> <span class='ocrx_word' id='word_1_475' title='bbox 390 3339 455 3375; x_wconf 91' lang='lat' dir='ltr'>hoc</span> <span class='ocrx_word' id='word_1_476' title='bbox 481 3341 606 3381; x_wconf 71' lang='lat' dir='ltr'>facinus</span> <span class='ocrx_word' id='word_1_477' title='bbox 632 3343 697 3380; x_wconf 87' lang='lat' dir='ltr'>fuit</span> <span class='ocrx_word' id='word_1_478' title='bbox 721 3346 822 3390; x_wconf 88' lang='lat' dir='ltr'>usque</span> <span class='ocrx_word' id='word_1_479' title='bbox 856 3353 936 3383; x_wconf 83' lang='lat' dir='ltr'>tunc</span> <span class='ocrx_word' id='word_1_480' title='bbox 972 3345 1120 3384; x_wconf 85' lang='lat' dir='ltr'>inaudita</span> 
     </span>
     <span class='ocr_line' id='line_1_66' title="bbox 241 3390 471 3429; baseline 0.004 -4"><span class='ocrx_word' id='word_1_481' title='bbox 241 3390 446 3429; x_wconf 75' lang='lat' dir='ltr'>contumelia</span> <span class='ocrx_word' id='word_1_482' title='bbox 465 3416 471 3422; x_wconf 87' lang='lat'><em>.</em></span> 
     </span>
    </p>
   </div>
   <div class='ocr_carea' id='block_1_3' title="bbox 1135 451 1140 559">
    <p class='ocr_par' dir='ltr' id='par_1_4' title="bbox 1135 451 1140 559">
     <span class='ocr_line' id='line_1_67' title="bbox 1135 451 1140 559; baseline 0 3177"><span class='ocrx_word' id='word_1_483' title='bbox 1135 451 1140 559; x_wconf 95' lang='lat' dir='ltr'> </span> 
     </span>
    </p>
   </div>
   <div class='ocr_carea' id='block_1_4' title="bbox 1165 121 1402 169">
    <p class='ocr_par' dir='ltr' id='par_1_5' title="bbox 1165 121 1402 169">
     <span class='ocr_line' id='line_1_68' title="bbox 1165 121 1402 169; baseline -0.008 0"><span class='ocrx_word' id='word_1_484' title='bbox 1165 121 1402 169; x_wconf 76' lang='lat' dir='ltr'>N0N1</span> 
     </span>
    </p>
   </div>
   <div class='ocr_carea' id='block_1_5' title="bbox 1473 124 1985 187">
    <p class='ocr_par' dir='ltr' id='par_1_6' title="bbox 1473 124 1985 187">
     <span class='ocr_line' id='line_1_69' title="bbox 1473 124 1985 187; baseline -0.002 -19"><span class='ocrx_word' id='word_1_485' title='bbox 1473 124 1771 168; x_wconf 74' lang='lat' dir='ltr'>Acrls.</span> <span class='ocrx_word' id='word_1_486' title='bbox 1892 141 1985 187; x_wconf 79' lang='lat'>431</span> 
     </span>
    </p>
   </div>
   <div class='ocr_carea' id='block_1_6' title="bbox 1176 203 2072 1793">
    <p class='ocr_par' dir='ltr' id='par_1_7' title="bbox 1177 203 2066 698">
     <span class='ocr_line' id='line_1_70' title="bbox 1226 203 2059 249; baseline 0.002 -10"><span class='ocrx_word' id='word_1_487' title='bbox 1226 204 1279 243; x_wconf 80' lang='lat' dir='ltr'>Ex</span> <span class='ocrx_word' id='word_1_488' title='bbox 1291 205 1406 244; x_wconf 83' lang='lat' dir='ltr'>eodem</span> <span class='ocrx_word' id='word_1_489' title='bbox 1419 204 1580 248; x_wconf 87' lang='lat' dir='ltr'>principio</span> <span class='ocrx_word' id='word_1_490' title='bbox 1593 203 1739 239; x_wconf 89' lang='lat' dir='ltr'>Michael</span> <span class='ocrx_word' id='word_1_491' title='bbox 1754 204 1857 249; x_wconf 85' lang='lat' dir='ltr'>pergit</span> <span class='ocrx_word' id='word_1_492' title='bbox 1866 203 1907 239; x_wconf 87' lang='lat' dir='ltr'>ad</span> <span class='ocrx_word' id='word_1_493' title='bbox 1927 206 2059 246; x_wconf 77' lang='lat' dir='ltr'>Petrum</span> 
     </span>
     <span class='ocr_line' id='line_1_71' title="bbox 1179 252 2063 300; baseline 0.001 -11"><span class='ocrx_word' id='word_1_494' title='bbox 1179 255 1366 290; x_wconf 73' lang='lat' dir='ltr'>Antiochiae</span> <span class='ocrx_word' id='word_1_495' title='bbox 1388 252 1608 289; x_wconf 79' lang='lat' dir='ltr'>patriarcham</span> <span class='ocrx_word' id='word_1_496' title='bbox 1633 268 1640 287; x_wconf 74' lang='grc' dir='ltr'>ι</span> <span class='ocrx_word' id='word_1_497' title='bbox 1662 258 1748 300; x_wconf 84' lang='lat' dir='ltr'>Jam</span> <span class='ocrx_word' id='word_1_498' title='bbox 1766 257 1836 289; x_wconf 75' lang='lat' dir='ltr'>vero</span> <span class='ocrx_word' id='word_1_499' title='bbox 1855 257 2003 297; x_wconf 80' lang='lat' dir='ltr'>quiddam</span> <span class='ocrx_word' id='word_1_500' title='bbox 2020 262 2063 296; x_wconf 77' lang='lat' dir='ltr'>ad</span> 
     </span>
     <span class='ocr_line' id='line_1_72' title="bbox 1178 304 2062 350; baseline 0.002 -13"><span class='ocrx_word' id='word_1_501' title='bbox 1178 304 1287 346; x_wconf 83' lang='lat' dir='ltr'>nostras</span> <span class='ocrx_word' id='word_1_502' title='bbox 1296 318 1381 342; x_wconf 70' lang='lat' dir='ltr'>aure:</span> <span class='ocrx_word' id='word_1_503' title='bbox 1389 310 1530 347; x_wconf 84' lang='lat' dir='ltr'>pervenit</span> <span class='ocrx_word' id='word_1_504' title='bbox 1543 329 1553 345; x_wconf 92' lang='lat'><strong>,</strong></span> <span class='ocrx_word' id='word_1_505' title='bbox 1579 306 1659 347; x_wconf 84' lang='lat' dir='ltr'>quod</span> <span class='ocrx_word' id='word_1_506' title='bbox 1677 313 1730 342; x_wconf 79' lang='lat' dir='ltr'>tua</span> <span class='ocrx_word' id='word_1_507' title='bbox 1752 307 1914 343; x_wconf 74' lang='lat' dir='ltr'>Beatitudo</span> <span class='ocrx_word' id='word_1_508' title='bbox 1944 310 2062 350; x_wconf 80' lang='lat' dir='ltr'>Papam</span> 
     </span>
     <span class='ocr_line' id='line_1_73' title="bbox 1177 354 2060 399; baseline 0.005 -12"><span class='ocrx_word' id='word_1_509' title='bbox 1177 362 1210 388; x_wconf 87' lang='lat' dir='ltr'>in</span> <span class='ocrx_word' id='word_1_510' title='bbox 1217 354 1310 398; x_wconf 82' lang='lat' dir='ltr'>sacris</span> <span class='ocrx_word' id='word_1_511' title='bbox 1320 355 1430 397; x_wconf 66' lang='lat' dir='ltr'>reserat</span> <span class='ocrx_word' id='word_1_512' title='bbox 1452 354 1604 397; x_wconf 72' lang='lat' dir='ltr'>Dypticbis</span> <span class='ocrx_word' id='word_1_513' title='bbox 1614 380 1624 395; x_wconf 90' lang='lat'>‚</span> <span class='ocrx_word' id='word_1_514' title='bbox 1652 365 1702 387; x_wconf 89' lang='lat' dir='ltr'>nec</span> <span class='ocrx_word' id='word_1_515' title='bbox 1724 367 1781 387; x_wconf 91' lang='lat' dir='ltr'>non</span> <span class='ocrx_word' id='word_1_516' title='bbox 1803 357 1837 389; x_wconf 63' lang='grc' dir='ltr'>(τ</span> <span class='ocrx_word' id='word_1_517' title='bbox 1861 357 1941 389; x_wconf 84' lang='lat' dir='ltr'>idem</span> <span class='ocrx_word' id='word_1_518' title='bbox 1958 357 2060 399; x_wconf 84' lang='lat' dir='ltr'>faciat</span> 
     </span>
     <span class='ocr_line' id='line_1_74' title="bbox 1180 404 2059 448; baseline -0.001 -10"><span class='ocrx_word' id='word_1_519' title='bbox 1180 407 1372 439; x_wconf 68' lang='lat' dir='ltr'>Alexandria·</span> <span class='ocrx_word' id='word_1_520' title='bbox 1382 407 1416 440; x_wconf 69' lang='lat'>(5</span> <span class='ocrx_word' id='word_1_521' title='bbox 1428 404 1684 448; x_wconf 69' lang='lat' dir='ltr'>Hierosolymorum</span> <span class='ocrx_word' id='word_1_522' title='bbox 1698 404 1875 439; x_wconf 84' lang='lat' dir='ltr'>Patriarcha</span> <span class='ocrx_word' id='word_1_523' title='bbox 1885 431 1892 438; x_wconf 86' lang='lat'>.</span> <span class='ocrx_word' id='word_1_524' title='bbox 1918 410 1983 445; x_wconf 83' lang='lat' dir='ltr'>Nec</span> <span class='ocrx_word' id='word_1_525' title='bbox 2006 409 2059 446; x_wconf 50' lang='lat' dir='ltr'>ab</span> 
     </span>
     <span class='ocr_line' id='line_1_75' title="bbox 1180 456 2064 498; baseline -0.006 -10"><span class='ocrx_word' id='word_1_526' title='bbox 1180 456 1383 498; x_wconf 82' lang='lat' dir='ltr'>ducipoffum‚</span> <span class='ocrx_word' id='word_1_527' title='bbox 1407 456 1567 493; x_wconf 83' lang='lat' dir='ltr'>utcredam</span> <span class='ocrx_word' id='word_1_528' title='bbox 1577 464 1665 488; x_wconf 87' lang='lat' dir='ltr'>tanta</span> <span class='ocrx_word' id='word_1_529' title='bbox 1680 467 1734 488; x_wconf 84' lang='lat' dir='ltr'>vos</span> <span class='ocrx_word' id='word_1_530' title='bbox 1746 462 1921 498; x_wconf 71' lang='lat' dir='ltr'>ignorantia</span> <span class='ocrx_word' id='word_1_531' title='bbox 1947 459 2064 492; x_wconf 77' lang='lat' dir='ltr'>detine.</span> 
     </span>
     <span class='ocr_line' id='line_1_76' title="bbox 1181 505 2066 548; baseline 0.003 -11"><span class='ocrx_word' id='word_1_532' title='bbox 1181 511 1208 537; x_wconf 90' lang='lat' dir='ltr'>ri</span> <span class='ocrx_word' id='word_1_533' title='bbox 1219 530 1230 546; x_wconf 83' lang='lat'>,</span> <span class='ocrx_word' id='word_1_534' title='bbox 1246 506 1395 548; x_wconf 57' lang='lat' dir='ltr'>pra-cipue*</span> <span class='ocrx_word' id='word_1_535' title='bbox 1405 514 1488 537; x_wconf 87' lang='lat' dir='ltr'>tuam</span> <span class='ocrx_word' id='word_1_536' title='bbox 1497 505 1750 546; x_wconf 72' lang='lat' dir='ltr'>incomparabilem</span> <span class='ocrx_word' id='word_1_537' title='bbox 1761 511 1903 538; x_wconf 81' lang='lat' dir='ltr'>virtutem</span> <span class='ocrx_word' id='word_1_538' title='bbox 1914 530 1921 543; x_wconf 42' lang='grc' dir='ltr'>ἱ</span> <span class='ocrx_word' id='word_1_539' title='bbox 1947 507 1989 540; x_wconf 85' lang='lat' dir='ltr'>Et</span> <span class='ocrx_word' id='word_1_540' title='bbox 2002 508 2066 542; x_wconf 80' lang='lat' dir='ltr'>Pe-</span> 
     </span>
     <span class='ocr_line' id='line_1_77' title="bbox 1180 554 2066 600; baseline 0 -11"><span class='ocrx_word' id='word_1_541' title='bbox 1180 565 1246 589; x_wconf 88' lang='lat' dir='ltr'>trus</span> <span class='ocrx_word' id='word_1_542' title='bbox 1257 556 1397 599; x_wconf 89' lang='lat' dir='ltr'>reposuit</span> <span class='ocrx_word' id='word_1_543' title='bbox 1410 567 1417 587; x_wconf 90' lang='lat'>:</span> <span class='ocrx_word' id='word_1_544' title='bbox 1445 556 1598 598; x_wconf 74' lang='lat' dir='ltr'>‚Quomodo</span> <span class='ocrx_word' id='word_1_545' title='bbox 1609 555 1749 588; x_wconf 86' lang='lat' dir='ltr'>debebam</span> <span class='ocrx_word' id='word_1_546' title='bbox 1759 567 1808 598; x_wconf 87' lang='lat' dir='ltr'>ego</span> <span class='ocrx_word' id='word_1_547' title='bbox 1818 554 1959 598; x_wconf 81' lang='lat' dir='ltr'>bucusque</span> <span class='ocrx_word' id='word_1_548' title='bbox 1972 563 2004 590; x_wconf 78' lang='lat' dir='ltr'>in</span> <span class='ocrx_word' id='word_1_549' title='bbox 2010 556 2066 600; x_wconf 73' lang='lat' dir='ltr'>Ja-</span> 
     </span>
     <span class='ocr_line' id='line_1_78' title="bbox 1178 603 2063 648; baseline 0.002 -11"><span class='ocrx_word' id='word_1_550' title='bbox 1178 611 1236 638; x_wconf 76' lang='lat' dir='ltr'>cris</span> <span class='ocrx_word' id='word_1_551' title='bbox 1250 603 1402 647; x_wconf 79' lang='lat' dir='ltr'>Dypticbis</span> <span class='ocrx_word' id='word_1_552' title='bbox 1429 607 1547 646; x_wconf 87' lang='lat' dir='ltr'>Papam</span> <span class='ocrx_word' id='word_1_553' title='bbox 1568 603 1677 646; x_wconf 79' lang='lat' dir='ltr'>referre</span> <span class='ocrx_word' id='word_1_554' title='bbox 1690 629 1700 645; x_wconf 93' lang='lat'>,</span> <span class='ocrx_word' id='word_1_555' title='bbox 1725 616 1790 642; x_wconf 84' lang='lat' dir='ltr'>cum</span> <span class='ocrx_word' id='word_1_556' title='bbox 1804 603 1981 648; x_wconf 66' lang='lat' dir='ltr'>sanfflffima</span> <span class='ocrx_word' id='word_1_557' title='bbox 2010 617 2063 640; x_wconf 84' lang='lat' dir='ltr'>tua</span> 
     </span>
     <span class='ocr_line' id='line_1_79' title="bbox 1180 653 2064 698; baseline 0.005 -11"><span class='ocrx_word' id='word_1_558' title='bbox 1180 655 1305 697; x_wconf 79' lang='lat' dir='ltr'>Ecclefia</span> <span class='ocrx_word' id='word_1_559' title='bbox 1318 653 1413 698; x_wconf 77' lang='lat' dir='ltr'>ipsum</span> <span class='ocrx_word' id='word_1_560' title='bbox 1425 666 1481 686; x_wconf 87' lang='lat' dir='ltr'>non</span> <span class='ocrx_word' id='word_1_561' title='bbox 1494 654 1605 695; x_wconf 83' lang='lat' dir='ltr'>referat</span> <span class='ocrx_word' id='word_1_562' title='bbox 1618 656 1630 688; x_wconf 85' lang='lat'>?</span> <span class='ocrx_word' id='word_1_563' title='bbox 1651 659 1726 694; x_wconf 85' lang='lat' dir='ltr'>Cum</span> <span class='ocrx_word' id='word_1_564' title='bbox 1741 666 1789 697; x_wconf 84' lang='lat' dir='ltr'>ego</span> <span class='ocrx_word' id='word_1_565' title='bbox 1796 654 1851 695; x_wconf 71' lang='lat' dir='ltr'>sim</span> <span class='ocrx_word' id='word_1_566' title='bbox 1864 655 1951 697; x_wconf 83' lang='lat' dir='ltr'>ipfius</span> <span class='ocrx_word' id='word_1_567' title='bbox 1965 658 2064 691; x_wconf 84' lang='lat' dir='ltr'>Eccle-</span> 
     </span>
    </p>

    <p class='ocr_par' dir='ltr' id='par_1_8' title="bbox 1176 707 2072 1793">
     <span class='ocr_line' id='line_1_80' title="bbox 1833 707 2063 748; baseline 0.013 -11"><span class='ocrx_word' id='word_1_568' title='bbox 1833 707 1867 746; x_wconf 68' lang='lat' dir='ltr'>(Jt</span> <span class='ocrx_word' id='word_1_569' title='bbox 1879 707 1981 746; x_wconf 72' lang='lat' dir='ltr'>verbis</span> <span class='ocrx_word' id='word_1_570' title='bbox 1995 708 2063 748; x_wconf 81' lang='lat' dir='ltr'>ejus</span> 
     </span>
     <span class='ocr_line' id='line_1_81' title="bbox 1176 751 2067 797; baseline -0.006 -9"><span class='ocrx_word' id='word_1_571' title='bbox 1176 756 1339 796; x_wconf 81' lang='lat' dir='ltr'>privilegia</span> <span class='ocrx_word' id='word_1_572' title='bbox 1344 751 1460 795; x_wconf 67' lang='lat' dir='ltr'>semper</span> <span class='ocrx_word' id='word_1_573' title='bbox 1470 751 1683 797; x_wconf 66' lang='lat' dir='ltr'>magnifaciens</span> <span class='ocrx_word' id='word_1_574' title='bbox 1695 755 1729 786; x_wconf 64' lang='grc' dir='ltr'>Θ·</span> <span class='ocrx_word' id='word_1_575' title='bbox 1749 765 1896 792; x_wconf 71' lang='lat' dir='ltr'>venerans</span> <span class='ocrx_word' id='word_1_576' title='bbox 1908 780 1915 794; x_wconf 62' lang='grc'>,</span> <span class='ocrx_word' id='word_1_577' title='bbox 1946 757 1988 790; x_wconf 88' lang='lat' dir='ltr'>Et</span> <span class='ocrx_word' id='word_1_578' title='bbox 2013 756 2067 795; x_wconf 58' lang='lat' dir='ltr'>in.</span> 
     </span>
     <span class='ocr_line' id='line_1_82' title="bbox 1180 800 2065 846; baseline 0 -10"><span class='ocrx_word' id='word_1_579' title='bbox 1180 803 1244 836; x_wconf 75' lang='lat' dir='ltr'>fra:</span> <span class='ocrx_word' id='word_1_580' title='bbox 1273 805 1318 836; x_wconf 85' lang='lat' dir='ltr'>Et</span> <span class='ocrx_word' id='word_1_581' title='bbox 1328 801 1424 835; x_wconf 79' lang='lat' dir='ltr'>bacin</span> <span class='ocrx_word' id='word_1_582' title='bbox 1436 814 1468 836; x_wconf 86' lang='lat' dir='ltr'>re</span> <span class='ocrx_word' id='word_1_583' title='bbox 1478 814 1526 846; x_wconf 85' lang='lat' dir='ltr'>ego</span> <span class='ocrx_word' id='word_1_584' title='bbox 1537 801 1704 845; x_wconf 80' lang='lat' dir='ltr'>testisfidus</span> <span class='ocrx_word' id='word_1_585' title='bbox 1727 800 1796 845; x_wconf 84' lang='lat' dir='ltr'>sum</span> <span class='ocrx_word' id='word_1_586' title='bbox 1810 826 1820 842; x_wconf 91' lang='lat'>‚</span> <span class='ocrx_word' id='word_1_587' title='bbox 1846 803 1880 835; x_wconf 66' lang='lat'>(⁸5</span> <span class='ocrx_word' id='word_1_588' title='bbox 1903 807 1955 837; x_wconf 80' lang='lat' dir='ltr'>alii</span> <span class='ocrx_word' id='word_1_589' title='bbox 1977 807 2065 843; x_wconf 73' lang='lat' dir='ltr'>multi</span> 
     </span>
     <span class='ocr_line' id='line_1_83' title="bbox 1183 851 2067 896; baseline 0.001 -10"><span class='ocrx_word' id='word_1_590' title='bbox 1183 853 1313 896; x_wconf 67' lang='lat' dir='ltr'>Ecclestae</span> <span class='ocrx_word' id='word_1_591' title='bbox 1326 856 1461 887; x_wconf 83' lang='lat' dir='ltr'>Proceres</span> <span class='ocrx_word' id='word_1_592' title='bbox 1478 878 1488 894; x_wconf 93' lang='lat'><strong>,</strong></span> <span class='ocrx_word' id='word_1_593' title='bbox 1515 854 1595 895; x_wconf 88' lang='lat' dir='ltr'>quod</span> <span class='ocrx_word' id='word_1_594' title='bbox 1601 860 1728 894; x_wconf 87' lang='lat' dir='ltr'>tempore</span> <span class='ocrx_word' id='word_1_595' title='bbox 1738 851 1835 891; x_wconf 64' lang='lat' dir='ltr'>beata-³</span> <span class='ocrx_word' id='word_1_596' title='bbox 1848 859 1992 887; x_wconf 83' lang='lat' dir='ltr'>memoriae</span> <span class='ocrx_word' id='word_1_597' title='bbox 2007 858 2067 888; x_wconf 89' lang='lat' dir='ltr'>Pa-</span> 
     </span>
     <span class='ocr_line' id='line_1_84' title="bbox 1183 898 2066 951; baseline 0.001 -14"><span class='ocrx_word' id='word_1_598' title='bbox 1183 903 1323 944; x_wconf 73' lang='lat' dir='ltr'>triarchae</span> <span class='ocrx_word' id='word_1_599' title='bbox 1338 906 1457 944; x_wconf 77' lang='lat' dir='ltr'>Domini</span> <span class='ocrx_word' id='word_1_600' title='bbox 1459 906 1491 951; x_wconf 81' lang='lat' dir='ltr'><em>J</em></span> <span class='ocrx_word' id='word_1_601' title='bbox 1494 898 1598 942; x_wconf 85' lang='lat' dir='ltr'>oannis</span> <span class='ocrx_word' id='word_1_602' title='bbox 1619 906 1768 941; x_wconf 81' lang='lat' dir='ltr'>Romanus</span> <span class='ocrx_word' id='word_1_603' title='bbox 1793 904 1882 944; x_wconf 84' lang='lat' dir='ltr'>Papa</span> <span class='ocrx_word' id='word_1_604' title='bbox 1893 927 1903 943; x_wconf 91' lang='lat'>,</span> <span class='ocrx_word' id='word_1_605' title='bbox 1923 905 1954 948; x_wconf 90' lang='lat' dir='ltr'><em>J</em></span> <span class='ocrx_word' id='word_1_606' title='bbox 1955 916 2066 938; x_wconf 86' lang='lat' dir='ltr'>oannes</span> 
     </span>
     <span class='ocr_line' id='line_1_85' title="bbox 1182 951 2066 995; baseline 0.001 -8"><span class='ocrx_word' id='word_1_607' title='bbox 1182 960 1273 988; x_wconf 86' lang='lat' dir='ltr'>etiam</span> <span class='ocrx_word' id='word_1_608' title='bbox 1284 962 1468 995; x_wconf 85' lang='lat' dir='ltr'>nuncupatus</span> <span class='ocrx_word' id='word_1_609' title='bbox 1479 975 1489 991; x_wconf 89' lang='lat'>‚</span> <span class='ocrx_word' id='word_1_610' title='bbox 1501 959 1533 985; x_wconf 85' lang='lat' dir='ltr'>in</span> <span class='ocrx_word' id='word_1_611' title='bbox 1541 951 1641 995; x_wconf 79' lang='lat' dir='ltr'>sacris</span> <span class='ocrx_word' id='word_1_612' title='bbox 1654 951 1806 994; x_wconf 64' lang='lat' dir='ltr'>Dyptichit</span> <span class='ocrx_word' id='word_1_613' title='bbox 1820 952 1984 993; x_wconf 77' lang='lat' dir='ltr'>habebatur</span> <span class='ocrx_word' id='word_1_614' title='bbox 1997 979 2004 986; x_wconf 92' lang='lat'><strong>.</strong></span> <span class='ocrx_word' id='word_1_615' title='bbox 2018 958 2049 987; x_wconf 86' lang='grc' dir='ltr'><strong><em>Ε</em></strong></span> <span class='ocrx_word' id='word_1_616' title='bbox 2051 964 2066 988; x_wconf 86' lang='lat' dir='ltr'>t</span> 
     </span>
     <span class='ocr_line' id='line_1_86' title="bbox 1182 1003 2071 1046; baseline -0.002 -9"><span class='ocrx_word' id='word_1_617' title='bbox 1182 1015 1247 1037; x_wconf 86' lang='lat' dir='ltr'>cum</span> <span class='ocrx_word' id='word_1_618' title='bbox 1259 1004 1537 1045; x_wconf 82' lang='lat' dir='ltr'>Constantinopolim</span> <span class='ocrx_word' id='word_1_619' title='bbox 1548 1004 1749 1046; x_wconf 82' lang='lat' dir='ltr'>quadraginta</span> <span class='ocrx_word' id='word_1_620' title='bbox 1761 1009 1886 1045; x_wconf 87' lang='lat' dir='ltr'>quinque</span> <span class='ocrx_word' id='word_1_621' title='bbox 1895 1003 2003 1043; x_wconf 78' lang='lat' dir='ltr'>abhinc</span> <span class='ocrx_word' id='word_1_622' title='bbox 2013 1017 2071 1043; x_wconf 56' lang='lat' dir='ltr'>an„</span> 
     </span>
     <span class='ocr_line' id='line_1_87' title="bbox 1182 1053 2069 1097; baseline 0 -10"><span class='ocrx_word' id='word_1_623' title='bbox 1182 1060 1230 1087; x_wconf 85' lang='lat' dir='ltr'>nis</span> <span class='ocrx_word' id='word_1_624' title='bbox 1242 1055 1380 1097; x_wconf 82' lang='lat' dir='ltr'>venissem</span> <span class='ocrx_word' id='word_1_625' title='bbox 1391 1076 1402 1092; x_wconf 89' lang='lat'><strong>,</strong></span> <span class='ocrx_word' id='word_1_626' title='bbox 1413 1058 1517 1086; x_wconf 81' lang='lat' dir='ltr'>inveni</span> <span class='ocrx_word' id='word_1_627' title='bbox 1529 1061 1656 1095; x_wconf 86' lang='lat' dir='ltr'>tempore</span> <span class='ocrx_word' id='word_1_628' title='bbox 1668 1053 1763 1086; x_wconf 85' lang='lat' dir='ltr'>beatae</span> <span class='ocrx_word' id='word_1_629' title='bbox 1773 1059 1918 1088; x_wconf 62' lang='lat' dir='ltr'>memoria</span> <span class='ocrx_word' id='word_1_630' title='bbox 1931 1057 2069 1087; x_wconf 81' lang='lat' dir='ltr'>Patriar-</span> 
     </span>
     <span class='ocr_line' id='line_1_88' title="bbox 1181 1102 2070 1148; baseline 0 -11"><span class='ocrx_word' id='word_1_631' title='bbox 1181 1104 1243 1137; x_wconf 83' lang='lat' dir='ltr'>cbae</span> <span class='ocrx_word' id='word_1_632' title='bbox 1258 1107 1375 1136; x_wconf 79' lang='lat' dir='ltr'>Domini</span> <span class='ocrx_word' id='word_1_633' title='bbox 1386 1105 1477 1148; x_wconf 75' lang='lat' dir='ltr'>Sergii</span> <span class='ocrx_word' id='word_1_634' title='bbox 1487 1108 1519 1135; x_wconf 78' lang='lat' dir='ltr'>in</span> <span class='ocrx_word' id='word_1_635' title='bbox 1525 1102 1614 1145; x_wconf 87' lang='lat' dir='ltr'>sacra</span> <span class='ocrx_word' id='word_1_636' title='bbox 1625 1103 1711 1147; x_wconf 79' lang='lat' dir='ltr'>Miffa</span> <span class='ocrx_word' id='word_1_637' title='bbox 1728 1105 1789 1136; x_wconf 69' lang='lat' dir='ltr'>una</span> <span class='ocrx_word' id='word_1_638' title='bbox 1813 1114 1877 1137; x_wconf 87' lang='lat' dir='ltr'>cum</span> <span class='ocrx_word' id='word_1_639' title='bbox 1900 1105 1970 1137; x_wconf 83' lang='lat' dir='ltr'>aliis</span> <span class='ocrx_word' id='word_1_640' title='bbox 1990 1106 2070 1137; x_wconf 81' lang='lat' dir='ltr'>San-</span> 
     </span>
     <span class='ocr_line' id='line_1_89' title="bbox 1181 1152 2066 1196; baseline 0 -9"><span class='ocrx_word' id='word_1_641' title='bbox 1181 1155 1307 1194; x_wconf 72' lang='lat' dir='ltr'>c‘ltffimis</span> <span class='ocrx_word' id='word_1_642' title='bbox 1320 1152 1507 1186; x_wconf 67' lang='lat' dir='ltr'>patriarchis</span> <span class='ocrx_word' id='word_1_643' title='bbox 1518 1154 1647 1187; x_wconf 80' lang='lat' dir='ltr'>relatum</span> <span class='ocrx_word' id='word_1_644' title='bbox 1664 1177 1671 1185; x_wconf 91' lang='lat'><strong>.</strong></span> <span class='ocrx_word' id='word_1_645' title='bbox 1698 1155 1850 1196; x_wconf 76' lang='lat' dir='ltr'>,Quomodo</span> <span class='ocrx_word' id='word_1_646' title='bbox 1863 1157 1934 1187; x_wconf 74' lang='lat' dir='ltr'>vero</span> <span class='ocrx_word' id='word_1_647' title='bbox 1958 1155 2066 1190; x_wconf 66' lang='lat' dir='ltr'>deind?</span> 
     </span>
     <span class='ocr_line' id='line_1_90' title="bbox 1182 1202 2068 1246; baseline -0.002 -8"><span class='ocrx_word' id='word_1_648' title='bbox 1182 1205 1286 1238; x_wconf 86' lang='lat' dir='ltr'>eadem</span> <span class='ocrx_word' id='word_1_649' title='bbox 1296 1205 1401 1237; x_wconf 86' lang='lat' dir='ltr'>relatio</span> <span class='ocrx_word' id='word_1_650' title='bbox 1413 1205 1447 1238; x_wconf 69' lang='lat'>&amp;⁵</span> <span class='ocrx_word' id='word_1_651' title='bbox 1457 1209 1686 1237; x_wconf 84' lang='lat' dir='ltr'>commemoratio</span> <span class='ocrx_word' id='word_1_652' title='bbox 1695 1205 1711 1236; x_wconf 77' lang='grc' dir='ltr'><strong><em>ὲ</em></strong></span> <span class='ocrx_word' id='word_1_653' title='bbox 1725 1204 1822 1236; x_wconf 78' lang='lat' dir='ltr'>medio</span> <span class='ocrx_word' id='word_1_654' title='bbox 1828 1202 1953 1246; x_wconf 84' lang='lat' dir='ltr'>sublata</span> <span class='ocrx_word' id='word_1_655' title='bbox 1959 1202 1997 1244; x_wconf 85' lang='lat' dir='ltr'>fit</span> <span class='ocrx_word' id='word_1_656' title='bbox 2010 1228 2020 1243; x_wconf 92' lang='lat'>,</span> <span class='ocrx_word' id='word_1_657' title='bbox 2033 1205 2068 1241; x_wconf 69' lang='lat' dir='ltr'>(tt</span> 
     </span>
     <span class='ocr_line' id='line_1_91' title="bbox 1182 1252 2068 1297; baseline -0.001 -10"><span class='ocrx_word' id='word_1_658' title='bbox 1182 1266 1314 1297; x_wconf 89' lang='lat' dir='ltr'>quanam</span> <span class='ocrx_word' id='word_1_659' title='bbox 1325 1256 1362 1288; x_wconf 84' lang='lat' dir='ltr'>de</span> <span class='ocrx_word' id='word_1_660' title='bbox 1372 1252 1460 1297; x_wconf 88' lang='lat' dir='ltr'>causa</span> <span class='ocrx_word' id='word_1_661' title='bbox 1470 1278 1481 1294; x_wconf 94' lang='lat'>,</span> <span class='ocrx_word' id='word_1_662' title='bbox 1506 1260 1604 1297; x_wconf 79' lang='lat' dir='ltr'>ignoro</span> <span class='ocrx_word' id='word_1_663' title='bbox 1619 1278 1625 1286; x_wconf 94' lang='lat'>.</span> <span class='ocrx_word' id='word_1_664' title='bbox 1653 1253 1794 1296; x_wconf 76' lang='lat' dir='ltr'>Ioannes</span> <span class='ocrx_word' id='word_1_665' title='bbox 1807 1254 1861 1287; x_wconf 87' lang='lat' dir='ltr'>ilie</span> <span class='ocrx_word' id='word_1_666' title='bbox 1885 1264 1954 1288; x_wconf 91' lang='lat' dir='ltr'>non</span> <span class='ocrx_word' id='word_1_667' title='bbox 1978 1253 2068 1286; x_wconf 87' lang='lat' dir='ltr'>Con·</span> 
     </span>
     <span class='ocr_line' id='line_1_92' title="bbox 1183 1302 2070 1350; baseline -0.002 -12"><span class='ocrx_word' id='word_1_668' title='bbox 1183 1305 1513 1350; x_wconf 70' lang='lat' dir='ltr'>stantinopolitanus‚</span> <span class='ocrx_word' id='word_1_669' title='bbox 1540 1303 1591 1338; x_wconf 89' lang='lat' dir='ltr'>sed</span> <span class='ocrx_word' id='word_1_670' title='bbox 1605 1302 1836 1345; x_wconf 64' lang='lat' dir='ltr'>Antioche-‚nus</span> <span class='ocrx_word' id='word_1_671' title='bbox 1847 1303 1910 1344; x_wconf 86' lang='lat' dir='ltr'>fuit</span> <span class='ocrx_word' id='word_1_672' title='bbox 1931 1303 2070 1343; x_wconf 77' lang='lat' dir='ltr'>Patriar-</span> 
     </span>
     <span class='ocr_line' id='line_1_93' title="bbox 1183 1353 2069 1398; baseline -0.001 -10"><span class='ocrx_word' id='word_1_673' title='bbox 1183 1354 1243 1388; x_wconf 90' lang='lat' dir='ltr'>cha</span> <span class='ocrx_word' id='word_1_674' title='bbox 1256 1379 1267 1395; x_wconf 89' lang='lat'>‚</span> <span class='ocrx_word' id='word_1_675' title='bbox 1295 1353 1436 1395; x_wconf 82' lang='lat' dir='ltr'>secundo</span> <span class='ocrx_word' id='word_1_676' title='bbox 1458 1353 1834 1397; x_wconf 79' lang='lat' dir='ltr'>Constantinopolitano</span> <span class='ocrx_word' id='word_1_677' title='bbox 1857 1354 1971 1398; x_wconf 78' lang='lat' dir='ltr'>Sergio</span> <span class='ocrx_word' id='word_1_678' title='bbox 1995 1376 2007 1394; x_wconf 89' lang='lat'><strong>,</strong></span> <span class='ocrx_word' id='word_1_679' title='bbox 2031 1363 2069 1387; x_wconf 81' lang='lat' dir='ltr'>ac</span> 
     </span>
     <span class='ocr_line' id='line_1_94' title="bbox 1185 1402 2068 1448; baseline 0 -9"><span class='ocrx_word' id='word_1_680' title='bbox 1185 1404 1345 1439; x_wconf 89' lang='lat' dir='ltr'>Romanis</span> <span class='ocrx_word' id='word_1_681' title='bbox 1359 1403 1578 1438; x_wconf 89' lang='lat' dir='ltr'>Pontificibus</span> <span class='ocrx_word' id='word_1_682' title='bbox 1591 1405 1727 1448; x_wconf 89' lang='lat' dir='ltr'>septimo</span> <span class='ocrx_word' id='word_1_683' title='bbox 1737 1402 1868 1437; x_wconf 86' lang='lat' dir='ltr'>decimo</span> <span class='ocrx_word' id='word_1_684' title='bbox 1879 1404 1912 1437; x_wconf 90' lang='lat'>&amp;</span> <span class='ocrx_word' id='word_1_685' title='bbox 1935 1403 2068 1439; x_wconf 83' lang='lat' dir='ltr'>decimo.</span> 
     </span>
     <span class='ocr_line' id='line_1_95' title="bbox 1185 1452 2070 1498; baseline -0.001 -10"><span class='ocrx_word' id='word_1_686' title='bbox 1185 1457 1302 1488; x_wconf 71' lang='lat' dir='ltr'>octavo</span> <span class='ocrx_word' id='word_1_687' title='bbox 1325 1455 1443 1497; x_wconf 89' lang='lat' dir='ltr'>Joanni</span> <span class='ocrx_word' id='word_1_688' title='bbox 1466 1465 1648 1488; x_wconf 85' lang='lat' dir='ltr'>coaetaneus</span> <span class='ocrx_word' id='word_1_689' title='bbox 1661 1479 1668 1486; x_wconf 94' lang='lat'><strong>.</strong></span> <span class='ocrx_word' id='word_1_690' title='bbox 1696 1454 1809 1488; x_wconf 80' lang='lat' dir='ltr'>Petrus</span> <span class='ocrx_word' id='word_1_691' title='bbox 1830 1452 1909 1498; x_wconf 76' lang='lat' dir='ltr'>ergo</span> <span class='ocrx_word' id='word_1_692' title='bbox 1931 1453 2070 1487; x_wconf 83' lang='lat' dir='ltr'>affirmat</span> 
     </span>
     <span class='ocr_line' id='line_1_96' title="bbox 1185 1502 2071 1547; baseline 0 -11"><span class='ocrx_word' id='word_1_693' title='bbox 1185 1504 1314 1547; x_wconf 77' lang='lat' dir='ltr'>papalis</span> <span class='ocrx_word' id='word_1_694' title='bbox 1325 1505 1468 1539; x_wconf 89' lang='lat' dir='ltr'>nominis</span> <span class='ocrx_word' id='word_1_695' title='bbox 1479 1505 1707 1538; x_wconf 84' lang='lat' dir='ltr'>recitationem</span> <span class='ocrx_word' id='word_1_696' title='bbox 1719 1504 1752 1537; x_wconf 88' lang='lat' dir='ltr'>in</span> <span class='ocrx_word' id='word_1_697' title='bbox 1766 1503 1920 1537; x_wconf 89' lang='lat' dir='ltr'>omnibus</span> <span class='ocrx_word' id='word_1_698' title='bbox 1932 1502 2071 1537; x_wconf 80' lang='lat' dir='ltr'>Patriar-</span> 
     </span>
     <span class='ocr_line' id='line_1_97' title="bbox 1186 1552 2072 1595; baseline 0.001 -10"><span class='ocrx_word' id='word_1_699' title='bbox 1186 1552 1333 1585; x_wconf 88' lang='lat' dir='ltr'>chalibus</span> <span class='ocrx_word' id='word_1_700' title='bbox 1346 1553 1494 1585; x_wconf 81' lang='lat' dir='ltr'>Ecclefiis</span> <span class='ocrx_word' id='word_1_701' title='bbox 1504 1554 1566 1585; x_wconf 78' lang='lat' dir='ltr'>effe</span> <span class='ocrx_word' id='word_1_702' title='bbox 1577 1555 1746 1594; x_wconf 86' lang='lat' dir='ltr'>antiquam</span> <span class='ocrx_word' id='word_1_703' title='bbox 1758 1577 1769 1592; x_wconf 88' lang='lat'><strong>,</strong></span> <span class='ocrx_word' id='word_1_704' title='bbox 1794 1553 1903 1595; x_wconf 84' lang='lat' dir='ltr'>&amp;jam</span> <span class='ocrx_word' id='word_1_705' title='bbox 1925 1561 2072 1586; x_wconf 85' lang='lat' dir='ltr'>recenter</span> 
     </span>
     <span class='ocr_line' id='line_1_98' title="bbox 1184 1601 2061 1645; baseline 0.002 -11"><span class='ocrx_word' id='word_1_706' title='bbox 1184 1602 1268 1643; x_wconf 89' lang='lat' dir='ltr'>apud</span> <span class='ocrx_word' id='word_1_707' title='bbox 1282 1601 1610 1644; x_wconf 76' lang='lat' dir='ltr'>Constantinopolim</span> <span class='ocrx_word' id='word_1_708' title='bbox 1622 1602 1709 1635; x_wconf 69' lang='lat' dir='ltr'>faetae</span> <span class='ocrx_word' id='word_1_709' title='bbox 1720 1602 1852 1641; x_wconf 78' lang='lat' dir='ltr'>rasionis</span> <span class='ocrx_word' id='word_1_710' title='bbox 1860 1603 1970 1635; x_wconf 86' lang='lat' dir='ltr'>causas</span> <span class='ocrx_word' id='word_1_711' title='bbox 1982 1603 2061 1645; x_wconf 87' lang='lat' dir='ltr'>igno</span> 
     </span>
     <span class='ocr_line' id='line_1_99' title="bbox 1183 1649 2061 1691; baseline 0.001 -9"><span class='ocrx_word' id='word_1_712' title='bbox 1183 1651 1242 1689; x_wconf 80' lang='lat' dir='ltr'>rari</span> <span class='ocrx_word' id='word_1_713' title='bbox 1255 1652 1272 1683; x_wconf 75' lang='lat' dir='ltr'>a</span> <span class='ocrx_word' id='word_1_714' title='bbox 1285 1650 1315 1682; x_wconf 88' lang='lat' dir='ltr'>se</span> <span class='ocrx_word' id='word_1_715' title='bbox 1327 1673 1337 1688; x_wconf 95' lang='lat'>‚</span> <span class='ocrx_word' id='word_1_716' title='bbox 1364 1661 1401 1682; x_wconf 87' lang='lat' dir='ltr'>ac</span> <span class='ocrx_word' id='word_1_717' title='bbox 1414 1649 1455 1682; x_wconf 88' lang='lat' dir='ltr'>de</span> <span class='ocrx_word' id='word_1_718' title='bbox 1470 1650 1539 1691; x_wconf 75' lang='lat' dir='ltr'>ipsis</span> <span class='ocrx_word' id='word_1_719' title='bbox 1550 1660 1662 1691; x_wconf 90' lang='lat' dir='ltr'>optare</span> <span class='ocrx_word' id='word_1_720' title='bbox 1673 1651 1788 1683; x_wconf 86' lang='lat' dir='ltr'>instrui</span> <span class='ocrx_word' id='word_1_721' title='bbox 1802 1676 1809 1683; x_wconf 90' lang='lat'>.</span> <span class='ocrx_word' id='word_1_722' title='bbox 1841 1652 1884 1683; x_wconf 91' lang='lat' dir='ltr'>Et</span> <span class='ocrx_word' id='word_1_723' title='bbox 1898 1662 2007 1684; x_wconf 84' lang='lat' dir='ltr'>tamen</span> <span class='ocrx_word' id='word_1_724' title='bbox 2031 1650 2061 1684; x_wconf 89' lang='lat' dir='ltr'>ci</span> 
     </span>
     <span class='ocr_line' id='line_1_100' title="bbox 1184 1697 2058 1738; baseline 0.002 -6"><span class='ocrx_word' id='word_1_725' title='bbox 1184 1709 1230 1733; x_wconf 86' lang='lat' dir='ltr'>tra</span> <span class='ocrx_word' id='word_1_726' title='bbox 1265 1697 1512 1738; x_wconf 67' lang='lat' dir='ltr'>instructionem</span> <span class='ocrx_word' id='word_1_727' title='bbox 1534 1697 1681 1732; x_wconf 83' lang='lat' dir='ltr'>obedivit</span> <span class='ocrx_word' id='word_1_728' title='bbox 1710 1699 1887 1733; x_wconf 83' lang='lat' dir='ltr'>Michaelis</span> <span class='ocrx_word' id='word_1_729' title='bbox 1917 1700 2058 1734; x_wconf 83' lang='lat' dir='ltr'>novitati</span> 
     </span>
     <span class='ocr_line' id='line_1_101' title="bbox 1184 1747 2066 1793; baseline 0.001 -10"><span class='ocrx_word' id='word_1_730' title='bbox 1184 1748 1243 1789; x_wconf 87' lang='lat' dir='ltr'>bus</span> <span class='ocrx_word' id='word_1_731' title='bbox 1254 1771 1266 1788; x_wconf 87' lang='lat'>‚</span> <span class='ocrx_word' id='word_1_732' title='bbox 1290 1760 1327 1782; x_wconf 87' lang='lat' dir='ltr'>ac</span> <span class='ocrx_word' id='word_1_733' title='bbox 1339 1747 1422 1782; x_wconf 89' lang='lat' dir='ltr'>istud</span> <span class='ocrx_word' id='word_1_734' title='bbox 1436 1759 1553 1785; x_wconf 85' lang='lat' dir='ltr'>nomen</span> <span class='ocrx_word' id='word_1_735' title='bbox 1567 1749 1667 1788; x_wconf 85' lang='lat' dir='ltr'>etiam</span> <span class='ocrx_word' id='word_1_736' title='bbox 1680 1750 1744 1793; x_wconf 90' lang='lat' dir='ltr'>ipse</span> <span class='ocrx_word' id='word_1_737' title='bbox 1756 1750 1845 1783; x_wconf 82' lang='lat' dir='ltr'>rafit.</span> <span class='ocrx_word' id='word_1_738' title='bbox 1875 1750 1918 1783; x_wconf 92' lang='lat' dir='ltr'>Et</span> <span class='ocrx_word' id='word_1_739' title='bbox 1934 1750 2011 1784; x_wconf 86' lang='lat' dir='ltr'>hinc</span> <span class='ocrx_word' id='word_1_740' title='bbox 2023 1750 2066 1784; x_wconf 90' lang='lat' dir='ltr'>ad</span> 
     </span>
    </p>
   </div>
   <div class='ocr_carea' id='block_1_7' title="bbox 1173 704 2078 1840">
    <p class='ocr_par' dir='ltr' id='par_1_9' title="bbox 1173 704 2078 1840">
     <span class='ocr_line' id='line_1_102' title="bbox 1173 704 1821 746; baseline -0.002 -8"><span class='ocrx_word' id='word_1_741' title='bbox 1173 704 1225 746; x_wconf 86' lang='lat' dir='ltr'>fiae</span> <span class='ocrx_word' id='word_1_742' title='bbox 1236 706 1372 738; x_wconf 87' lang='lat' dir='ltr'>alumnus</span> <span class='ocrx_word' id='word_1_743' title='bbox 1386 706 1419 744; x_wconf 59' lang='lat'>&lt;25</span> <span class='ocrx_word' id='word_1_744' title='bbox 1430 705 1564 743; x_wconf 61' lang='lat' dir='ltr'>aemulus,</span> <span class='ocrx_word' id='word_1_745' title='bbox 1575 711 1608 735; x_wconf 84' lang='lat' dir='ltr'>ut</span> <span class='ocrx_word' id='word_1_746' title='bbox 1618 711 1717 746; x_wconf 70' lang='lat' dir='ltr'>quivis</span> <span class='ocrx_word' id='word_1_747' title='bbox 1733 706 1821 745; x_wconf 84' lang='lat' dir='ltr'>alius,</span> 
     </span>
     <span class='ocr_line' id='line_1_103' title="bbox 2065 1621 2078 1634; baseline 0 0"><span class='ocrx_word' id='word_1_748' title='bbox 2065 1621 2078 1634; x_wconf 60' lang='grc' dir='ltr'><strong>ξ</strong></span> 
     </span>
     <span class='ocr_line' id='line_1_104' title="bbox 1186 1797 2068 1840; baseline 0.001 -8"><span class='ocrx_word' id='word_1_749' title='bbox 1186 1797 1254 1840; x_wconf 80' lang='lat' dir='ltr'>ejus</span> <span class='ocrx_word' id='word_1_750' title='bbox 1266 1798 1387 1832; x_wconf 88' lang='lat' dir='ltr'>litteras</span> <span class='ocrx_word' id='word_1_751' title='bbox 1399 1797 1480 1832; x_wconf 63' lang='lat' dir='ltr'>reste</span> <span class='ocrx_word' id='word_1_752' title='bbox 1501 1809 1742 1836; x_wconf 82' lang='lat' dir='ltr'>commentatur</span> <span class='ocrx_word' id='word_1_753' title='bbox 1762 1799 1932 1833; x_wconf 87' lang='lat' dir='ltr'>Dominus</span> <span class='ocrx_word' id='word_1_754' title='bbox 1955 1799 2068 1834; x_wconf 86' lang='lat' dir='ltr'>Cardi-</span> 
     </span>
    </p>
   </div>
   <div class='ocr_carea' id='block_1_8' title="bbox 1177 1848 2085 2493">
    <p class='ocr_par' dir='ltr' id='par_1_10' title="bbox 1177 1848 2085 2493">
     <span class='ocr_line' id='line_1_105' title="bbox 1183 1848 2067 1891; baseline 0 -9"><span class='ocrx_word' id='word_1_755' title='bbox 1183 1848 1264 1882; x_wconf 86' lang='lat' dir='ltr'>nalis</span> <span class='ocrx_word' id='word_1_756' title='bbox 1283 1848 1464 1882; x_wconf 84' lang='lat' dir='ltr'>Batonius:</span> <span class='ocrx_word' id='word_1_757' title='bbox 1492 1851 1652 1881; x_wconf 85' lang='lat' dir='ltr'>Memorare</span> <span class='ocrx_word' id='word_1_758' title='bbox 1677 1849 1801 1887; x_wconf 71' lang='lat' dir='ltr'>Leclor,</span> <span class='ocrx_word' id='word_1_759' title='bbox 1829 1860 1894 1890; x_wconf 86' lang='lat' dir='ltr'>quae</span> <span class='ocrx_word' id='word_1_760' title='bbox 1913 1848 2067 1891; x_wconf 77' lang='lat' dir='ltr'>scripserit</span> 
     </span>
     <span class='ocr_line' id='line_1_106' title="bbox 1177 1897 2067 1941; baseline 0.002 -10"><span class='ocrx_word' id='word_1_761' title='bbox 1177 1897 1324 1941; x_wconf 74' lang='lat' dir='ltr'>ficperiori</span> <span class='ocrx_word' id='word_1_762' title='bbox 1349 1909 1426 1931; x_wconf 87' lang='lat' dir='ltr'>anno</span> <span class='ocrx_word' id='word_1_763' title='bbox 1452 1898 1529 1931; x_wconf 85' lang='lat' dir='ltr'>idem</span> <span class='ocrx_word' id='word_1_764' title='bbox 1557 1901 1664 1930; x_wconf 86' lang='lat' dir='ltr'>Petrus</span> <span class='ocrx_word' id='word_1_765' title='bbox 1688 1899 1731 1930; x_wconf 88' lang='lat' dir='ltr'>ad</span> <span class='ocrx_word' id='word_1_766' title='bbox 1751 1902 1874 1931; x_wconf 87' lang='lat' dir='ltr'>Leonem</span> <span class='ocrx_word' id='word_1_767' title='bbox 1901 1902 2067 1934; x_wconf 79' lang='lat' dir='ltr'>Romanum.</span> 
     </span>
     <span class='ocr_line' id='line_1_107' title="bbox 1182 1944 2066 1991; baseline 0 -10"><span class='ocrx_word' id='word_1_768' title='bbox 1182 1948 1371 1991; x_wconf 81' lang='lat' dir='ltr'>Pontificem,</span> <span class='ocrx_word' id='word_1_769' title='bbox 1399 1944 1644 1990; x_wconf 65' lang='lat' dir='ltr'>&amp;plenesentiet</span> <span class='ocrx_word' id='word_1_770' title='bbox 1668 1946 1764 1990; x_wconf 87' lang='lat' dir='ltr'>ipsum</span> <span class='ocrx_word' id='word_1_771' title='bbox 1786 1948 1838 1990; x_wconf 86' lang='lat' dir='ltr'>esse</span> <span class='ocrx_word' id='word_1_772' title='bbox 1859 1947 2015 1990; x_wconf 83' lang='lat' dir='ltr'>bilinguem</span> <span class='ocrx_word' id='word_1_773' title='bbox 2033 1954 2066 1981; x_wconf 84' lang='lat' dir='ltr'>in</span> 
     </span>
     <span class='ocr_line' id='line_1_108' title="bbox 1181 1996 2067 2041; baseline 0.001 -10"><span class='ocrx_word' id='word_1_774' title='bbox 1181 2003 1241 2038; x_wconf 83' lang='lat' dir='ltr'>iis,</span> <span class='ocrx_word' id='word_1_775' title='bbox 1267 2010 1334 2041; x_wconf 86' lang='lat' dir='ltr'>quae</span> <span class='ocrx_word' id='word_1_776' title='bbox 1346 1999 1383 2031; x_wconf 87' lang='lat' dir='ltr'>de</span> <span class='ocrx_word' id='word_1_777' title='bbox 1396 1997 1723 2039; x_wconf 78' lang='lat' dir='ltr'>constantinopolitana</span> <span class='ocrx_word' id='word_1_778' title='bbox 1744 1996 1870 2038; x_wconf 74' lang='lat' dir='ltr'>Ecclesia</span> <span class='ocrx_word' id='word_1_779' title='bbox 1888 1998 2041 2039; x_wconf 75' lang='lat' dir='ltr'>praedtcat</span> <span class='ocrx_word' id='word_1_780' title='bbox 2054 2021 2067 2041; x_wconf 63' lang='lat'><em>2</em></span> 
     </span>
     <span class='ocr_line' id='line_1_109' title="bbox 1179 2044 2065 2091; baseline -0.001 -9"><span class='ocrx_word' id='word_1_781' title='bbox 1179 2050 1217 2082; x_wconf 83' lang='lat' dir='ltr'>de</span> <span class='ocrx_word' id='word_1_782' title='bbox 1229 2060 1289 2091; x_wconf 88' lang='lat' dir='ltr'>qua</span> <span class='ocrx_word' id='word_1_783' title='bbox 1300 2050 1391 2082; x_wconf 71' lang='lat' dir='ltr'>valde</span> <span class='ocrx_word' id='word_1_784' title='bbox 1410 2047 1573 2091; x_wconf 85' lang='lat' dir='ltr'>conquestus</span> <span class='ocrx_word' id='word_1_785' title='bbox 1595 2057 1661 2081; x_wconf 81' lang='lat' dir='ltr'>erat</span> <span class='ocrx_word' id='word_1_786' title='bbox 1673 2072 1684 2087; x_wconf 95' lang='lat'>‚</span> <span class='ocrx_word' id='word_1_787' title='bbox 1711 2048 1791 2090; x_wconf 82' lang='lat' dir='ltr'>quod</span> <span class='ocrx_word' id='word_1_788' title='bbox 1809 2044 1895 2089; x_wconf 77' lang='lat' dir='ltr'>ipsius</span> <span class='ocrx_word' id='word_1_789' title='bbox 1927 2050 2065 2081; x_wconf 79' lang='lat' dir='ltr'>Patriar-</span> 
     </span>
     <span class='ocr_line' id='line_1_110' title="bbox 1177 2097 2064 2141; baseline 0 -8"><span class='ocrx_word' id='word_1_790' title='bbox 1177 2098 1233 2139; x_wconf 69' lang='lat' dir='ltr'>cha</span> <span class='ocrx_word' id='word_1_791' title='bbox 1243 2097 1385 2141; x_wconf 85' lang='lat' dir='ltr'>subjicere</span> <span class='ocrx_word' id='word_1_792' title='bbox 1389 2097 1445 2139; x_wconf 80' lang='lat' dir='ltr'>fibi</span> <span class='ocrx_word' id='word_1_793' title='bbox 1458 2097 1591 2137; x_wconf 86' lang='lat' dir='ltr'>studeret</span> <span class='ocrx_word' id='word_1_794' title='bbox 1616 2099 1740 2141; x_wconf 85' lang='lat' dir='ltr'>reliquos</span> <span class='ocrx_word' id='word_1_795' title='bbox 1763 2097 1957 2131; x_wconf 69' lang='lat' dir='ltr'>patriarchas</span> <span class='ocrx_word' id='word_1_796' title='bbox 1970 2123 1978 2130; x_wconf 91' lang='lat'>.</span> <span class='ocrx_word' id='word_1_797' title='bbox 2006 2097 2064 2133; x_wconf 85' lang='lat' dir='ltr'>Pe-</span> 
     </span>
     <span class='ocr_line' id='line_1_111' title="bbox 1178 2147 2066 2192; baseline 0 -10"><span class='ocrx_word' id='word_1_798' title='bbox 1178 2149 1232 2183; x_wconf 86' lang='lat' dir='ltr'>riit</span> <span class='ocrx_word' id='word_1_799' title='bbox 1243 2149 1386 2184; x_wconf 89' lang='lat' dir='ltr'>autlatet</span> <span class='ocrx_word' id='word_1_800' title='bbox 1410 2147 1497 2189; x_wconf 73' lang='lat' dir='ltr'>Petri</span> <span class='ocrx_word' id='word_1_801' title='bbox 1516 2147 1680 2192; x_wconf 89' lang='lat' dir='ltr'>Epistola:</span> <span class='ocrx_word' id='word_1_802' title='bbox 1707 2148 1815 2182; x_wconf 89' lang='lat' dir='ltr'>Fuisse</span> <span class='ocrx_word' id='word_1_803' title='bbox 1838 2148 1965 2182; x_wconf 87' lang='lat' dir='ltr'>acribus</span> <span class='ocrx_word' id='word_1_804' title='bbox 1986 2160 2066 2183; x_wconf 85' lang='lat' dir='ltr'>con·</span> 
     </span>
     <span class='ocr_line' id='line_1_112' title="bbox 1179 2196 2064 2242; baseline 0 -9"><span class='ocrx_word' id='word_1_805' title='bbox 1179 2198 1225 2233; x_wconf 75' lang='lat' dir='ltr'>tra</span> <span class='ocrx_word' id='word_1_806' title='bbox 1238 2197 1437 2233; x_wconf 88' lang='lat' dir='ltr'>Michaelem</span> <span class='ocrx_word' id='word_1_807' title='bbox 1457 2198 1673 2242; x_wconf 86' lang='lat' dir='ltr'>querimoniis</span> <span class='ocrx_word' id='word_1_808' title='bbox 1684 2197 1852 2232; x_wconf 84' lang='lat' dir='ltr'>dentatam</span> <span class='ocrx_word' id='word_1_809' title='bbox 1864 2196 2064 2236; x_wconf 81' lang='lat' dir='ltr'>demonstrat</span> 
     </span>
     <span class='ocr_line' id='line_1_113' title="bbox 1179 2247 2064 2291; baseline 0.001 -9"><span class='ocrx_word' id='word_1_810' title='bbox 1179 2247 1269 2291; x_wconf 72' lang='lat' dir='ltr'>supra</span> <span class='ocrx_word' id='word_1_811' title='bbox 1289 2248 1458 2291; x_wconf 81' lang='lat' dir='ltr'>laudatum</span> <span class='ocrx_word' id='word_1_812' title='bbox 1484 2248 1606 2290; x_wconf 79' lang='lat' dir='ltr'>Leonis</span> <span class='ocrx_word' id='word_1_813' title='bbox 1618 2248 1822 2291; x_wconf 78' lang='lat' dir='ltr'>Responsum</span> <span class='ocrx_word' id='word_1_814' title='bbox 1834 2274 1842 2281; x_wconf 91' lang='lat'>.</span> <span class='ocrx_word' id='word_1_815' title='bbox 1873 2248 1983 2282; x_wconf 88' lang='lat' dir='ltr'>Etiam</span> <span class='ocrx_word' id='word_1_816' title='bbox 1996 2248 2064 2283; x_wconf 83' lang='lat' dir='ltr'>Ro-</span> 
     </span>
     <span class='ocr_line' id='line_1_114' title="bbox 1179 2297 2063 2342; baseline 0 -10"><span class='ocrx_word' id='word_1_817' title='bbox 1179 2309 1282 2339; x_wconf 71' lang='lat' dir='ltr'>manae</span> <span class='ocrx_word' id='word_1_818' title='bbox 1303 2299 1450 2341; x_wconf 66' lang='lat' dir='ltr'>Ecclesiae</span> <span class='ocrx_word' id='word_1_819' title='bbox 1469 2298 1652 2342; x_wconf 78' lang='lat' dir='ltr'>supremum</span> <span class='ocrx_word' id='word_1_820' title='bbox 1676 2297 1856 2332; x_wconf 88' lang='lat' dir='ltr'>Primatum</span> <span class='ocrx_word' id='word_1_821' title='bbox 1881 2299 1984 2333; x_wconf 84' lang='lat' dir='ltr'>fuerat</span> <span class='ocrx_word' id='word_1_822' title='bbox 2013 2299 2063 2332; x_wconf 86' lang='lat' dir='ltr'>in-</span> 
     </span>
     <span class='ocr_line' id='line_1_115' title="bbox 1178 2347 2063 2395; baseline 0.002 -14"><span class='ocrx_word' id='word_1_823' title='bbox 1178 2349 1309 2395; x_wconf 69' lang='lat' dir='ltr'>signiter</span> <span class='ocrx_word' id='word_1_824' title='bbox 1336 2348 1489 2393; x_wconf 78' lang='lat' dir='ltr'>professus</span> <span class='ocrx_word' id='word_1_825' title='bbox 1513 2373 1519 2380; x_wconf 91' lang='lat'><strong>.</strong></span> <span class='ocrx_word' id='word_1_826' title='bbox 1560 2348 1604 2382; x_wconf 88' lang='lat' dir='ltr'>Et</span> <span class='ocrx_word' id='word_1_827' title='bbox 1629 2348 1695 2392; x_wconf 85' lang='lat' dir='ltr'>jam</span> <span class='ocrx_word' id='word_1_828' title='bbox 1724 2347 1927 2388; x_wconf 84' lang='lat' dir='ltr'>Vertumnus</span> <span class='ocrx_word' id='word_1_829' title='bbox 1954 2359 2063 2383; x_wconf 85' lang='lat' dir='ltr'>recan-</span> 
     </span>
     <span class='ocr_line' id='line_1_116' title="bbox 1178 2394 2064 2442; baseline 0.001 -10"><span class='ocrx_word' id='word_1_830' title='bbox 1178 2408 1224 2432; x_wconf 92' lang='lat' dir='ltr'>tat</span> <span class='ocrx_word' id='word_1_831' title='bbox 1245 2399 1381 2433; x_wconf 83' lang='lat' dir='ltr'>omnia.</span> <span class='ocrx_word' id='word_1_832' title='bbox 1409 2398 1510 2434; x_wconf 84' lang='lat' dir='ltr'>Radit</span> <span class='ocrx_word' id='word_1_833' title='bbox 1537 2394 1777 2442; x_wconf 75' lang='lat' dir='ltr'>Papae&#39;nomen</span> <span class='ocrx_word' id='word_1_834' title='bbox 1792 2423 1803 2439; x_wconf 91' lang='lat'>,</span> <span class='ocrx_word' id='word_1_835' title='bbox 1829 2398 1896 2441; x_wconf 83' lang='lat' dir='ltr'>ejus</span> <span class='ocrx_word' id='word_1_836' title='bbox 1907 2396 2064 2433; x_wconf 83' lang='lat' dir='ltr'>obedien-</span> 
     </span>
     <span class='ocr_line' id='line_1_117' title="bbox 1178 2447 2085 2493; baseline 0.001 -11"><span class='ocrx_word' id='word_1_837' title='bbox 1178 2450 1258 2483; x_wconf 88' lang='lat' dir='ltr'>tiam</span> <span class='ocrx_word' id='word_1_838' title='bbox 1282 2450 1408 2483; x_wconf 86' lang='lat' dir='ltr'>excutit</span> <span class='ocrx_word' id='word_1_839' title='bbox 1431 2472 1442 2488; x_wconf 89' lang='lat'><strong>,</strong></span> <span class='ocrx_word' id='word_1_840' title='bbox 1476 2448 1509 2482; x_wconf 80' lang='grc' dir='ltr'>δε</span> <span class='ocrx_word' id='word_1_841' title='bbox 1530 2449 1735 2492; x_wconf 43' lang='lat' dir='ltr'>semetipsum,</span> <span class='ocrx_word' id='word_1_842' title='bbox 1759 2459 1855 2493; x_wconf 86' lang='lat' dir='ltr'>atque</span> <span class='ocrx_word' id='word_1_843' title='bbox 1880 2447 2085 2492; x_wconf 40' lang='lat' dir='ltr'>Antiochey</span> 
     </span>
    </p>
   </div>
   <div class='ocr_carea' id='block_1_9' title="bbox 1174 2495 2064 2539">
    <p class='ocr_par' dir='ltr' id='par_1_11' title="bbox 1174 2495 2064 2539">
     <span class='ocr_line' id='line_1_118' title="bbox 1174 2495 2064 2539; baseline 0.001 -8"><span class='ocrx_word' id='word_1_844' title='bbox 1174 2508 1254 2533; x_wconf 81' lang='lat' dir='ltr'>nam</span> <span class='ocrx_word' id='word_1_845' title='bbox 1283 2499 1458 2533; x_wconf 73' lang='lat' dir='ltr'>Ecclesiam</span> <span class='ocrx_word' id='word_1_846' title='bbox 1478 2498 1592 2532; x_wconf 70' lang='lat' dir='ltr'>contra</span> <span class='ocrx_word' id='word_1_847' title='bbox 1616 2510 1733 2533; x_wconf 89' lang='lat' dir='ltr'>omnes</span> <span class='ocrx_word' id='word_1_848' title='bbox 1744 2495 1897 2539; x_wconf 77' lang='lat' dir='ltr'>Canones</span> <span class='ocrx_word' id='word_1_849' title='bbox 1909 2509 1976 2532; x_wconf 91' lang='lat' dir='ltr'>non</span> <span class='ocrx_word' id='word_1_850' title='bbox 1994 2509 2064 2532; x_wconf 89' lang='lat' dir='ltr'>tan·</span> 
     </span>
    </p>
   </div>
   <div class='ocr_carea' id='block_1_10' title="bbox 1177 2548 2065 3141">
    <p class='ocr_par' dir='ltr' id='par_1_12' title="bbox 1177 2548 2064 2840">
     <span class='ocr_line' id='line_1_119' title="bbox 1178 2548 2064 2592; baseline 0 -10"><span class='ocrx_word' id='word_1_851' title='bbox 1178 2558 1249 2583; x_wconf 88' lang='lat' dir='ltr'>tum</span> <span class='ocrx_word' id='word_1_852' title='bbox 1270 2549 1439 2592; x_wconf 88' lang='lat' dir='ltr'>postponit</span> <span class='ocrx_word' id='word_1_853' title='bbox 1458 2572 1469 2588; x_wconf 86' lang='lat'>,</span> <span class='ocrx_word' id='word_1_854' title='bbox 1509 2549 1561 2583; x_wconf 86' lang='lat' dir='ltr'>sed</span> <span class='ocrx_word' id='word_1_855' title='bbox 1598 2550 1699 2583; x_wconf 90' lang='lat' dir='ltr'>etiam</span> <span class='ocrx_word' id='word_1_856' title='bbox 1726 2549 1855 2591; x_wconf 84' lang='lat' dir='ltr'>subjicit</span> <span class='ocrx_word' id='word_1_857' title='bbox 1893 2548 2064 2582; x_wconf 76' lang='lat' dir='ltr'>Cathedra‘,</span> 
     </span>
     <span class='ocr_line' id='line_1_120' title="bbox 1177 2597 2064 2642; baseline -0.001 -10"><span class='ocrx_word' id='word_1_858' title='bbox 1177 2598 1578 2642; x_wconf 83' lang='lat' dir='ltr'>Constantinopolitanae.</span> <span class='ocrx_word' id='word_1_859' title='bbox 1620 2598 1724 2642; x_wconf 91' lang='lat' dir='ltr'>Quod</span> <span class='ocrx_word' id='word_1_860' title='bbox 1755 2599 1859 2641; x_wconf 90' lang='lat' dir='ltr'>ipsum</span> <span class='ocrx_word' id='word_1_861' title='bbox 1884 2597 1992 2632; x_wconf 88' lang='lat' dir='ltr'>forsan</span> <span class='ocrx_word' id='word_1_862' title='bbox 2021 2599 2064 2631; x_wconf 88' lang='lat' dir='ltr'>fe-</span> 
     </span>
     <span class='ocr_line' id='line_1_121' title="bbox 1177 2647 2064 2689; baseline -0.002 -8"><span class='ocrx_word' id='word_1_863' title='bbox 1177 2648 1279 2683; x_wconf 85' lang='lat' dir='ltr'>cerint</span> <span class='ocrx_word' id='word_1_864' title='bbox 1300 2648 1545 2682; x_wconf 81' lang='lat' dir='ltr'>Alexandrinus</span> <span class='ocrx_word' id='word_1_865' title='bbox 1570 2658 1607 2680; x_wconf 91' lang='lat' dir='ltr'>ac</span> <span class='ocrx_word' id='word_1_866' title='bbox 1633 2647 1973 2689; x_wconf 78' lang='lat' dir='ltr'>Hierosolymitanus.</span> <span class='ocrx_word' id='word_1_867' title='bbox 2013 2647 2064 2686; x_wconf 77' lang='lat' dir='ltr'>Hi</span> 
     </span>
     <span class='ocr_line' id='line_1_122' title="bbox 1177 2696 2064 2742; baseline -0.002 -9"><span class='ocrx_word' id='word_1_868' title='bbox 1177 2698 1265 2733; x_wconf 87' lang='lat' dir='ltr'>enim</span> <span class='ocrx_word' id='word_1_869' title='bbox 1288 2697 1463 2742; x_wconf 88' lang='lat' dir='ltr'>gemebant</span> <span class='ocrx_word' id='word_1_870' title='bbox 1485 2696 1542 2730; x_wconf 91' lang='lat' dir='ltr'>sub</span> <span class='ocrx_word' id='word_1_871' title='bbox 1561 2697 1749 2736; x_wconf 88' lang='lat' dir='ltr'>Saracenis,</span> <span class='ocrx_word' id='word_1_872' title='bbox 1775 2696 1920 2737; x_wconf 86' lang='lat' dir='ltr'>adeoque</span> <span class='ocrx_word' id='word_1_873' title='bbox 1945 2697 1978 2730; x_wconf 92' lang='lat' dir='ltr'>in</span> <span class='ocrx_word' id='word_1_874' title='bbox 1993 2696 2064 2740; x_wconf 89' lang='lat' dir='ltr'>plu-</span> 
     </span>
     <span class='ocr_line' id='line_1_123' title="bbox 1178 2745 2063 2791; baseline 0 -10"><span class='ocrx_word' id='word_1_875' title='bbox 1178 2747 1265 2783; x_wconf 81' lang='lat' dir='ltr'>ribus</span> <span class='ocrx_word' id='word_1_876' title='bbox 1287 2746 1480 2791; x_wconf 77' lang='lat' dir='ltr'>indigebant</span> <span class='ocrx_word' id='word_1_877' title='bbox 1498 2745 1625 2780; x_wconf 88' lang='lat' dir='ltr'>auxilio</span> <span class='ocrx_word' id='word_1_878' title='bbox 1649 2747 1764 2790; x_wconf 81' lang='lat' dir='ltr'>Regiae</span> <span class='ocrx_word' id='word_1_879' title='bbox 1796 2745 1937 2780; x_wconf 86' lang='lat' dir='ltr'>civitatis</span> <span class='ocrx_word' id='word_1_880' title='bbox 1954 2770 1961 2778; x_wconf 95' lang='lat'><strong><em>.</em></strong></span> <span class='ocrx_word' id='word_1_881' title='bbox 2002 2746 2063 2788; x_wconf 61' lang='lat' dir='ltr'>Est,</span> 
     </span>
     <span class='ocr_line' id='line_1_124' title="bbox 1177 2797 1723 2840; baseline -0.013 -9"><span class='ocrx_word' id='word_1_882' title='bbox 1177 2798 1363 2840; x_wconf 78' lang='lat' dir='ltr'>incertum.</span> <span class='ocrx_word' id='word_1_883' title='bbox 1716 2797 1723 2800; x_wconf 77' lang='grc'><strong>“</strong></span> 
     </span>
    </p>

    <p class='ocr_par' dir='ltr' id='par_1_13' title="bbox 1179 2846 2065 3141">
     <span class='ocr_line' id='line_1_125' title="bbox 1229 2846 2065 2888; baseline -0.001 -8"><span class='ocrx_word' id='word_1_884' title='bbox 1229 2846 1274 2881; x_wconf 87' lang='lat' dir='ltr'>At</span> <span class='ocrx_word' id='word_1_885' title='bbox 1287 2847 1477 2882; x_wconf 89' lang='lat' dir='ltr'>Romanum</span> <span class='ocrx_word' id='word_1_886' title='bbox 1489 2846 1760 2888; x_wconf 51' lang='lat' dir='ltr'>Pontificemfibi,</span> <span class='ocrx_word' id='word_1_887' title='bbox 1781 2846 1914 2881; x_wconf 89' lang='lat' dir='ltr'>subdere</span> <span class='ocrx_word' id='word_1_888' title='bbox 1936 2856 2004 2881; x_wconf 88' lang='lat' dir='ltr'>erat</span> <span class='ocrx_word' id='word_1_889' title='bbox 2024 2857 2065 2882; x_wconf 88' lang='lat' dir='ltr'>o-.</span> 
     </span>
     <span class='ocr_line' id='line_1_126' title="bbox 1180 2897 2064 2941; baseline 0.001 -10"><span class='ocrx_word' id='word_1_890' title='bbox 1180 2908 1237 2941; x_wconf 90' lang='lat' dir='ltr'>pus</span> <span class='ocrx_word' id='word_1_891' title='bbox 1249 2897 1383 2932; x_wconf 87' lang='lat' dir='ltr'>&amp;labor</span> <span class='ocrx_word' id='word_1_892' title='bbox 1392 2922 1400 2929; x_wconf 92' lang='lat'><strong>.</strong></span> <span class='ocrx_word' id='word_1_893' title='bbox 1424 2897 1513 2932; x_wconf 90' lang='lat' dir='ltr'>Audi</span> <span class='ocrx_word' id='word_1_894' title='bbox 1525 2898 1676 2932; x_wconf 85' lang='lat' dir='ltr'>frivolam</span> <span class='ocrx_word' id='word_1_895' title='bbox 1689 2900 1850 2933; x_wconf 86' lang='lat' dir='ltr'>rationem</span> <span class='ocrx_word' id='word_1_896' title='bbox 1864 2898 1897 2931; x_wconf 91' lang='lat'>&amp;</span> <span class='ocrx_word' id='word_1_897' title='bbox 1911 2897 2064 2932; x_wconf 84' lang='lat' dir='ltr'>intolera-</span> 
     </span>
     <span class='ocr_line' id='line_1_127' title="bbox 1179 2945 2060 2991; baseline 0 -10"><span class='ocrx_word' id='word_1_898' title='bbox 1179 2947 1279 2985; x_wconf 89' lang='lat' dir='ltr'>bilem</span> <span class='ocrx_word' id='word_1_899' title='bbox 1292 2947 1486 2991; x_wconf 84' lang='lat' dir='ltr'>imperitiam</span> <span class='ocrx_word' id='word_1_900' title='bbox 1503 2946 1700 2982; x_wconf 88' lang='lat' dir='ltr'>Michaelis:</span> <span class='ocrx_word' id='word_1_901' title='bbox 1726 2948 1812 2989; x_wconf 81' lang='lat' dir='ltr'>Nosti</span> <span class='ocrx_word' id='word_1_902' title='bbox 1833 2948 1913 2990; x_wconf 83' lang='lat' dir='ltr'>quod</span> <span class='ocrx_word' id='word_1_903' title='bbox 1934 2949 1953 2979; x_wconf 79' lang='grc' dir='ltr'><em>ἃ</em></span> <span class='ocrx_word' id='word_1_904' title='bbox 1969 2945 2060 2990; x_wconf 68' lang='lat' dir='ltr'>sema</span> 
     </span>
     <span class='ocr_line' id='line_1_128' title="bbox 1179 2993 2061 3043; baseline -0.001 -12"><span class='ocrx_word' id='word_1_905' title='bbox 1179 2998 1364 3032; x_wconf 75' lang='lat' dir='ltr'>OEcumenica</span> <span class='ocrx_word' id='word_1_906' title='bbox 1375 2999 1483 3037; x_wconf 70' lang='lat' dir='ltr'>synodo</span> <span class='ocrx_word' id='word_1_907' title='bbox 1494 2996 1638 3041; x_wconf 85' lang='lat' dir='ltr'>hucusque</span> <span class='ocrx_word' id='word_1_908' title='bbox 1647 3000 1666 3030; x_wconf 80' lang='grc' dir='ltr'><em>ἃ</em></span> <span class='ocrx_word' id='word_1_909' title='bbox 1672 2996 1768 3043; x_wconf 76' lang='lat' dir='ltr'>sacris</span> <span class='ocrx_word' id='word_1_910' title='bbox 1781 2993 1932 3037; x_wconf 73' lang='lat' dir='ltr'>Dyptiehis,</span> <span class='ocrx_word' id='word_1_911' title='bbox 1941 2998 2061 3040; x_wconf 76' lang='lat' dir='ltr'>dempta</span> 
     </span>
     <span class='ocr_line' id='line_1_129' title="bbox 1179 3046 2056 3091; baseline -0.001 -9"><span class='ocrx_word' id='word_1_912' title='bbox 1179 3047 1217 3089; x_wconf 83' lang='lat' dir='ltr'>est</span> <span class='ocrx_word' id='word_1_913' title='bbox 1230 3050 1323 3090; x_wconf 79' lang='lat' dir='ltr'>Papae</span> <span class='ocrx_word' id='word_1_914' title='bbox 1334 3052 1560 3087; x_wconf 81' lang='lat' dir='ltr'>commemoratio</span> <span class='ocrx_word' id='word_1_915' title='bbox 1575 3050 1595 3080; x_wconf 76' lang='grc' dir='ltr'><em>ἃ</em></span> <span class='ocrx_word' id='word_1_916' title='bbox 1607 3047 1705 3086; x_wconf 79' lang='lat' dir='ltr'>nostra</span> <span class='ocrx_word' id='word_1_917' title='bbox 1711 3047 1888 3091; x_wconf 71' lang='lat' dir='ltr'>sanc‘ltffima</span> <span class='ocrx_word' id='word_1_918' title='bbox 1907 3046 2034 3089; x_wconf 78' lang='lat' dir='ltr'>Ecclefia</span> <span class='ocrx_word' id='word_1_919' title='bbox 2044 3072 2056 3088; x_wconf 85' lang='lat'><strong>,</strong></span> 
     </span>
     <span class='ocr_line' id='line_1_130' title="bbox 1180 3098 2058 3141; baseline 0 -10"><span class='ocrx_word' id='word_1_920' title='bbox 1180 3108 1243 3132; x_wconf 88' lang='lat' dir='ltr'>cum</span> <span class='ocrx_word' id='word_1_921' title='bbox 1256 3098 1381 3141; x_wconf 80' lang='lat' dir='ltr'>Vigilius</span> <span class='ocrx_word' id='word_1_922' title='bbox 1396 3100 1484 3139; x_wconf 87' lang='lat' dir='ltr'>Papa</span> <span class='ocrx_word' id='word_1_923' title='bbox 1494 3123 1505 3139; x_wconf 92' lang='lat'>,</span> <span class='ocrx_word' id='word_1_924' title='bbox 1526 3103 1654 3140; x_wconf 87' lang='lat' dir='ltr'>quitunc</span> <span class='ocrx_word' id='word_1_925' title='bbox 1663 3100 1806 3139; x_wconf 81' lang='lat' dir='ltr'>Romanae</span> <span class='ocrx_word' id='word_1_926' title='bbox 1812 3106 1946 3141; x_wconf 68' lang='lat' dir='ltr'>praeerat</span> <span class='ocrx_word' id='word_1_927' title='bbox 1959 3098 2058 3131; x_wconf 85' lang='lat' dir='ltr'>Eccle-</span> 
     </span>
    </p>
   </div>
   <div class='ocr_carea' id='block_1_11' title="bbox 1174 3146 2058 3192">
    <p class='ocr_par' dir='ltr' id='par_1_14' title="bbox 1174 3146 2058 3192">
     <span class='ocr_line' id='line_1_131' title="bbox 1174 3146 2058 3192; baseline -0.001 -11"><span class='ocrx_word' id='word_1_928' title='bbox 1174 3146 1248 3190; x_wconf 81' lang='lat' dir='ltr'>fiae,</span> <span class='ocrx_word' id='word_1_929' title='bbox 1274 3148 1319 3180; x_wconf 86' lang='lat' dir='ltr'>ad</span> <span class='ocrx_word' id='word_1_930' title='bbox 1337 3149 1482 3187; x_wconf 59' lang='lat' dir='ltr'>synodum,</span> <span class='ocrx_word' id='word_1_931' title='bbox 1504 3159 1561 3183; x_wconf 86' lang='lat' dir='ltr'>non</span> <span class='ocrx_word' id='word_1_932' title='bbox 1583 3150 1723 3192; x_wconf 82' lang='lat' dir='ltr'>venisset,</span> <span class='ocrx_word' id='word_1_933' title='bbox 1751 3159 1841 3191; x_wconf 84' lang='lat' dir='ltr'>neque</span> <span class='ocrx_word' id='word_1_934' title='bbox 1863 3147 2058 3189; x_wconf 79' lang='lat' dir='ltr'>anathemate</span> 
     </span>
    </p>
   </div>
   <div class='ocr_carea' id='block_1_12' title="bbox 1167 3255 1178 3377">
    <p class='ocr_par' dir='ltr' id='par_1_15' title="bbox 1167 3255 1178 3377">
     <span class='ocr_line' id='line_1_132' title="bbox 1167 3255 1178 3377; baseline 0 0"><span class='ocrx_word' id='word_1_935' title='bbox 1167 3255 1178 3377; x_wconf 82' lang='lat' dir='ltr'>i</span> 
     </span>
    </p>
   </div>
   <div class='ocr_carea' id='block_1_13' title="bbox 1181 3193 2060 3392">
    <p class='ocr_par' dir='ltr' id='par_1_16' title="bbox 1181 3193 2060 3392">
     <span class='ocr_line' id='line_1_133' title="bbox 1181 3193 2059 3240; baseline -0.001 -9"><span class='ocrx_word' id='word_1_936' title='bbox 1181 3193 1341 3240; x_wconf 81' lang='lat' dir='ltr'>damnaffet</span> <span class='ocrx_word' id='word_1_937' title='bbox 1351 3209 1386 3238; x_wconf 87' lang='lat' dir='ltr'>ea</span> <span class='ocrx_word' id='word_1_938' title='bbox 1398 3220 1409 3237; x_wconf 90' lang='lat'>‚</span> <span class='ocrx_word' id='word_1_939' title='bbox 1435 3209 1501 3240; x_wconf 83' lang='lat' dir='ltr'>quae</span> <span class='ocrx_word' id='word_1_940' title='bbox 1514 3200 1533 3238; x_wconf 70' lang='grc' dir='ltr'><strong><em>ᾇ</em></strong></span> <span class='ocrx_word' id='word_1_941' title='bbox 1541 3197 1717 3235; x_wconf 80' lang='lat' dir='ltr'>Theodoreto,</span> <span class='ocrx_word' id='word_1_942' title='bbox 1728 3200 1879 3237; x_wconf 65' lang='lat' dir='ltr'>adversus</span> <span class='ocrx_word' id='word_1_943' title='bbox 1890 3198 2003 3231; x_wconf 63' lang='lat' dir='ltr'>redum</span> <span class='ocrx_word' id='word_1_944' title='bbox 2018 3197 2059 3239; x_wconf 85' lang='lat' dir='ltr'>fi-</span> 
     </span>
     <span class='ocr_line' id='line_1_134' title="bbox 1189 3246 2055 3292; baseline -0.001 -12"><span class='ocrx_word' id='word_1_945' title='bbox 1189 3248 1255 3280; x_wconf 87' lang='lat' dir='ltr'>dem</span> <span class='ocrx_word' id='word_1_946' title='bbox 1266 3249 1300 3281; x_wconf 60' lang='grc' dir='ltr'>(θ’</span> <span class='ocrx_word' id='word_1_947' title='bbox 1309 3247 1460 3288; x_wconf 73' lang='lat' dir='ltr'>duoden&#39;m</span> <span class='ocrx_word' id='word_1_948' title='bbox 1468 3247 1570 3287; x_wconf 67' lang='lat' dir='ltr'>Sanlli</span> <span class='ocrx_word' id='word_1_949' title='bbox 1581 3250 1682 3287; x_wconf 69' lang='lat' dir='ltr'>cyrilli</span> <span class='ocrx_word' id='word_1_950' title='bbox 1694 3246 1917 3292; x_wconf 68' lang='lat' dir='ltr'>Capitulaficnt</span> <span class='ocrx_word' id='word_1_951' title='bbox 1926 3246 2038 3290; x_wconf 63' lang='lat' dir='ltr'>fivipta</span> <span class='ocrx_word' id='word_1_952' title='bbox 2047 3268 2055 3276; x_wconf 89' lang='lat'><em>-</em></span> 
     </span>
     <span class='ocr_line' id='line_1_135' title="bbox 1188 3293 2060 3340; baseline -0.006 -10"><span class='ocrx_word' id='word_1_953' title='bbox 1188 3296 1349 3338; x_wconf 67' lang='lat' dir='ltr'>Epistolam</span> <span class='ocrx_word' id='word_1_954' title='bbox 1355 3298 1577 3339; x_wconf 63' lang='lat' dir='ltr'>praeterea.1bae</span> <span class='ocrx_word' id='word_1_955' title='bbox 1588 3324 1596 3331; x_wconf 84' lang='lat'><strong>.</strong></span> <span class='ocrx_word' id='word_1_956' title='bbox 1613 3293 1669 3331; x_wconf 45' lang='lat' dir='ltr'>&#39;Et</span> <span class='ocrx_word' id='word_1_957' title='bbox 1679 3311 1717 3333; x_wconf 79' lang='lat' dir='ltr'>ex</span> <span class='ocrx_word' id='word_1_958' title='bbox 1728 3309 1760 3333; x_wconf 81' lang='lat' dir='ltr'>eo</span> <span class='ocrx_word' id='word_1_959' title='bbox 1770 3306 1895 3340; x_wconf 81' lang='lat' dir='ltr'>tempore</span> <span class='ocrx_word' id='word_1_960' title='bbox 1916 3295 2002 3338; x_wconf 85' lang='lat' dir='ltr'>usque</span> <span class='ocrx_word' id='word_1_961' title='bbox 2012 3294 2060 3326; x_wconf 84' lang='lat' dir='ltr'>ad</span> 
     </span>
     <span class='ocr_line' id='line_1_136' title="bbox 1186 3340 2058 3392; baseline -0.002 -12"><span class='ocrx_word' id='word_1_962' title='bbox 1186 3346 1281 3391; x_wconf 65' lang='lat' dir='ltr'>nostra,</span> <span class='ocrx_word' id='word_1_963' title='bbox 1290 3355 1423 3390; x_wconf 77' lang='lat' dir='ltr'>tempora</span> <span class='ocrx_word' id='word_1_964' title='bbox 1435 3350 1553 3390; x_wconf 83' lang='lat' dir='ltr'>Papam</span> <span class='ocrx_word' id='word_1_965' title='bbox 1568 3349 1589 3380; x_wconf 60' lang='lat' dir='ltr'>a*</span> <span class='ocrx_word' id='word_1_966' title='bbox 1598 3347 1872 3392; x_wconf 60' lang='lat' dir='ltr'>nostrasancqiffima</span> <span class='ocrx_word' id='word_1_967' title='bbox 1883 3342 2004 3385; x_wconf 83' lang='lat' dir='ltr'>Ecclefia</span> <span class='ocrx_word' id='word_1_968' title='bbox 2014 3340 2058 3386; x_wconf 86' lang='lat' dir='ltr'>es·</span> 
     </span>
    </p>
   </div>
   <div class='ocr_carea' id='block_1_14' title="bbox 1163 3384 2057 3460">
    <p class='ocr_par' dir='ltr' id='par_1_17' title="bbox 1163 3384 2057 3460">
     <span class='ocr_line' id='line_1_137' title="bbox 1163 3384 2057 3460; baseline 0.003 -30"><span class='ocrx_word' id='word_1_969' title='bbox 1163 3384 1174 3460; x_wconf 68' lang='grc' dir='ltr'>Ι</span> <span class='ocrx_word' id='word_1_970' title='bbox 1180 3394 1213 3440; x_wconf 87' lang='lat' dir='ltr'>se</span> <span class='ocrx_word' id='word_1_971' title='bbox 1218 3394 1418 3442; x_wconf 69' lang='lat' dir='ltr'>segregatum.</span> <span class='ocrx_word' id='word_1_972' title='bbox 1438 3398 1481 3435; x_wconf 82' lang='lat' dir='ltr'>Et</span> <span class='ocrx_word' id='word_1_973' title='bbox 1493 3397 1572 3435; x_wconf 85' lang='lat' dir='ltr'>hine</span> <span class='ocrx_word' id='word_1_974' title='bbox 1587 3396 1628 3434; x_wconf 87' lang='lat' dir='ltr'>de</span> <span class='ocrx_word' id='word_1_975' title='bbox 1645 3396 1828 3436; x_wconf 82' lang='lat' dir='ltr'>Patriarcha</span> <span class='ocrx_word' id='word_1_976' title='bbox 1851 3396 1972 3434; x_wconf 85' lang='lat' dir='ltr'>Petro,</span> <span class='ocrx_word' id='word_1_977' title='bbox 1997 3392 2057 3436; x_wconf 70' lang='lat' dir='ltr'>qui</span> 
     </span>
    </p>
   </div>
   <div class='ocr_carea' id='block_1_15' title="bbox 1915 3442 2010 3488">
    <p class='ocr_par' dir='ltr' id='par_1_18' title="bbox 1915 3442 2010 3488">
     <span class='ocr_line' id='line_1_138' title="bbox 1915 3442 2010 3488; baseline -0.011 -9"><span class='ocrx_word' id='word_1_978' title='bbox 1915 3442 2010 3488; x_wconf 74' lang='lat' dir='ltr'>Papae</span> 
     </span>
    </p>
   </div>
  </div>
 </body>
</html>
