2352 3736
122 1599 185 1631 Lib.
211 1612 253 1631 ιο.

123 1649 189 1680 cap.
210 1647 220 1667 1
227 1652 274 1678 47·

122 1911 196 1949 Cap.
218 1919 247 1949 3.

116 2069 192 2105 Cap.
212 2075 256 2102 51·

120 2263 153 2292 L.
166 2270 212 2292 m:
233 2269 270 2294 ²}

127 2493 199 2530 Cap.
223 2501 255 2521 ιο

148 2954 222 2989 Cap.

248 2961 273 2979 2.

370 132 460 190 328

881 128 1520 177 DissnRTATIO

298 215 336 249 ni
348 214 528 258 Pontifices
542 212 760 246 celebrantem
783 211 850 246 fine
870 221 1004 254 accepto
1024 211 1183 247 fermento
1228 220 1234 237 ³
1250 213 1307 248 lis:
1340 220 1421 250 Hinc
1432 216 1576 256 constituit
1595 219 1657 252 loca
1669 244 1680 260 ‚
1705 222 1758 254 ubi
1785 223 1923 268 Epiftopi
1937 227 2134 260 recondamus

297 263 527 308 Presbyterum
540 262 613 296 sunt
629 263 714 297 olim
724 260 873 296 consueti
887 261 1021 295 tractare
1033 285 1041 293 .

348 312 493 358 Qaeflio
504 313 599 346 tertia
615 313 681 353 est,
710 311 803 357 Qud
814 309 876 347 fint
893 310 1054 346 Romame
1077 310 1187 347 Eccle-

297 365 347 397 fix
371 361 566 395 Coemeteria
591 362 608 393 ,ἓ
643 361 841 404 Respondeo
875 361 996 395 exstare
1027 360 1187 407 insignem

295 411 518 454 SanCtiJoann
531 413 557 445 is
572 411 1006 454 ChrysostomiHomiliam
1026 413 1064 446 dc
1088 415 1189 455 appel-

289 460 452 505 pellacione
484 466 666 498 Coemetcrii.
710 461 836 496 Habita
858 461 921 496 fuit
943 463 978 496 in
1002 460 1189 497 Dominicae

295 510 413 545 Crucis
437 523 475 545 ac
499 512 621 546 Mortis
642 513 823 551 memoria,
849 514 903 547 seu
931 513 965 547 in
989 513 1077 547 sexta
1095 513 1188 547 Feria

295 561 424 595 Sancta.
456 561 560 596 Porro
570 562 740 597 Dominus
755 564 862 596 noster
876 563 964 598 extra
987 574 1115 606 portam
1126 565 1189 598 fuit

296 613 496 652 crucifixus,
517 612 703 655 ideoque&
725 614 815 647 extra
837 613 1059 648 Antiochiam
1084 614 1118 647 in
1143 615 1191 647 su·

295 660 467 702 burbano,
492 663 671 707 &quidem
686 675 754 697 non
769 666 802 696 in
817 664 926 708 aliqua
943 663 1083 698 Ecclesia
1100 688 1111 704 ,
1135 665 1188 698 sed

295 711 332 744 in
345 710 545 748 Coemeterio
557 714 716 749 celebrata
740 714 803 747 suit
832 714 889 748 ista
914 717 1094 748 memoria.
1124 716 1190 746 Ex-

294 762 367 803 tra,
394 762 504 807 inquit
524 765 674 799 laudatus
700 764 830 798 Doctor
843 789 853 804 ,
880 764 937 798 hac
961 766 997 798 de
1018 763 1107 808 causa
1126 775 1189 797 con-

290 823 468 856 gregamur.
499 819 537 849 At
547 817 631 857 cujus
640 820 744 858 gratia
756 821 788 847 in
810 814 861 848 boc
885 819 1049 856 Martyria,
1076 826 1135 848 non
1154 820 1189 846 in

294 863 376 897 alio?
402 867 525 898 Etenim
537 868 644 900 divino
657 876 800 903 munere,
824 876 1008 907 quocumque
1033 877 1070 899 ex
1094 866 1189 898 latere

294 912 373 947 Urbs
396 914 688 957 nostrasam‘iorum
711 916 860 956 Reliquus
883 917 1106 948 circumdatur.
1132 920 1191 948 Cu-

287 964 343 1003 jus
352 969 443 1008 igitur
449 972 564 1010 gratiae
575 965 645 1005 hic,
673 977 730 998 non
751 970 783 997 in
807 966 869 998 alta
897 969 1039 1003 Martyris
1061 966 1189 1005 alicujus

293 1015 325 1045 E
327 1014 421 1056 cclefia
432 1028 483 1049 nos
503 1022 661 1051 convenire
672 1017 827 1049 voluerunt
840 1018 967 1057 Majores
981 1015 1067 1056 nostri
1081 1016 1092 1049 ἒ
1106 1016 1191 1057 ,Quia

293 1062 341 1106 hic
353 1074 530 1101 mortuorum
553 1067 709 1101 multitudo
729 1064 788 1107 fita
811 1065 863 1108 est.
893 1069 968 1098 Cum
991 1072 1083 1109 igitur
1105 1064 1191 1098 hodie

294 1117 442 1150 Dominus
455 1119 499 1150 ad
512 1126 638 1151 mortuos
651 1115 835 1160 descenderit
848 1141 858 1156 ,
884 1128 919 1150 ea
932 1117 969 1150 de
982 1114 1069 1159 causa
1080 1114 1126 1147 hic
1138 1115 1191 1148 col-

292 1164 432 1208 ligimur.
464 1169 508 1202 ob
521 1169 554 1200 id
565 1168 657 1201 ctiam
667 1167 742 1200 Iocus
767 1165 829 1210 ipse
855 1173 1026 1200 nominatur
1051 1170 1191 1199 Caemete·

292 1223 388 1249 rium.
416 1220 456 1251 Ut
487 1216 590 1261 discas
611 1227 762 1258 mortuos,
787 1218 821 1251 (θ’
841 1228 888 1250 cos
914 1221 963 1259 qui
985 1214 1188 1258 bicfitisunt‚

293 1277 350 1299 non
362 1275 488 1303 mortuos
502 1293 512 1309 ,
522 1266 581 1312 sed
583 1266 684 1312 somno
693 1265 804 1310 sopitos
819 1266 882 1310 csse
895 1279 930 1300 ac
941 1268 1068 1300 dormire
1082 1290 1088 1297 .
1103 1270 1189 1299 Nam

293 1327 364 1351 ante
376 1317 488 1358 christi
501 1320 669 1352 adventum
682 1329 761 1350 mors
775 1329 882 1352 nomen
909 1323 1013 1351 mortis
1037 1316 1163 1350 babebat
1178 1339 1188 1356 ‚

293 1378 327 1400 at
344 1368 500 1410 postquam
526 1367 659 1408 Christus
683 1374 768 1402 venit
789 1370 824 1402 Ca·
847 1377 904 1411 pro
916 1370 1024 1401 mundi
1035 1373 1105 1400 vita
1117 1378 1189 1399 mor-

293 1427 352 1452 tem
367 1418 483 1462 subiit,
512 1431 589 1452 mors
611 1429 669 1452 non
699 1418 828 1460 amplius
853 1426 976 1452 vocatur
1001 1430 1103 1457 mors,
1136 1415 1191 1460 scd

289 1465 411 1510 somnus
426 1472 459 1504 (ν’
473 1472 609 1503 dormitio
619 1493 626 1500 .
652 1468 745 1502 Hinc
758 1468 869 1502 nostra
883 1469 1125 1503 Defunctorum
1149 1467 1189 1500 se·

294 1519 474 1562 pulchralia
489 1521 561 1552 loca
573 1518 780 1562 appellantur
805 1518 1004 1552 Coemeteria
1016 1541 1026 1557 ‚
1054 1518 1107 1550 seu
1119 1516 1189 1550 dor·

293 1572 446 1605 mitoria.
476 1569 580 1615 Qod
595 1569 699 1611 ipsum
712 1568 746 1600 in
759 1578 890 1612 gemma
914 1568 1031 1600 animm
1050 1566 1189 1600 advertit

292 1621 467 1656 Honorius
493 1617 803 1664 Augustodunensis
826 1642 833 1649 .
870 1619 955 1652 Sunt
985 1616 1086 1660 longe
1109 1615 1191 1650 anti·

293 1672 462 1716 quiffima.
490 1670 561 1712 lpsa
581 1669 671 1701 enim
694 1666 728 1700 in
756 1666 841 1699 libro
853 1665 1003 1699 adversus
1016 1665 1188 1706 Scapulam

294 1721 413 1756 Africae
435 1717 672 1753 proconsulem
698 1715 808 1749 laudat
831 1714 1066 1752 Tertullianus
1088 1724 1095 1744 ε
1132 1713 1190 1745 Sub

292 1773 453 1809 Hilariano
478 1765 605 1810 Praesi'de
630 1767 771 1800 Gentiles
799 1765 836 1799 de
860 1770 942 1798 Areis
967 1762 1191 1807 sepulturarum

293 1821 459 1863 nostrarum
472 1819 676 1852 acclamarunt
696 1839 707 1855 ,
734 1820 819 1848 Areae
834 1813 955 1855 nonfint
971 1839 980 1854 ‚
1010 1818 1093 1847 Arcae
1117 1811 1191 1855 ipso-

292 1869 576 1911 rumnonfuerunt.
607 1865 718 1900 illatas
743 1875 823 1899 tunc
844 1864 962 1900 nostris
988 1863 1194 1909 Coemeteriisb

293 1921 429 1965 injurias
441 1920 577 1954 affirmat
591 1916 753 1950 divinitus
764 1915 861 1950 fuisse
887 1914 1070 1949 vindicatas
1082 1938 1089 1946 .
1121 1914 1186 1949 Vo-

294 1983 391 2011 cem,
427 1973 659 2006 carmennum,
694 1967 879 2010 fastumque
901 1965 939 1999 in
962 1965 1033 2008 ipso
1056 1965 1193 1998 miracu-

294 2025 365 2058 lum
389 2020 502 2056 laudat
513 2018 614 2053 etiam
633 2017 666 2051 in
682 2016 765 2051 libro
779 2016 819 2049 de
837 2014 980 2050 Anima.
1003 2016 1136 2050 Sanaos
1149 2014 1190 2048 A·

293 2072 499 2118 postolorum
525 2069 694 2112 Principes
717 2067 853 2101 Petrum
875 2067 908 2100 ὃς
932 2065 1074 2099 Paulum
1102 2064 1194 2098 fuisse

295 2125 413 2159 Romae
435 2122 454 2156 a
472 2120 612 2154 Nerone
636 2116 789 2162 Augusto
818 2115 999 2151 trucidatos
1023 2114 1132 2149 scribit
1159 2116 1192 2148 in

296 2173 520 2209 Ecclefiastica
532 2169 684 2203 Historia
713 2167 874 2202 Eusebius
896 2166 1122 2204 Caesareenfis‚
1147 2174 1211 2214 at-¹

297 2236 360 2270 que
373 2221 544 2268 adjungit:
577 2218 702 2264 Infignis
718 2230 753 2252 ac
763 2218 869 2257 testata
879 2218 1008 2251 Petri&
1034 2217 1124 2249 Pauli
1148 2221 1197 2248 in-

296 2275 443 2321 scriptio,
470 2284 538 2316 quae
569 2276 601 2304 ln
627 2274 811 2304 coemeteriis
839 2273 942 2302 Romae
967 2268 1011 2300 ad
1033 2266 1084 2300 boc
1103 2264 1195 2309 usquc

299 2333 415 2367 tompus
430 2332 551 2363 manet,
582 2320 670 2362 huJus
682 2319 821 2364 reigestae
843 2319 934 2361 fidem
950 2317 1049 2359 facit.
1080 2318 1119 2351 ln
1133 2318 1197 2359 sep-

300 2378 386 2410 timo
398 2375 543 2418 ejusdem
555 2373 662 2415 operis
679 2370 763 2405 libro
778 2369 913 2404 adducit
924 2368 988 2403 hoc
1014 2367 1196 2401 AEmiliani

301 2425 495 2472 Augustalis
507 2423 648 2457 Praefeffi
662 2420 811 2455 adversus
823 2420 977 2454 Sanctum
989 2418 1189 2462 Dionysium

301 2476 513 2511 Alexandria:
538 2471 762 2507 Patriarcham
787 2471 963 2504 Ediaum:
989 2471 1119 2502 Omnino
1140 2470 1194 2502 vel

302 2527 388 2561 vobis
401 2527 453 2558 vel
462 2526 531 2556 aliis
544 2522 771 2565 quibuscumque
779 2520 907 2563 potestas
920 2531 977 2553 non
991 2525 1048 2553 erit
1058 2527 1111 2552 aut
1124 2520 1193 2552 celc-

304 2577 415 2611 brandi
429 2574 591 2608 concientiis
609 2596 619 2611 ,
644 2581 696 2604 aut
717 2578 750 2604 in
770 2583 805 2604 ea
819 2596 829 2610 ,
856 2582 924 2613 quae
943 2573 1121 2603 Coemeteria
1140 2577 1193 2610 ap-

302 2628 457 2670 pellantur
478 2623 681 2667 ingrediendi.
711 2621 754 2654 Et
776 2620 857 2654 infra
880 2619 992 2653 laudat
1014 2618 1191 2657 Edictum,

306 2689 374 2722 quo
398 2676 576 2718 Imperator
598 2671 770 2706 Gallienus
796 2670 869 2704 loca
891 2669 970 2708 illa,
996 2680 1068 2712 quae
1089 2668 1195 2701 nomi-

309 2727 470 2762 nabantur
482 2722 676 2757 Coemeteria
688 2746 698 2762 ‚
734 2720 926 2754 adeundi&
945 2717 1126 2762 occupandi
1151 2718 1194 2752 fe-

311 2779 355 2812 cit
369 2776 465 2811 nobis
476 2775 637 2819 integram
651 2771 862 2816 potestatem.
893 2770 978 2816 Qae
1001 2768 1117 2811 nempe
1140 2780 1201 2803 an-.

311 2829 444 2862 teceffor
467 2824 664 2858 Valerianus
686 2821 854 2866 redegerat
875 2819 911 2853 in
938 2820 1071 2854 Fiscum
1097 2844 1104 2850 .
1152 2819 1196 2852 Et

314 2880 348 2911 in
361 2890 453 2913 nono
465 2875 549 2909 libro
561 2873 670 2908 scribit
681 2873 720 2906 de
731 2873 927 2913 Imperatore
942 2868 1203 2912 JovioMaximi÷

316 2941 380 2963 no:
408 2933 474 2961 Nos
495 2932 642 2959 conventu
655 2947 666 2963 ,
692 2929 744 2964 qui
763 2927 796 2954 in
821 2924 1002 2954 Coemeteriis
1020 2919 1089 2962 fieri
1103 2917 1198 2961 solet,

317 2981 488 3012 interdicere
499 2982 653 3009 armatur.
682 2972 726 3006 Et
739 2972 781 3005 de
792 2970 970 3014 proscripto
985 2979 1039 3012 per
1062 2968 1199 3011 Impera-

319 3038 422 3063 torem
454 3025 689 3062 Constantium
730 3021 895 3055 Pontifice
938 3018 1073 3053 Liberio
1106 3016 1201 3052 habet

322 3079 453 3121 antiqua
476 3077 580 3111 Sanffi
603 3074 732 3110 Damasi
758 3071 859 3104 Vita:
887 3070 1024 3103 Liberius
1048 3069 1201 3102 habitavit

324 3130 434 3167 extra,
461 3129 715 3164 milliartotertio,
742 3127 774 3155 in
797 3127 969 3155 Coemcterio
993 3121 1075 3162 quod
1094 3121 1201 3153 dicitur

326 3177 432 3209 Noella
444 3200 453 3214 ,
480 3182 533 3209 via
546 3177 680 3209 salaria.
705 3172 852 3206 Etinfra:
884 3175 955 3204 Non
969 3171 1081 3214 longia
1094 3173 1204 3203 Carme-

327 3230 402 3259 mio
422 3226 533 3257 Noellae
557 3225 594 3264 cst
618 3229 822 3257 Coemeterium
853 3220 1040 3262 Ostrianum,
1068 3221 1118 3254 ubi
1138 3220 1202 3253 bea-

328 3277 502 3311 ms'Petrus
514 3273 741 3313 baptizaverat.
771 3273 870 3305 Hanc
896 3272 997 3305 vitam
1018 3282 1060 3304 ex
1084 3271 1206 3304 Roma·

326 3325 384 3361 ais
394 3322 563 3357 Vaticanae
584 3322 731 3354 Eccleslae
755 3320 910 3355 Archivis
934 3320 1097 3362 descripsit
1119 3319 1206 3354 Con·

329 3374 490 3408 nantinus
503 3369 676 3413 Caietanus
688 3392 698 3407 ‚
725 3371 874 3413 vulgavit
886 3371 1028 3404 Martius
1036 3370 1185 3404 Milesius
1194 3392 1203 3400 .

330 3424 377 3460 Et
394 3420 607 3464 deAnqcleto
615 3417 779 3456 Pontifice
790 3420 900 3455 scribit
926 3420 1007 3456 liber
1030 3420 1209 3458 Pontifica-

1213 2931 1217 2988 ί

1231 279 1234 294 ι
1244 262 1423 307 sepulturae.
1451 266 1494 300 Et
1507 267 1549 301 de
1574 269 1693 303 Sancto
1710 271 1873 307 Fabiano:
1900 276 2133 318 Humultasfa-

1251 313 1348 347 bricas
1365 324 1422 356 per
1449 321 1626 352 caemeteria
1640 317 1706 360 ficri
1724 327 1868 364 praecepit
1890 347 1897 354 .
1936 324 1980 358 Et
1993 326 2036 360 de
2054 327 2133 360 San·
2141 311 2157 334 κ’

1252 367 1305 399 &o
1319 364 1487 410 Dionysio
1499 381 1510 400 .·
1535 371 1589 401 Hic
1612 369 1792 409 Presbyteris
1816 371 1916 414 divifit
1937 372 2077 414 Eeciefias
2096 378 2132 410 (rt

1252 419 1443 450 Coemeteria.
1475 417 1520 451 Et
1534 418 1575 452 de
1584 420 1762 462 Symmaco
1774 420 1939 456 pontifice
1951 434 1961 454 :
1995 425 2047 456 Hic
2059 423 2132 465 feeit

1253 470 1459 500 Coemererium
1477 470 1692 515 Jordanorum
1712 475 1745 504 in
1766 473 1870 507 melius
1887 480 2014 515 propter
2030 482 2133 516 corpu

1254 517 1419 550 Alexandri
1445 529 1455 559 ;
1504 518 1681 554 Pontificis
1703 521 1826 556 ibidem
1847 523 1963 566 sepulti
1982 547 1990 555 .
2030 523 2134 558 Etde

1254 567 1382 609 Joanne
1396 569 1494 601 tertio
1508 583 1521 602 .·
1548 574 1604 605 Hic
1613 571 1782 614 ampliavit
1793 584 1828 605 ac
1838 572 2016 613 restauravit
2026 578 2136 606 Carme-

1251 623 1328 650 teria
1339 617 1514 651 Sanc‘iorum
1525 622 1688 660 Martyrum
1703 647 1710 654 .
1737 627 1792 655 Hic
1801 622 1945 661 continuit
1957 631 1990 656 ut
2008 622 2136 656 oblatio-

1253 678 1304 701 nes
1317 669 1351 701 &
1363 669 1473 702 amulae
1483 675 1516 701 in
1525 672 1628 703 eadem
1643 676 1820 706 Coemetcria
1837 681 1894 715 per
1916 684 2016 707 omnes
2036 676 2137 705 Domi·

1252 728 1304 750 cas
1318 719 1356 751 de
1370 722 1534 753 Lateram‘s
1558 721 1814 762 ministrarentur.
1840 723 2036 758 Oblationes
2055 735 2135 757 con-

1251 768 1398 802 secrandi
1414 772 1507 813 panis
1529 771 1562 804 ὃς
1585 772 1701 806 amulae
1719 773 1929 808 consecrandi
1949 773 2039 814 vini,
2065 785 2134 817 quo

1254 818 1415 854 levaretur
1426 819 1520 863 inops
1535 822 1674 865 populus
1688 846 1695 854 .
1724 823 1768 857 Et
1779 822 1819 856 de
1829 822 2005 857 Bonifacio
2016 834 2136 867 quarto

1253 867 1350 902 habet
1373 870 1461 904 idem
1484 870 1602 906 Liber:
1639 875 1693 906 Hic
1709 871 1835 915 perfecit
1856 873 1959 907 sanai
1981 874 2134 907 Nicodemi

1253 923 1459 952 Cat-mererium
1483 945 1494 960 ,
1531 923 1566 955 (π
1593 922 1750 957 dedicavit
1769 947 1776 954 .
1825 923 2134 958 Coemeteriaerant

1254 980 1323 1002 non
1343 969 1426 1013 Pagi
1448 980 1503 1003 aut
1524 970 1733 1007 Parochiales
1771 973 1939 1019 Pagorurn
1970 973 2136 1014 Basilicas,

1253 1018 1305 1053 sed
1318 1017 1508 1053 suburbanae
1518 1031 1574 1054 aut
1587 1023 1782 1065 campestres
1793 1011 1857 1058 sine
1867 1023 2022 1058 domibus
2031 1034 2111 1057 areae
2121 1047 2135 1063 ‚

1254 1070 1288 1102 in
1306 1068 1422 1111 quibus
1433 1070 1528 1112 primi
1541 1081 1617 1104 cum
1629 1071 1687 1106 suo
1700 1072 1864 1116 Episcopo
1884 1085 1940 1107 aut
1962 1073 2134 1116 Presbyte-

1256 1129 1295 1153 ro
1310 1117 1490 1153 Christiani
1504 1120 1645 1164 agebant
1669 1119 1775 1155 divini
1798 1121 1952 1156 Sacrificii
1972 1135 2010 1157 ac
2032 1122 2135 1158 Verbi

1253 1170 1419 1212 synaxes,
1455 1169 1490 1203 δε
1513 1172 1705 1205 Sanctorum
1730 1171 1918 1215 Martyrum
1937 1183 1975 1206 ac
1995 1173 2137 1207 aliorum

1254 1220 1399 1254 fidelium
1412 1220 1567 1255 cadavera
1582 1221 1779 1265 sepeliebant
1795 1248 1801 1254 .
1841 1223 1933 1256 Hinc
1947 1222 1982 1255 in
1995 1222 2066 1265 ipsis
2078 1223 2138 1266 psi?

1251 1282 1342 1304 mum
1370 1271 1532 1313 Cryptas‚
1569 1270 1687 1306 deinde
1709 1270 1842 1311 domos,
1869 1273 2003 1306 tandem
2025 1272 2137 1306 Eccl&

1252 1322 1311 1354 fias
1320 1330 1376 1354 aut
1390 1320 1593 1356 Monasteria
1603 1322 1747 1365 Majores
1767 1322 1868 1356 nostri
1889 1323 2136 1357 exstruxerunt.

1254 1372 1322 1405 Cur
1337 1381 1405 1404 non
1426 1370 1555 1416 Pagos,
1585 1373 1639 1407 sed
1664 1383 1750 1407 areas
1771 1373 1951 1416 elegerint,
1975 1373 2076 1407 edicit
2099 1373 2137 1406 in

1255 1424 1363 1465 primo
1377 1421 1527 1456 adversus
1541 1423 1675 1457 Celsum
1693 1422 1778 1457 libro
1789 1424 1970 1467 Origenes:
1999 1425 2136 1456 Primum

1251 1473 1469 1505 criminationis
1497 1481 1586 1514 caput
1611 1471 1694 1516 Celso
1718 1472 1778 1514 est,
1804 1476 1824 1506 ἃ
1851 1472 2031 1513 Christianis
2057 1473 2139 1506 elan-⁷

1252 1522 1377 1554 cularios
1400 1533 1564 1556 conventus
1588 1523 1690 1557 haberi
1709 1522 1798 1566 solere
1816 1549 1826 1565 ‚
1873 1523 1983 1567 legibus
2008 1528 2137 1557 vetitos.

1254 1570 1332 1605 Erat
1347 1582 1419 1604 vera
1436 1573 1643 1606 criminatio.
1675 1573 1808 1609 Etenim
1827 1575 1915 1617 quod
1943 1573 2140 1616 persecutio-

1254 1621 1304 1654 nis
1316 1630 1461 1664 tempore
1472 1622 1571 1655 etiam
1585 1622 1738 1665 Episcopi
1763 1625 1797 1656 ὅς
1821 1623 1940 1656 Clerici
1961 1624 2137 1657 consueve-

1253 1670 1318 1702 rint
1340 1670 1540 1704 clandestine
1561 1672 1739 1705 consecrari
1759 1695 1770 1711 ‚
1809 1672 2000 1715 profitetur,
2036 1683 2074 1706 ac
2092 1682 2135 1705 ex

1253 1716 1454 1752 authenticis
1469 1719 1657 1762 Martyrum
1670 1721 1762 1755 Astis
1772 1719 1972 1756 demonstrat
1984 1722 2020 1755 iu
2039 1720 2135 1761 edito

1255 1767 1323 1811 post
1338 1766 1632 1813 Carthaginensem
1644 1769 1870 1804 Collationem
1896 1770 1981 1804 libro
1999 1772 2138 1805 Sanetus

1254 1817 1475 1863 Augustinus.
1506 1818 1600 1853 Hinc
1613 1831 1681 1863 quo
1694 1821 1839 1855 curiosos
1852 1848 1862 1864 ‚
1888 1819 1906 1854 ‘a
1926 1819 2044 1864 quibus
2055 1831 2138 1855 :om-

1256 1870 1309 1902 nia
1325 1869 1433 1902 nostra
1458 1868 1551 1903 fuisse
1572 1870 1696 1904 obseffa
1719 1872 1863 1914 queritur
1884 1870 1918 1905 in
1942 1870 2027 1905 libro
2048 1870 2139 1914 Apo-

1254 1918 1400 1963 logetico
1412 1919 1640 1954 Tertullianus
1652 1944 1664 1960 ,
1688 1921 1872 1955 Gentilium
1892 1919 2139 1956 Frumentarios

1254 1969 1413 2008 laterent,
1441 1981 1508 2003 non
1523 1970 1684 2004 Civitates
1704 1982 1760 2006 aut
1784 1970 1894 2016 Pagos
1914 1970 2139 2005 desiderabant

1253 2019 1410 2062 primaevae
1424 2019 1538 2053 nostrae
1550 2020 1712 2062 Synaxes.
1740 2020 1853 2055 Aliam
1865 2020 2028 2055 rationem
2037 2020 2139 2056 addu-

1251 2071 1297 2103 cit
1317 2071 1351 2102 in
1367 2070 1481 2112 scripta
1503 2070 1542 2104 ad
1562 2066 1815 2105 pammachium
1836 2069 2141 2113 Constantinopoli·

1253 2130 1335 2154 tanae
1359 2120 1460 2153 Urbis
1483 2120 1674 2155 Praefesium
1695 2122 1785 2166 Lege
1807 2121 1985 2164 Imperator
2003 2119 2144 2155 Gratia·

1254 2181 1333 2203 nus:
1361 2174 1472 2203 omnia
1489 2195 1500 2211 ,
1527 2181 1594 2212 quae
1617 2170 1712 2214 suprci
1733 2181 1845 2204 terram
1865 2176 1950 2204 urnis
1969 2168 2072 2213 clausa
2091 2170 2147 2205 vel

1249 2219 1418 2264 sarcofagis
1444 2229 1564 2262 corpora
1588 2222 1781 2261 detinentur,
1805 2223 1896 2255 extra
1917 2220 2019 2254 urbem
2041 2222 2149 2253 delata⁴

1251 2280 1423 2313 ponantur.
1452 2270 1566 2305 Exstat
1584 2272 1700 2305 Lexin
1725 2283 1817 2306 nono
1839 2269 2067 2305 Theodofiani
2087 2280 2145 2304 σού

1254 2322 1338 2356 dicis
1351 2321 1434 2355 libro
1450 2321 1490 2355 ad
1506 2323 1641 2356 titulum
1655 2322 1696 2356 de
1709 2320 1884 2366 sepulchris
1897 2321 2056 2361 violatis.¹
2074 2319 2147 2354 An·

1256 2373 1384 2416 tiquum
1398 2396 1408 2412 ,
1434 2372 1491 2415 qui
1501 2372 1588 2406 intra
1599 2372 1761 2406 Civitates
1775 2384 1841 2407 non
1856 2372 1985 2406 admisit
2006 2371 2149 2406 cadam*

1258 2434 1290 2456 ra
1305 2447 1315 2463 ‚
1341 2433 1466 2457 morem
1483 2433 1605 2466 reparat
1617 2422 1801 2457 ac‘firmat.
1830 2422 1934 2464 Cujus
1945 2422 2044 2455 moris
2052 2421 2144 2454 Gen-

1257 2474 1332 2507 tiles
1346 2473 1517 2516 praesertim
1542 2475 1672 2507 fuerunt
1696 2473 1888 2507 tenacissimi
1906 2496 1913 2504 .
1941 2473 2045 2505 Hunc
2062 2467 2142 2513 ergo

1259 2535 1300 2556 ne
1314 2522 1472 2557 violarent
1487 2548 1496 2563 ‚
1518 2524 1616 2558 etiarn
1627 2524 1721 2567 primi
1737 2523 1866 2558 Fideles
1881 2523 1936 2556 sua
1947 2519 2147 2554 Coemeteria.

1257 2573 1410 2615 jusserunt
1441 2575 1503 2608 effe
1529 2574 1721 2617 campestria
1746 2584 1802 2607 aut
1829 2569 2029 2606 suburbana.
2071 2567 2139 2602 Ur-

1258 2624 1335 2658 bani
1355 2623 1544 2658 Coemeterii
1571 2626 1673 2667 prima
1698 2623 1823 2657 mentio
1848 2620 1894 2655 est
1932 2619 2018 2663 apud
2056 2619 2144 2652 Eva·

1258 2676 1364 2717 grium
1393 2674 1686 2718 Epiphaniensem,
1717 2673 1772 2715 qui
1811 2670 1896 2704 circi⁴
1934 2668 2142 2712 Imperatoris

1259 2725 1432 2767 Iustiniani
1471 2733 1614 2765 tempora
1649 2722 1787 2755 affirmat
1824 2718 2015 2753 Antiochiae
2051 2715 2148 2753 aliud*

1258 2773 1348 2808 extra
1369 2797 1381 2812 ,
1418 2773 1507 2806 aliud
1534 2772 1619 2805 intra
1647 2772 1827 2805 Civitatem
1855 2770 1954 2804 fuisse
1981 2770 2146 2804 Coemete·

1259 2826 1355 2857 rium.
1384 2820 1487 2856 Porro
1514 2822 1744 2856 Romanorum
1773 2821 1953 2865 Episcopus
1979 2820 2024 2854 est
2053 2818 2146 2854 variae

1261 2871 1446 2916 potestatis:
1478 2872 1532 2905 Est
1560 2872 1650 2905 almae
1679 2869 1786 2906 Urbis
1824 2872 2026 2915 Episcopus,
2067 2868 2146 2902 Pro-

1261 2923 1373 2956 vineiae
1400 2923 1462 2955 suae
1488 2922 1726 2966 Metropolita,
1754 2922 1854 2955 ltaliae
1890 2923 2033 2957 Primas,
2063 2917 2144 2951 mul-

1262 2983 1367 3006 tarum
1417 2972 1620 3006 Dioecesmm
1667 2971 1858 3006 patriarcha
1890 2996 1901 3012 ,
1960 2980 1996 3004 ac
2042 2968 2146 3002 totius

1264 3021 1520 3057 Christianitatis
1547 3022 1634 3066 Papa
1673 3021 1917 3056 OEcumenicus.
1956 3019 2050 3052 Hinc
2075 3029 2144 3061 quo

1263 3073 1414 3107 omnium
1445 3073 1657 3107 Ecclefiarum
1684 3071 1895 3119 sollicitudini
1925 3071 2027 3113 posset
2064 3069 2147 3113 vigi-

1266 3124 1386 3157 lantior
1413 3124 1603 3164 intendere,
1631 3122 1783 3166 Apostoli
1821 3121 2059 3164 adscripserunt
2094 3117 2146 3151 illi

1267 3174 1431 3207 modicam
1480 3173 1676 3208 Parochiam
1697 3186 1707 3206 .·
1745 3171 1933 3205 Romanam
1971 3170 2144 3204 dumtaxat

1268 3225 1466 3258 Civitatem.
1496 3224 1599 3257 Extra
1625 3233 1735 3257 muros
1753 3221 1878 3254 nullam
1915 3219 2014 3264 habet
2050 3219 2145 3252 Paro-

1268 3274 1408 3308 chialem
1447 3274 1622 3308 Ecclesiam
1639 3296 1649 3311 ,
1693 3269 1747 3304 sed
1785 3269 1930 3313 quaedarn
1975 3270 2145 3304 dumtaxat

1271 3325 1485 3358 Coemeteria.
1513 3325 1596 3371 Qae
1620 3322 1723 3355 forma
1752 3317 2146 3371 Constantinopolitano,

1270 3375 1347 3407 dum
1376 3375 1408 3407 in
1448 3374 1572 3406 invasas
1608 3372 1721 3406 trium·
1746 3370 2047 3416 Autocephalarum
2081 3364 2151 3420 Prt-

1273 3436 1398 3460 matum
1447 3424 1611 3459 Dioeceses
1648 3420 1867 3457 patriarcham
1903 3418 2011 3464 agere'
2028 3425 2151 3456 coeP¹t›

2031 3465 2108 3508 Epi-

2157 1840 2227 1878 CaP·
2246 1848 2289 1873 14·

2157 2377 2227 2413 Cap.
2256 2379 2283 2405 6.

2164 2838 2190 2867 L.
2199 2846 2226 2873 4.
2242 2843 2316 2872 034.
