2352 3736
738 153 1070 197 SANcr1

360 155 454 217 248

285 242 328 276 ris
339 242 548 276 Sacram-:nto
570 239 705 273 sanetus
729 239 907 273 Anselmus
930 237 1050 273 residua
1073 242 1174 275 trans-

283 300 482 326 mutatorum
505 290 746 324 elementorum
764 288 945 322 accidentia
975 289 992 321 ὲ
1029 289 1172 325 Domini

284 340 474 383 Corpore&
489 339 657 383 Sanguine
668 340 833 380 eleganter
843 349 882 370 ac
904 338 1037 374 nervose
1060 339 1175 375 distin-

283 391 380 437 guit,
406 390 609 433 affirmatque
630 390 686 422 illa
696 387 758 430 esse
779 387 1006 431 corruptibilia,
1046 391 1174 424 obnoxia

283 445 461 485 corruptioni
483 464 494 481 ‚
542 443 576 475 (⁶5
601 444 633 470 in
669 440 842 480 accipiendo
880 440 1073 473 sacramento
1109 453 1173 476 con-

278 488 373 532 sumi.
402 491 504 536 Qod
518 490 622 532 ipsum
634 513 645 528 ,
663 489 739 523 licet
752 501 818 523 non
832 488 959 523 disertis
971 490 1074 524 verbis
1089 515 1099 532 ,
1113 502 1174 526 tra·

281 546 369 581 didit
379 546 495 579 Petrus
509 538 736 576 Lombardus.
764 540 808 574 Et
833 540 891 574 sub
914 539 1062 575 Honorii
1086 543 1172 576 tertii

280 596 483 631 Pontificatu
527 590 713 626 Cardinalis
741 589 880 633 Jacobus
919 589 961 624 de
999 587 1172 627 Vitriaco:

282 651 426 685 Formis,
464 644 577 688 utique
599 640 892 676 Sacramentalibus
925 640 1171 683 accidentibus,

281 698 411 738 aliquem
431 693 544 738 satiari
568 695 602 727 (ν
620 691 802 736 sustentari,
839 692 891 725 vel
915 697 1007 725 etiam
1028 693 1173 726 inebriari

278 758 339 779 non
351 757 512 791 negamus.
540 749 655 777 Forma
666 743 802 787 gustatur
814 767 826 784 ‚
847 740 979 785 sentitur
993 766 1004 783 ,
1029 743 1169 777 dentibus

263 803 444 838 atteritur,
469 800 586 837 Corpus
594 801 695 827 autem
706 805 766 826 non
778 798 810 825 in
822 802 959 826 venerem
985 792 1139 836 descend&
1159 818 1170 834 ‚

275 846 334 891 sed
343 847 382 880 ab
391 857 440 880 ore
454 847 497 879 ad
509 856 557 879 cor
576 843 704 887 transit.
732 843 869 877 Formas
891 842 1033 877 omnino
1053 845 1172 878 fatetur

277 897 315 932 in
330 908 476 932 ventrem
487 894 703 935 descendere,
733 894 929 937 adeoque&
942 893 976 926 in
989 894 1147 928 secessum
1161 920 1169 926 .

277 947 385 995 Qod
398 948 503 991 ipsum
515 945 607 980 sensit
619 946 747 979 Dostor
760 944 961 988 Angelicus.
985 945 1096 979 Docet
1118 944 1169 978 Sa-

277 998 494 1032 cramentales
506 995 629 1040 species
641 994 860 1042 agere&pati
884 994 999 1028 omnia
1022 994 1114 1039 panis
1136 995 1169 1028 &

277 1047 542 1087 vinisolemnia,
566 1054 652 1079 tacet
672 1054 784 1079 tamen
807 1044 850 1079 de
871 1045 1012 1079 secessu.
1039 1044 1171 1089 Nempe

278 1099 405 1132 curiosa
420 1123 429 1139 ,
453 1095 662 1136 scandalon,
696 1094 868 1138 &piarum
892 1095 1020 1130 aurium
1040 1095 1170 1129 offenss-

277 1159 319 1182 va
340 1150 381 1182 eli
399 1149 457 1181 ista
489 1147 625 1191 quaestio
645 1157 683 1179 ac
696 1145 840 1185 locutio,
862 1145 1003 1188 ideoque
1016 1144 1169 1179 servanda

277 1198 378 1232 etiam'
410 1198 467 1231 hic
489 1198 536 1232 est
559 1197 668 1231 Sanffl
687 1196 870 1240 Augustini
895 1196 1025 1239 Regula
1048 1208 1055 1228 ε
1093 1197 1170 1230 Tene

272 1246 477 1293 sententiam,
511 1246 573 1291 fid
601 1252 709 1290 corrige
728 1249 878 1290 linguam.
918 1245 1170 1280 Heriboldus&

276 1301 436 1333 Rabanus
448 1300 581 1332 fuerunt
593 1297 655 1329 viri
667 1296 840 1330 doetiffimi
854 1307 892 1330 ac
906 1295 1080 1341 insigniter
1093 1297 1169 1330 San-

277 1351 339 1391 sti,
363 1349 503 1393 gloriosa
515 1347 727 1383 &benedicta
747 1347 794 1379 est
824 1346 966 1390 ipsorum
991 1345 1077 1390 apud
1099 1358 1166 1381 om-

275 1412 334 1434 nes
347 1400 506 1433 Ecclelias
518 1397 676 1431 memoria
690 1421 701 1437 ‚
724 1396 978 1440 docueruntque
988 1408 1064 1430 cum
1087 1397 1170 1430 anti-

275 1452 349 1494 quis
367 1475 376 1490 ‚
402 1450 477 1482 licet
509 1449 710 1481 incertorum
733 1449 902 1481 ausimum
917 1470 928 1487 ‚
950 1446 1169 1487 canonibus,

275 1499 510 1535 mandantibus
535 1497 774 1531 Eucharistiarn
797 1496 890 1529 firme
911 1496 1091 1538 custodiri,
1126 1507 1167 1531 ne

272 1551 382 1585 forsan
396 1549 413 1583 ὲ
427 1547 572 1582 muribus
583 1558 639 1581 aut
647 1546 719 1580 aliis
731 1546 859 1589 injuriis
871 1545 1018 1584 laedatur,
1029 1545 1167 1589 proinde

272 1601 346 1634 solo
370 1599 581 1638 scandaloso,
616 1607 822 1639 nequaquam
867 1596 1034 1629 Haeretico
1066 1596 1165 1630 verbo

273 1659 470 1694 peccarunt.
504 1646 665 1681 Paschalii
685 1657 795 1680 tamen
820 1645 972 1680 Ratberti
1005 1646 1164 1680 sententia

271 1699 363 1735 Petri
389 1696 568 1733 Lombardi
590 1696 625 1729 &
644 1695 752 1730 Sanffl
786 1694 931 1728 Thomae
966 1692 1166 1736 temporibus

273 1750 386 1784 adhuc
398 1748 502 1788 vixit,
526 1747 691 1780 affirmans
702 1744 843 1789 species,
874 1744 952 1778 licet
975 1743 1019 1777 iti
1045 1743 1167 1778 videre·

271 1812 327 1836 tur
343 1826 353 1841 ‚
375 1811 435 1833 nec
449 1796 578 1842 frangi,
598 1806 658 1829 nec
682 1795 865 1837 corrumpi,
902 1793 936 1827 &
966 1793 1095 1838 insuper
1115 1794 1163 1828 ni·

271 1850 323 1885 hil
356 1850 423 1883 falfi
445 1859 501 1882 aut
534 1845 721 1890 praestigiofi
744 1845 800 1879 hic
821 1844 1039 1878 intercedere:
1074 1844 1164 1890 Qia

270 1899 392 1943 nempe
404 1899 579 1933 dumtaxat
585 1896 749 1938 falleretur
761 1893 846 1937 visus
859 1918 869 1934 ,
897 1895 931 1928 ὼ
943 1905 1003 1927 non
1015 1894 1142 1936 falleret
1153 1918 1164 1934 ‚

272 1953 353 1995 quod
371 1950 455 1994 effit‚
476 1948 506 1988 fi
528 1948 695 1980 crederetur
730 1947 774 1977 ὶιᾶ
791 1943 902 1988 frangi
924 1968 935 1984 ,
971 1952 1005 1977 ut
1025 1945 1164 1978 videtur.

271 2002 374 2035 Hanc
398 1997 652 2044 propositionem
665 2005 798 2038 uterque
822 1993 956 2038 quidem
979 1994 1164 2037 improbat,

271 2062 389 2085 neuter
402 2059 510 2084 tamen
524 2048 659 2081 damnat
672 2071 679 2077 .
701 2044 829 2079 Verum
841 2055 958 2078 omnes
981 2044 1159 2078 Chistianae

273 2100 399 2136 scholar.
415 2097 649 2134 Heriboldo&
665 2095 805 2130 Rabano
824 2094 889 2143 jam
912 2093 1039 2133 dudum
1060 2094 1160 2132 acces-

272 2154 382 2190 serunt
396 2178 403 2186 .

324 2332 487 2392 Raditur
500 2328 552 2377 ad
564 2332 740 2379 Errorem
754 2330 912 2381 joannis
924 2331 1092 2394 Erz'genae
1105 2360 1116 2372 .

387 2454 453 2486 Isce
478 2449 714 2495 quaestionibus
735 2449 769 2483 in
792 2449 903 2483 Gallia
927 2447 1167 2493 grassantibus,

411 2503 529 2535 fastum
556 2500 601 2534 est
624 2499 714 2543 quod
735 2499 776 2532 ad
796 2499 904 2532 nescio
928 2510 1024 2541 quem
1036 2497 1168 2531 Richar-

275 2548 357 2589 dum
381 2552 489 2586 scribit
514 2548 731 2583 Haereliarcha
757 2548 971 2591 Berengarius
991 2561 998 2580 :
1035 2549 1190 2581 Noveriti

277 2608 348 2638 Rex
361 2629 371 2643 ,
400 2615 467 2645 quae
472 2599 579 2644 scribit
583 2601 614 2642 J
616 2610 724 2631 oannes
737 2600 856 2637 Scarus,
882 2599 1086 2630 monituillum
1095 2596 1167 2640 scri-

274 2653 353 2699 pfiffe
373 2656 563 2696 precarioque
582 2650 682 2683 Caroli
706 2651 847 2691 Magni,
890 2648 1078 2691 Antecefforis
1095 2645 1165 2691 sui,

280 2711 332 2748 qui
349 2712 494 2747 quantum
512 2706 589 2734 circa
611 2711 657 2733 res
674 2699 825 2742 gerendas
841 2698 1031 2739 perstrenuus
1055 2723 1065 2738 ,
1101 2706 1168 2730 tan-

279 2766 344 2790 tum
353 2761 429 2789 εἰη-α
442 2754 620 2794 Religionem
631 2751 756 2782 devotus
769 2772 779 2787 ,
821 2759 858 2782 ne
868 2749 1081 2781 ineruditorum
1094 2752 1170 2780 Car-

278 2807 453 2848 mirumque
465 2803 544 2836 illius
557 2805 695 2842 temporis
710 2798 896 2841 praevaleret
906 2804 1043 2840 ineptia,
1070 2799 1170 2832 erudi*

279 2865 312 2888 ‘eo
324 2861 388 2889 viro
398 2860 429 2901 J
432 2858 523 2887 oanni
533 2852 578 2885 illi
591 2849 727 2893 imposuit
737 2850 866 2893 colligere
878 2849 916 2881 de
933 2847 1092 2892 scripturis
1103 2858 1169 2889 quae

283 2911 428 2947 ineptiam
452 2905 536 2938 illam
558 2909 761 2935 converterent
784 2924 790 2930 .
829 2900 874 2933 Et
899 2899 1052 2933 Sanstum
1082 2897 1169 2930 Lan-

282 2956 429 2989 francum
445 2980 455 2996 ,
475 2955 492 2989 ὲ
506 2964 573 2998 quo
586 2951 734 2995 Erigenae
753 2948 795 2982 de
820 2947 1023 2982 Eucharistia
1044 2948 1167 2982 senten-

285 3005 347 3039 tias
359 3006 515 3039 Haerelios
527 3002 675 3036 damnari
689 3000 840 3034 retulerat
852 2998 1078 3042 Ingelra'mnus
1090 2996 1170 3030 Car-

287 3054 428 3088 nutenfis
442 3079 452 3094 ‚
475 3066 529 3097 per
542 3053 663 3086 litteras
673 3048 755 3085 serio
767 3050 898 3083 monuit
910 3074 921 3090 ,
941 3050 975 3084 &
987 3048 1143 3082 conclusit
1156 3061 1166 3080 .-

284 3106 320 3136 δι’
333 3102 500 3136 haereticum
514 3103 602 3135 hahes
619 3106 796 3147 Joannem‚
818 3101 901 3141 cujus
921 3101 959 3133 de
980 3097 1169 3138 Eucharrstra

285 3151 453 3198 sententias
473 3153 634 3194 probamus
652 3177 662 3192 ‚
692 3150 846 3184 habendus
866 3150 922 3182 tibi
952 3149 987 3188 est
1009 3152 1167 3182 Haereticus

290 3201 452 3242 Ambrosius
466 3226 476 3241 ,
502 3205 682 3238 Hieronymus
695 3227 704 3240 ,
732 3200 903 3245 Augustinus
916 3225 927 3240 ,
948 3209 985 3232 ut
996 3201 1032 3232 de
1053 3203 1167 3232 caeteris

279 3261 405 3291 jaceam
417 3276 424 3282 .
451 3251 531 3295 Qiae
543 3251 655 3283 omnia
667 3253 839 3284 confirmat
862 3251 895 3283 in
909 3250 1008 3293 priori
1023 3248 1168 3292 Epistola

288 3301 331 3335 ad
342 3298 541 3345 ¹Magistrum
550 3299 741 3332 Ascelinum
753 3324 760 3330 .
785 3300 909 3334 Nescio
920 3310 1018 3343 quem
1032 3298 1168 3333 Guiliel-

291 3362 405 3388 mum,
430 3348 629 3393 jactitantem
654 3348 742 3389 quod
768 3349 784 3380 ὲ
807 3351 839 3382 se
859 3350 1028 3383 convicius
1047 3346 1171 3390 nequiis-

285 3402 333 3448 fet
344 3403 374 3445 J
378 3409 497 3432 oannem
508 3400 621 3430 §cotum
642 3407 746 3439 negare
759 3403 939 3432 Haereticum
951 3423 961 3439 ‚
988 3399 1167 3433 admodum

289 3452 462 3488 insectatur
484 3448 520 3484 in
542 3446 657 3482 eadem
677 3445 825 3490 Epistola
844 3470 856 3487 ‚
893 3449 1086 3490 protestatus
1102 3449 1167 3484 effe

1141 154 1479 201 Leonis

1551 158 1602 204 N
1635 174 1668 204 o
1703 178 1734 207 N
1764 178 1804 219 1,

1233 242 1442 276 manifestum
1465 239 1691 274 mendacium.
1728 246 1810 293 Qo
1832 246 1868 280 in
1890 255 1998 285 errore·
2020 250 2119 287 durus

1235 292 1372 335 perstitit
1386 292 1488 324 etiam
1502 290 1572 334 post
1586 290 1827 328 vercellensem
1839 296 2010 339 Synodum
2021 326 2031 342 ‚
2060 303 2128 339 ubi.
2262 300 2277 320 ‘

1234 343 1340 376 noster
1363 341 1451 384 Papa
1474 342 1545 374 Leo
1567 342 1705 375 Scotum
1729 340 1768 375 de
1789 343 1907 379 Haerefi
1929 348 2116 387 damnavit.

1233 392 1284 425 Ex
1308 403 1375 435 quo
1400 393 1487 425 lucet
1498 390 1739 425 Haereticorum
1764 391 1921 430 librorum
1945 397 2119 437 leffionem

1230 453 1268 476 ac
1294 442 1523 476 detentionem
1550 440 1775 477 fundatissime
1798 444 1868 488 jure
1893 445 2043 483 damnari
2076 452 2119 487 ab

1232 493 1393 533 Ecclesia,
1419 493 1453 526 &
1478 492 1565 536 ipsos
1600 504 1669 526 non
1697 493 1755 527 nili
1780 505 1857 528 cum
1884 497 2013 532 summo
2039 502 2120 544 peri-

1231 542 1308 578 culo
1334 543 1352 577 ὲ
1378 541 1480 577 ἀοέὶίε
1504 541 1604 576 etiam
1631 543 1707 577 viris
1732 544 1815 590 legi.
1842 546 1977 582 Etenim
1999 549 2040 583 de
2063 549 2120 586 Bea

1231 594 1406 638 rengario,
1434 603 1530 637 quem
1556 593 1632 627 licet
1661 594 1836 630 Durandus
1861 597 2120 636 Troamenfium

1232 643 1343 678 Abbas
1379 643 1468 678 dicat
1515 642 1673 686 abjectum
1717 646 1752 679 ὅ(
1800 648 1952 690 spurcum
1996 651 2120 684 nullius

1231 694 1371 728 scientiae
1390 693 1561 728 hominem
1584 719 1595 736 ,
1630 695 1737 740 Hugo
1758 706 1867 731 tamen
1902 698 2122 745 Lingonenfis

1232 745 1413 789 Episcopus
1427 745 1539 779 titulat
1551 751 1682 778 virorum
1706 748 1891 788 aruriffimum
1909 763 1920 783 .·
1948 750 2051 797 Qiod
2073 751 2122 795 ip·
2135 765 2195 797 Pir.
2228 773 2252 794 i,

1232 796 1301 830 sum
1314 794 1424 829 deillo
1439 796 1538 830 etiarn
1552 797 1684 830 Sanetus
1707 797 1919 833 Hildebertus
1941 799 2119 835 Turonen·
2147 795 2153 797 ⁴
2223 786 2238 803 ἃ

1232 845 1290 887 fis,
1314 844 1513 880 Frotlandus
1524 846 1776 890 Sylvanesienfis
1787 848 1968 893 Episcopus
1980 876 1990 891 ,
2016 852 2049 886 ὃ(
2061 851 2118 886 alii

1231 894 1419 938 pluressunt
1431 896 1558 930 testati.
1585 897 1639 931 De
1649 897 1713 932 hoc
1726 920 1736 937 ,
1763 898 1920 944 inquam,
1958 899 2119 947 Ber'enga-

1232 946 1283 979 rio
1294 945 1403 980 scribit
1414 957 1572 990 magnum
1584 948 1691 992 Belgii
1704 946 2117 997 Chronicontflerengarius
2137 963 2194 995 fol,
2229 972 2301 1000 119,

1231 997 1383 1040 aiJoanne
1393 999 1474 1029 scoto
1477 995 1545 1038 fuit
1555 996 1685 1038 infec‘lus
1696 1022 1703 1029 .
1732 999 1776 1034 Et
1798 1000 2007 1037 Floriacense
2019 1003 2118 1037 Fran-

1232 1047 1309 1079 cieae
1323 1045 1478 1080 Historia:
1496 1045 1716 1090 fragmentum
1729 1071 1736 1079 .
1763 1051 1967 1094 Berengarius
1976 1056 2118 1098 Joannis

1231 1098 1307 1128 scoti
1317 1095 1435 1129 lemane
1445 1096 1490 1127 ad
1502 1093 1578 1128 banc
1590 1094 1739 1137 nefariam
1752 1099 1909 1133 devolatus
1924 1102 1962 1142 est
1980 1102 2093 1136 sedam
2110 1128 2118 1135 .

1234 1146 1276 1179 Et
1289 1144 1370 1180 hinc
1383 1146 1417 1179 in
1432 1145 1562 1189 Regula
1574 1147 1628 1180 sua
1642 1145 1830 1181 Monastica
1854 1149 1966 1183 statuit
1989 1152 2121 1186 Sanetus
2138 1165 2194 1193 An.
2208 1158 2296 1198 1044?

1231 1195 1372 1230 Isidorus
1394 1194 1674 1240 Archiepiscopus
1696 1197 1894 1241 Hispalenfis
1913 1212 1921 1232 :
1959 1201 2122 1234 Gentilium

1231 1246 1322 1279 libros
1333 1248 1386 1280 vel
1396 1251 1611 1281 Haerettcorum
1622 1248 1779 1294 polamina
1794 1248 1956 1282 Monachus
1966 1250 2063 1295 legere
2073 1262 2124 1285 ca·

1232 1306 1304 1330 veat
1317 1323 1324 1329 .
1351 1297 1458 1330 Melius
1470 1294 1508 1336 est
1520 1303 1599 1330 enim
1609 1309 1706 1330 eorum
1713 1297 1876 1342 perniciosa
1892 1300 2033 1344 dogmata
2044 1307 2124 1345 igno-

1232 1358 1320 1388 rare,
1347 1358 1438 1389 quam
1445 1354 1500 1388 per
1512 1352 1732 1389 experientiam
1743 1354 1775 1381 in
1796 1349 1925 1391 aliquem
1949 1358 2062 1384 erroris·
2081 1353 2123 1385 la-

1231 1403 1511 1439 queamincurrere.
1539 1397 1623 1432 Sane
1635 1408 1677 1432 ex
1688 1398 1783 1432 simili
1797 1398 1938 1434 lestione
1962 1401 2025 1435 fuit
2049 1402 2124 1435 ori·
2140 1396 2251 1435 ἱῖῑίΡ-Β·

1231 1458 1331 1491 genes
1355 1456 1545 1490 corruptus.
1587 1447 1698 1482 Etiam
1735 1448 1889 1483 Sanstum
1919 1450 2123 1494 Dionysium

1234 1497 1439 1531 Alexandriae
1453 1496 1680 1532 Pat‘riarcham
1694 1521 1705 1538 ‚
1731 1498 1809 1533 licet
1825 1500 1929 1534 virum
1956 1500 2125 1546 undequa-

1230 1557 1293 1588 que
1305 1547 1523 1580 doctissimum
1539 1571 1550 1587 ‚
1576 1559 1612 1581 ea
1624 1546 1665 1581 de
1677 1550 1772 1583 causa
1783 1550 1881 1584 fuisse
1892 1549 1910 1583 ὲ
1922 1550 2115 1594 quibusdam

1228 1595 1454 1640 reprehensum
1468 1596 1675 1630 &monicum
1688 1623 1698 1639 ‚
1726 1597 1825 1632 habes
1836 1599 1922 1643 apud
1936 1600 2114 1635 Eusebium

1230 1646 1461 1681 caesareensem
1479 1671 1485 1678 .
1515 1646 1651 1680 Marcus
1663 1647 1742 1681 item
1754 1648 1927 1686 Antonius
1937 1650 1978 1684 de
1997 1650 2118 1685 Domi-

1231 1695 1299 1735 nis,
1327 1694 1472 1728 eruditus
1491 1696 1682 1738 spalatensis
1704 1696 2003 1744 Archiepiscopus‚
2028 1699 2116 1735 hauc

1229 1742 1284 1777 fibi
1298 1743 1391 1779 fuisse
1401 1745 1540 1788 primam
1551 1745 1769 1789 Apostatandi
1793 1750 1924 1783 causam
1947 1751 2117 1795 profitetur
2139 1751 2208 1784 L·7-
2226 1754 2296 1781 δύ·

1229 1794 1263 1827 in
1278 1793 1435 1828 librorum
1448 1794 1579 1829 suorum
1593 1796 1799 1839 praefatione,
1827 1799 1860 1832 &
1883 1810 1994 1834 mente
2017 1800 2119 1844 priva-

1229 1853 1280 1877 tus
1293 1843 1452 1888 gloriatur
1464 1869 1471 1876 .
1499 1843 1683 1879 Haereticos
1699 1846 1799 1882 libros
1811 1849 1878 1882 esse
1900 1848 1966 1884 Dei
1991 1847 2120 1892 hostes,

1229 1895 1371 1938 ideoque
1390 1905 1459 1928 non
1481 1893 1702 1936 detinendos,
1728 1897 1781 1931 sed
1807 1897 1915 1933 statim
1941 1900 2019 1944 igne
2050 1912 2120 1935 cre-

1229 1944 1389 1983 mandos,
1418 1944 1586 1988 insigniter
1610 1945 1754 1980 ostendit
1781 1948 1815 1981 in
1843 1947 1944 1983 Prato
1971 1949 2115 1992 spiritua·

1228 1995 1250 2028 li
1263 1996 1397 2029 Sanctus
1408 1994 1612 2037 Sophronius
1625 1996 1813 2032 Patriarcha
1838 1998 2117 2042 Hierosolymita·

1228 2056 1288 2079 nus
1304 2070 1310 2078 .
1325 2043 1369 2079 Et
1381 2043 1460 2078 hinc
1474 2046 1560 2088 ipsos
1575 2045 1752 2081 solenniter
1762 2048 1948 2083 exurereest
1960 2050 2116 2093 antiquis-
2137 2068 2209 2106 Cap,
2226 2071 2276 2103 43·

1226 2106 1298 2129 mus
1334 2104 1428 2137 mOS,
1467 2105 1536 2128 non
1578 2095 1680 2130 solius
1722 2096 1906 2133 Catholicae
1944 2099 2116 2142 Ecclefiae,

1198 2164 1200 2168 >
1228 2145 1279 2182 sed
1306 2145 1407 2181 etiam
1432 2141 1540 2180 adhuc
1577 2146 1717 2193 gentilis·
1749 2148 1955 2195 Reipublicae
1994 2149 2118 2185 Roma-

1228 2211 1293 2234 υτ.

1278 2245 1382 2283 Porro
1395 2249 1536 2292 Ioannes
1547 2246 1690 2295 Erigena
1704 2248 1865 2285 Carolum
1890 2251 2031 2286 Calvum
2054 2250 2118 2286 Re-

1228 2310 1304 2344 gem
1328 2310 1383 2343 per
1405 2298 1631 2335 adulationem
1653 2301 1764 2343 passim
1789 2311 1919 2335 vocarat
1954 2301 2115 2339 Carolum

1230 2351 1417 2394 Magnum,
1443 2349 1574 2384 &istud
1597 2352 1774 2393 peccatoris
1785 2351 1895 2386 oleum
1920 2351 2051 2386 resumit
2071 2362 2117 2386 et·

1231 2400 1296 2433 iam
1309 2400 1347 2434 ad
1362 2399 1582 2435 seducendum
1595 2400 1723 2445 Regem
1747 2401 1932 2436 Henricum
1955 2402 2116 2446 Berengaa

1231 2450 1316 2484 rius.
1345 2450 1490 2495 Erigena
1505 2475 1515 2491 ,
1542 2450 1676 2495 inquam
1692 2477 1703 2492 ‚
1730 2452 1916 2495 perlibrum
1928 2451 1969 2484 de
1988 2460 2114 2484 natura-

1231 2500 1471 2535 rumdivisione
1486 2525 1496 2541 ,
1524 2501 1643 2545 ipsique
1666 2502 1799 2535 infartas
1820 2502 1861 2536 de
1890 2498 2112 2534 Eucharistica

1231 2550 1364 2585 veritate
1387 2548 1620 2594 blasphemias,
1647 2551 1787 2585 turbavit
1812 2561 1946 2584 omnem
1967 2549 2112 2583 Galliam

1230 2601 1484 2635 &Germaniam
1497 2624 1508 2640 ‚
1547 2601 1685 2643 ideoque
1703 2601 1787 2643 ipsas
1810 2609 1866 2634 aut
1886 2589 2051 2643 palinodia
2070 2601 2113 2632 sa-

1233 2651 1326 2690 nari,
1352 2662 1406 2684 aut
1421 2651 1608 2685 Sanctorum
1619 2651 1751 2684 Parrum
1773 2650 2019 2684 auetoritatibus
2042 2660 2112 2692 pur·⁴

1230 2701 1298 2744 gari
1311 2700 1397 2743 juss‘it
1411 2700 1483 2732 Rex
1499 2700 1636 2733 Carolus
1649 2710 1746 2743 atque
1769 2700 1909 2734 firmari.
1937 2699 2040 2746 Qafi
2063 2700 2113 2733 in·

1231 2760 1278 2784 ter
1298 2751 1448 2783 malleum
1462 2748 1662 2783 &incudem
1683 2749 1768 2784 haefit
1793 2750 1875 2784 Erro
1890 2775 1898 2782 .
1927 2750 2056 2783 Videns
2079 2750 2112 2784 se

1229 2798 1457 2834 &primatibus
1470 2799 1591 2844 ubique
1605 2800 1776 2843 Episcopis
1787 2811 1823 2833 ac
1845 2799 2046 2834 Doctoribus
2066 2799 2116 2832 la..

1229 2849 1373 2883 cerari&
1385 2848 1530 2883 damnari
1545 2851 1593 2884 uti
1606 2850 1807 2885 Haereticum
1821 2874 1832 2890 ,
1858 2850 1922 2884 fuit
1933 2850 2011 2884 certi
2032 2860 2112 2883 con-

1229 2899 1291 2933 filii
1303 2910 1414 2942 expers
1426 2923 1437 2939 ,
1464 2899 1632 2943 ipsumque
1643 2913 1718 2934 cum
1732 2902 1794 2934 suis
1808 2900 1936 2934 asseclis
1961 2899 2111 2943 vulgatus

1231 2960 1284 2993 per
1316 2949 1529 2984 Ludovicum
1563 2951 1747 2985 Cellotium
1792 2951 1934 2993 Scriptor
1967 2949 2109 2992 appellat

1231 3001 1318 3041 impie*
1328 3000 1499 3034 dubitantes
1511 3002 1545 3034 δ’
1565 3000 1734 3043 baefitames
1751 3027 1758 3034 .
1787 3000 1923 3034 Librum
1947 3010 2024 3043 ergo
2045 2999 2110 3032 edi·
2129 3020 2202 3057 ρῳ·
2221 3031 2250 3057 4·

1230 3050 1299 3091 dit,
1328 3051 1362 3083 in
1375 3061 1441 3094 quo
1454 3050 1664 3086 Eucharistiae
1675 3050 1884 3085 veritatem&
1909 3048 2054 3083 defendit
2076 3051 2110 3083 ἀ

1231 3101 1404 3146 impugnat
1417 3113 1472 3144 per
1484 3103 1571 3147 quasi
1585 3101 1744 3136 contraria
1757 3101 1947 3135 Sanflorum
1976 3099 2111 3133 Parrum

1231 3151 1417 3185 testimonia
1432 3176 1442 3192 ‚
1468 3152 1640 3186 immobile
1654 3152 1729 3185 fidei
1742 3151 1874 3193 Dogma
1889 3149 1922 3182 in
1936 3148 2110 3183 Scholasti-

1230 3212 1300 3234 cam
1314 3201 1526 3245 quaestionem
1540 3203 1708 3237 demutare
1720 3224 1732 3240 ‚
1759 3210 1857 3243 atque
1872 3200 1916 3233 ita
1937 3210 2109 3242 utramque

1232 3253 1506 3287 contendentium
1533 3263 1652 3296 partem
1670 3249 1729 3283 fibi
1752 3248 1951 3291 conciliare,
1977 3260 2032 3284 aut
2052 3259 2108 3291 po-

1232 3302 1295 3334 tius
1307 3301 1566 3338 circumscribere
1577 3310 1715 3334 conatus
1727 3323 1737 3338 ‚
1763 3300 1961 3343 tandemque
1979 3298 2108 3332 conclu-

1231 3352 1311 3384 dens
1326 3365 1381 3394 pro
1394 3351 1645 3388 Sacramenraria
1656 3348 1755 3382 haerefi
1770 3373 1780 3388 ‚
1806 3361 1844 3383 ac
1854 3348 2108 3382 Eucharisticam

1231 3403 1400 3436 veritatem
1446 3401 1603 3435 definiens
1651 3399 1809 3434 adversari
1857 3399 1979 3433 Sanctis
2029 3398 2109 3430 Am-

1878 3446 1976 3482 Liber
2010 3447 2108 3481 latere

2006 3508 2062 3533 aut

1230 3450 1334 3487 brofio
1359 3451 1528 3498 praesertim
1553 3451 1585 3489 δε
1621 3449 1810 3495 Augustino
1834 3475 1841 3482 .
