2352 3736
120 369 168 397 28.

52 1500 128 1539 cap.
145 1503 189 1534 τό,

423 182 477 211 DE
513 166 706 210 SlMONliss
740 177 953 219 CRIMINE,
991 177 1039 206 ET
1072 174 1213 205 VARlls
1251 174 1314 204 AD
1349 171 1473 204 1PSUM
1509 169 1836 203 SPECTANTIBUS.

1151 241 1242 283 ¹&in
1255 240 1393 275 secunda
1415 240 1470 275 sua
1482 238 1672 279 Pietavienfi
1696 240 1836 284 Synodo
1859 240 2042 278 statuerunt

235 251 318 286 rium
328 248 482 284 Sa'rdiniae
492 247 740 292 Metropolitam
759 272 769 288 ‚
794 256 908 281 vetans
919 242 1101 290 quidquam

233 301 324 345 exigi
337 323 347 340 ‚
359 298 474 342 sponte
483 296 630 333 oblatum
644 298 816 342 indulgens
824 295 956 333 admitti
969 317 976 325 .
1004 293 1103 326 Eam-

232 350 308 386 dem
323 349 436 393 probat
447 349 587 382 secunda
607 347 760 391 Synodus
770 343 974 383 Turonensis
985 367 992 374 .
1018 342 1100 379 Nul-

235 403 284 436 lus
295 404 324 433 E
324 399 503 444 piscoporum
515 401 551 432 de
560 396 789 431 ordinationibus
800 394 981 429 ,clericorum
1005 402 1102 424 mune·

236 464 274 486 ra
279 449 444 494 praesumat
453 456 576 493 exigere,
586 453 657 491 quia
668 455 725 485 non
730 443 822 492 solum
828 441 1005 486 sacrilegum
1017 465 1028 482 ,
1049 439 1106 484 sed

235 503 271 536 o·
281 501 450 535 baereticum
459 498 516 541 est.
544 499 587 532 Et
606 494 743 530 secunda
757 492 971 535 Bracarenfis:
999 495 1045 525 De
1057 502 1102 524 or-

236 552 442 585 dinationibus
460 551 636 587 elericorum
658 541 797 587 Episcopi
818 553 941 584 munera
962 543 1045 575 nulla
1053 539 1102 584 su-

231 601 379 646 scipiant.
405 598 505 647 Qod
517 597 621 643 ipsum
632 594 744 629 statuit
755 593 899 637 ejusdem
911 592 977 627 loci
988 591 1081 626 tertia
1093 615 1102 623 .

236 652 403 687 Videntur
410 657 518 686 ‚tamen
532 656 601 680 non
622 644 661 679 ad
667 644 790 685 versum
801 645 963 677 exastores
973 641 1104 685 Episco-

237 688 331 747 pos,
342 698 396 739 sed
416 697 555 731 statuere
574 694 742 729 adversum
763 693 954 728 ambitiosos
966 691 1106 726 Clerica-

235 762 289 787 tus
298 747 513 796 appetitores,
537 744 642 791 quiad
657 745 760 789 ipsum
781 742 1020 787 impetrandum
1034 752 1105 785 pro-

235 799 310 838 fufis
319 796 507 837 muneribus
518 795 770 839 corrumpebant
780 793 958 837 Episcopos
967 815 978 833 ,
998 790 1103 835 palam

234 847 421 887 Simoniani
444 871 452 879 .
481 845 664 887 Adversum
687 843 894 888 Episcopales
919 842 1106 884 exastiones

231 898 345 933 statuit
366 896 520 940 synodus
539 894 812 937 Barchinonenfis
825 907 836 927 .·
862 893 938 925 Cum
950 893 996 925 ad
1012 892 1104 934 officia

231 946 428 990 Ecclefiastica
438 947 544 980 Clerici
563 944 772 990 provebuntur
784 968 795 984 ,
822 942 899 976 nibil
913 951 969 985 pro
991 941 1107 976 benedi·

231 997 326 1031 ‹Jione
354 990 407 1030 aut
425 996 633 1036 subdiaconii,
660 996 711 1037 vel
733 994 908 1033 Presbyterii
929 993 1034 1026 collata
1051 990 1108 1035 sub

233 1047 420 1092 obligationis
431 1053 547 1081 nomine
566 1048 589 1088 ἃ
608 1056 784 1088 quocumque
807 1041 951 1086 Episcopo
968 1051 1021 1075 aut
1043 1043 1107 1082 ejus

603 1093 781 1138 GRATIS
816 1092 1087 1135 ACCEPlSTlS
1098 1115 1109 1139 ,

231 1099 319 1132 c'lero
344 1101 520 1145 inquiratur
546 1122 554 1130 .

647 1143 750 1193 Qd
778 1144 944 1189 plerosque
968 1143 1108 1185 franco-

232 1146 413 1187 GRATIS
440 1146 579 1181 DATE
600 1171 607 1177 .

231 1208 306 1231 rum
327 1197 509 1241 Episcopos
534 1196 685 1242 repererit
705 1193 767 1235 hac
793 1195 881 1237 lepra
903 1191 1103 1233 laborantes,

232 1247 270 1281 in
289 1247 354 1280 suis
375 1247 546 1286 adsedem
570 1245 802 1289 Apostolicam
825 1243 942 1278 litteris
962 1242 1106 1286 queritur

232 1297 418 1340 frequenter
443 1297 585 1340 ipsorum
612 1294 790 1338 Apostolus
820 1294 955 1328 Sanctus
971 1292 1096 1327 'Bonifa

231 1347 322 1390 cius;
349 1346 460 1381 verum
471 1347 629 1391 Pippinus
643 1345 717 1387 Rex
738 1356 775 1379 ac
786 1343 853 1387 ejus
873 1343 958 1384 filius
969 1342 1108 1378 Carolus

231 1395 381 1441 Magnus
402 1395 486 1437 adeo
500 1396 729 1435 eliminarunt,
753 1405 790 1428 ut
811 1393 870 1427 sub
891 1391 986 1435 hujus
1007 1392 1109 1434 Impe-

231 1446 284 1480 rio
294 1447 442 1481 statuerit
452 1445 589 1480 secunda
602 1443 827 1479 Cabilonensis
846 1441 1021 1484 Synodus:
1049 1444 1109 1474 Pro

230 1497 346 1535 dandis
357 1495 523 1529 ordinibus
542 1493 621 1526 nihil
638 1494 844 1535 accipiendum
851 1491 908 1531 est.
935 1492 979 1525 Et
999 1491 1108 1526 adver-

231 1546 285 1580 sus
297 1544 593 1589 Langobardorum
614 1543 795 1586 Episcopos
813 1541 926 1575 statuit
937 1542 971 1574 in
994 1542 1101 1585 primo

229 1595 290 1629 suo
300 1593 495 1639 Capitulari
516 1591 703 1627 Ludovicus
722 1592 900 1635 Imperator
918 1590 998 1624 Pius
1024 1604 1031 1624 ε
1059 1594 1106 1624 De

228 1643 388 1689 Episcopis
408 1649 441 1678 in
463 1643 670 1687 Langobardza
694 1642 854 1683 constitutis
868 1665 879 1681 ,
905 1647 955 1684 qui
974 1641 1012 1674 ab
1037 1640 1106 1682 bis,

229 1706 302 1738 quos
320 1686 503 1729 ordinabani
524 1718 535 1734 ,
561 1704 684 1727 munera
700 1700 801 1733 contra
823 1695 969 1725 Divinam
994 1692 1028 1725 Θ
1050 1695 1108 1723 Ca-

229 1752 369 1780 nonicam
383 1747 472 1789 legem
494 1749 623 1785 accipere
644 1741 722 1786 soliti
746 1751 834 1777 erant
849 1766 860 1782 ‚
888 1743 938 1775 vel
956 1747 1072 1786 exigere

228 1798 326 1830 modis
336 1795 471 1835 omnibus
494 1793 654 1828 inhibitum
674 1793 712 1835 est
729 1805 765 1827 ne
778 1793 901 1827 ulterius
918 1790 995 1833 fiat.
1024 1791 1109 1826 Exa-

230 1847 337 1881 fiores
354 1844 515 1888 ejusmodi
533 1844 684 1880 adfirmat
696 1844 787 1887 juxta
811 1844 927 1882 Sacros
950 1843 1105 1877 Canones

231 1896 298 1930 esse
317 1894 544 1941 degradandos
562 1918 570 1933 ,
598 1894 686 1927 Cum
709 1892 822 1928 Caroli
846 1893 966 1936 Magni
986 1892 1109 1926 semine

230 1945 409 1985 exstincta,
430 1952 486 1979 aut
497 1942 572 1978 sane
583 1943 758 1986 plurimum
776 1942 846 1976 laesa
859 1943 923 1975 fuit
934 1943 993 1976 ista
1017 1941 1109 1976 casti-

229 1996 282 2031 tas
297 2017 309 2034 ‚
335 1992 475 2038 ideoque
496 1994 536 2028 ad
558 1994 698 2029 Heurici
719 1994 806 2028 tertii
825 1991 942 2035 jussum
963 2003 1104 2035 reparare

229 2045 337 2089 ipsam
349 2044 462 2078 denuo
482 2044 582 2087 ccepit
598 2044 752 2077 Clemens
772 2041 952 2082 secundus,
978 2053 1016 2076 ac
1035 2052 1108 2085 pra»-

229 2095 344 2130 sertim
365 2094 438 2128 Leo
460 2105 586 2128 nonus.
613 2093 658 2127 Et
679 2091 813 2127 Nicolai
834 2090 967 2125 secundi
988 2090 1031 2125 ad
1053 2102 1110 2132 ex-

230 2143 439 2192 purgandam
459 2143 742 2178 Mediolanensem
763 2140 938 2181 Ecclefiam
959 2141 1105 2186 Legatus

232 2196 366 2231 Sanetus
385 2193 501 2228 Petrus
521 2192 679 2232 Damiani
705 2191 888 2233 Widonem
911 2190 1094 2235 Archi-Epi

232 2239 367 2288 scopum
378 2243 538 2288 compulit
551 2243 591 2278 ad
603 2243 790 2283 solemniter
809 2241 1000 2284 ejerandam
1023 2251 1110 2275 vetu-

233 2292 321 2326 stum
341 2298 464 2327 morem
477 2316 489 2332 ,
513 2299 566 2336 qui
586 2299 619 2326 in
629 2292 684 2333 ista
700 2291 807 2336 sanda
817 2289 943 2332 Ecclesia
962 2289 1108 2334 consuetu-

235 2343 377 2379 dinaliter
387 2342 561 2382 obtinebat,
586 2350 619 2375 ut
628 2341 760 2385 quisquis
784 2342 829 2374 ad
842 2341 998 2374 clericales
1020 2343 1108 2375 Ordi-

233 2402 288 2425 nes
306 2391 517 2434 provehendus
540 2393 686 2426 accederet
705 2416 715 2432 ,
741 2392 778 2425 de
802 2390 1022 2430 subdiaconatu
1043 2397 1107 2435 qui-

233 2443 303 2476 dem
326 2443 475 2481 duodecim
494 2452 628 2475 nummos
649 2465 660 2481 ,
696 2442 734 2474 de
754 2444 920 2478 Diaconatu
937 2443 1036 2478 decem
1071 2443 1106 2482 β

232 2491 314 2532 οὲἶο,
336 2492 374 2524 de
398 2490 605 2530 Presbyterum
622 2489 805 2533 suftipiendo
825 2496 937 2535 viginti
959 2501 1109 2534 quatuor,

233 2540 372 2584 quafiper
380 2540 541 2583 praefixam
559 2542 731 2577 conditionis
754 2541 885 2584 regulam
908 2537 1012 2575 daret.
1040 2542 1107 2576 Pro

233 2590 459 2634 lpsojurarunt
481 2590 685 2630 &Primates
696 2590 837 2625 Clerici:
864 2594 1010 2625 Dominus
1022 2603 1104 2625 meus

235 2640 329 2673 Wido
348 2652 502 2683 nunquam
522 2640 699 2684 consecrabit
719 2641 847 2682 aliqu‘us
877 2642 991 2674 ordinis
1014 2643 1108 2675 Cleri·

238 2695 300 2719 fimf
313 2687 375 2730 [αα
400 2689 529 2732 Dioecefir
555 2700 670 2735 praeter
691 2691 853 2730 Monacbos
871 2716 882 2732 ‚
921 2703 1006 2734 quem
1032 2701 1104 2726 ante

235 2742 440 2777 P7⁰m⁰tionem
458 2752 516 2774 non
527 2740 626 2784 faciet
637 2745 744 2782 jurare
765 2767 776 2782 ‚
802 2743 884 2784 quod
897 2742 930 2774 in
941 2741 993 2775 boc
1012 2741 1104 2775 brevi-

238 2786 300 2816 CfllO
315 2781 454 2826 scriptum
474 2790 531 2830 est.
558 2795 608 2824 Ita
627 2803 673 2825 me
698 2795 779 2824 Deus
801 2794 931 2833 adjuvet
951 2816 963 2832 ,
989 2793 1023 2826 <35
1043 2791 1107 2825 baec

230 2831 342 2881 sanc‘i'a
354 2837 522 2890 Evangelia
546 2865 552 2872 .
580 2842 770 2876 Breviculus
792 2842 845 2875 seu
868 2842 1108 2885 promovendo*

234 2893 310 2922 mm
336 2883 537 2919 Clerlcorum
556 2891 704 2932 profeffio
719 2892 781 2925 fuit
800 2892 835 2925 in
858 2890 920 2926 hac
943 2893 1103 2927 formam:

236 2934 265 2966 Ρ
266 2944 299 2966 ⁷⁰
325 2931 518 2976 suftffffiendls
538 2939 735 2981 Ecclefiasticis
758 2941 908 2984 gradibus
933 2966 944 2982 ‚
964 2941 1029 2983 five
1044 2950 1103 2984 per

234 2994 283 3018 me
294 3006 305 3022 2
324 2980 454 3024 fivb’pff
470 2980 819 3032 sflffifflffampersonam,
841 2990 895 3034 seu
912 2999 968 3033 per
991 2993 1102 3034 quodli-

236 3032 285 3065 bet
303 3038 472 3076 ingenium,
499 3046 592 3077 neque
609 3037 678 3072 dedi
693 3062 703 3077 ,
727 3052 820 3083 neque
841 3041 984 3083 promisi,
1010 3053 1103 3085 neque

233 3089 290 3124 ptr
307 3083 499 3124 promiffiones
517 3085 642 3117 daturus
659 3085 726 3127 sum
736 3091 866 3131 aliquid.
895 3096 945 3125 Ita
966 3103 1013 3125 me
1024 3095 1105 3126 Deus

235 3132 383 3172 adjuvet,
407 3131 506 3172 &ista
523 3132 630 3176 sanc‘la
642 3139 827 3178 Evangelia.
854 3140 948 3175 Dicit
962 3166 973 3182 ,
998 3145 1107 3185 Neque

231 3189 291 3223 per
305 3182 498 3228 promiffiones
510 3207 520 3223 ‚
543 3186 599 3218 &a
625 3185 713 3230 Qia
734 3189 907 3229 gratuitam
925 3191 961 3227 ,δε
980 3191 1105 3234 sponta-

235 3241 331 3267 neam
344 3231 412 3275 post
425 3242 593 3276 acceptum
605 3234 766 3268 Ordinem
783 3235 990 3278 oblationem
1001 3240 1107 3275 Eccle.

234 3281 277 3317 fia
289 3293 357 3314 non
370 3280 520 3324 prohibet
534 3308 540 3314 .
569 3284 677 3319 Verba
691 3308 701 3323 ,
714 3286 829 3321 Praeter
841 3287 999 3323 Monachus
1009 3311 1020 3326 ‚
1043 3289 1106 3324 lau.

233 3329 316 3365 ¹dant
326 3330 575 3369 Monachorum
597 3334 753 3378 insignem
769 3335 803 3369 in
823 3346 915 3370 tanta
928 3341 1106 3382 corruptela

232 3380 464 3417 innocentiam
476 3405 483 3413 .
512 3382 594 3429 Qae
615 3384 725 3418 omnia
740 3384 880 3419 Decreta
900 3384 1026 3421 strenud
1038 3399 1109 3424 exe·

232 3441 327 3466 cutus
339 3431 383 3465 est
396 3457 407 3474 ,
432 3442 531 3475 atque
552 3433 719 3478 ampliavit
731 3434 910 3479 Gregorius
933 3437 1086 3481 septimus
1098 3464 1109 3480 ,

1909 172 1975 218 79

1167 290 1356 325 Cardinales
1379 291 1521 334 Joannes
1540 301 1578 324 ac
1595 289 1790 333 ‚Benedifius
1802 305 1813 325 .-
1838 295 1880 332 Ut
1900 293 1996 326 nullu:
2009 298 2042 326 in

1159 340 1318 381 faciendis
1342 346 1454 373 coronis
1474 339 1604 383 forcipes
1625 341 1678 383 {vel
1704 348 1892 384 ,manutergia
1916 348 2040 387 exigat.

1170 389 1239 424 Uti
1261 390 1294 422 in
1307 388 1412 423 danda
1425 390 1580 431 Clericali
1603 398 1724 424 corona
1735 391 1842 432 Graeci
1853 392 1967 427 aurum
1990 403 2042 426 co-

1169 439 1355 481 ronarium,
1382 439 1427 473 ita
1451 449 1529 474 tunc
1551 440 1664 483 Latini
1677 440 1810 484 quidam
1820 440 1971 487 Episcopi
1981 443 2046 477 exi-

1170 489 1292 533 gebant
1312 489 1380 532 jura
1414 489 1576 532 forcipum
1596 501 1634 523 ac
1663 491 1943 536 *manutergiorum
1967 515 1974 523 .
2000 493 2046 533 Et

1171 539 1256 574 hanc
1265 538 1470 581 exaffionem
1482 539 1636 581 synodus
1654 540 1817 575 damnat:
1836 540 1987 582 Malum,
2010 541 2047 575 δε

1168 589 1301 632 quidem
1314 599 1390 622 cum
1402 588 1502 629 dandi
1513 587 1552 622 ad
1570 589 1713 632 vsingulos
1726 588 1870 633 Ordines
1881 591 1969 625 xenii
1982 591 2048 625 fixa

1170 647 1245 673 taxa
1257 663 1267 679 ‚
1293 638 1403 673 denuo
1415 638 1552 672 surrexit
1565 662 1576 678 ,
1601 639 1774 682 denuoque
1794 640 1987 676 damnatum
1999 639 2048 675 est

1171 700 1226 733 per
1246 689 1434 731 Innocentii
1462 688 1549 722 tertii
1568 687 1834 731 „Lateranensem
1854 691 2026 734 Synodum
2038 714 2052 732 ‚

1173 749 1228 783 per
1249 738 1422 782 Synodum
1444 738 1657 772 Bafileensem
1676 762 1687 779 ,
1715 750 1770 782 per
1793 739 1894 773 varias
1915 740 2054 775 Provin-

1171 788 1268 823 ciales
1280 812 1291 829 ‚
1318 799 1356 822 ac
1383 787 1552 831 noviffime
1561 799 1617 831 per
1628 789 1888 831 samosataeum
1908 790 2054 825 Triden-

1173 839 1298 880 tinam;
1324 840 1477 881 ,Quoniam
1488 839 1527 871 ab
1542 837 1729 880 Ecclefiastico
1738 839 1853 879 Ordine
1869 845 1965 876 omnis
1979 852 2056 875 ava·
2070 848 2132 881 geff,
2157 859 2204 879 ῃ,

1173 893 1253 922 ritiae
1260 886 1388 932 suspicio
1397 889 1488 932 abeffe
1505 889 1614 931 debet,
1639 888 1718 922 nibil
1734 897 1792 930 pro
1817 889 1970 929 collatione
1988 901 2056 932 quo·
2071 892 2142 928 §.ap-
2159 899 2184 918 ι.

1173 936 1355 981 eumcumque
1365 941 1513 972 ordinum
1525 962 1535 978 ,
1559 945 1650 980 etiam
1661 939 1818 973 clericalis
1831 937 1959 982 tonsurae
1969 964 1980 981 ,
2002 951 2054 974 nec

1170 997 1228 1031 pro
1247 990 1358 1022 litteris
1381 990 1544 1034 dimifforiis
1565 998 1620 1022 aut
1639 986 1882 1030 testimonialibus
1893 1014 1904 1030 ‚
1932 1001 1983 1023 nec
2000 997 2056 1032 pro

1172 1037 1280 1082 figillo,
1309 1050 1360 1073 nec
1369 1040 1432 1073 alia
1454 1050 1631 1082 quacumque
1655 1041 1692 1073 de
1703 1038 1814 1082 causa,
1841 1046 1932 1073 etiam
1948 1038 2055 1083 sponte

1175 1089 1324 1129 oblatum,
1353 1089 1493 1134 Episcopi
1512 1090 1612 1131 &alii
1636 1092 1783 1124 Ordinum
1801 1090 1954 1133 collatores
1967 1114 1978 1130 ‚
2003 1098 2058 1124 aut

1174 1150 1270 1173 eorum
1282 1139 1414 1181 Ministri
1425 1164 1436 1181 ,
1451 1145 1561 1183 ¹quovis
1567 1148 1724 1182 praetextu
1735 1145 1882 1182 recipiant
1892 1164 1900 1172 .
1928 1141 2058 1182 Omnes

1175 1189 1327 1234 antiquos
1350 1189 1527 1232 canones,
1554 1191 1669 1234 sponte
1690 1189 1840 1232 oblatum
1863 1189 1968 1233 accipi
1990 1201 2060 1233 per-

1175 1240 1362 1283 mittentes,
1385 1241 1547 1276 exstinxit
1574 1237 1644 1283 haec
1664 1240 1841 1285 synodus,
1866 1238 2059 1283 reduxitque

1174 1290 1296 1324 avitam
1323 1288 1388 1326 hoc
1414 1292 1453 1326 in
1479 1292 1687 1334 Sacramento
1712 1291 1895 1325 castitatem
1929 1289 2060 1333 Synodi

1176 1338 1367 1374 Eliberinae.
1393 1340 1439 1375 Et
1463 1339 1526 1376 hac
1551 1341 1624 1385 iege
1634 1340 1682 1381 est
1700 1340 1857 1375 omnibus
1871 1338 1972 1374 hodie
1984 1339 2060 1384 Epi-

1176 1391 1281 1434 scopis
1290 1394 1435 1426 omnino
1447 1390 1633 1429 vivendum
1646 1415 1654 1424 .

1386 1608 1736 1663 CAPUT
1796 1611 1854 1656 X.

1256 1735 1511 1798 Exponuntur
1528 1727 1676 1777 εκαὲἶὶο
1691 1732 1750 1776 69*
1761 1727 1898 1776 oblatio
1912 1744 1985 1796 pro

1389 1798 1574 1847 donatione
1607 1798 1858 1864 Ecclefiafiict‘
1909 1800 1914 1804 “

1528 1868 1701 1943 sseneficii
1716 1904 1729 1917 .

1274 1989 1312 2024 Τ
1325 1989 1528 2035 Episcopus,
1556 1991 1752 2036 Presbyter,
1778 1991 1974 2031 Diaconus,
1994 1988 2064 2032 qui-

1301 2042 1349 2074 vis
1371 2040 1544 2083 Clericus,
1571 2042 1738 2084 Ecclefiae,
1767 2042 1803 2076 in
1824 2041 1916 2085 cujus
1929 2040 2062 2075 Catalo-

1176 2099 1259 2135 gum
1273 2089 1463 2125 inscribitur
1474 2116 1486 2133 ,
1512 2101 1679 2137 tamquam
1694 2094 1754 2126 suae
1766 2093 1886 2136 sponsae
1908 2102 1945 2124 ac
1956 2089 2060 2124 Matri

1177 2140 1225 2174 uti
1237 2139 1349 2175 dotem
1368 2140 1473 2176 donet
1493 2144 1607 2177 omnia
1618 2145 1675 2177 sua
1696 2142 1782 2176 bona
1798 2165 1807 2181 ‚
1834 2149 1890 2174 aut
1911 2139 2060 2183 aliquam

1177 2190 1316 2224 istorum
1338 2192 1525 2233 portionem
1548 2215 1559 2231 ‚
1593 2193 1640 2226 est
1663 2191 1885 2236 antiquiffima
1905 2190 2060 2224 omnium

1177 2238 1440 2279 Christianarum
1451 2242 1604 2285 gentium
1626 2242 1854 2284 consuetude,
1881 2241 1972 2283 cujus
1993 2251 2059 2274 me-

1176 2289 1275 2323 minit
1300 2290 1337 2324 in
1372 2289 1660 2335 Praescriptionum
1687 2291 1773 2334 libro
1806 2290 2059 2331 Tertullianus,

1175 2340 1286 2374 dicens
1303 2339 1346 2379 de
1358 2339 1541 2382 Valentino
1560 2342 1596 2382 βε
1608 2341 1782 2383 Marcione
1803 2339 2034 2375 Haeresiarchis
2046 2353 2057 2373 .-

1176 2389 1296 2430 Constat
1315 2390 1381 2424 illos
1404 2402 1499 2433 neque
1510 2393 1585 2425 adei
1606 2393 1674 2424 olim
1690 2390 1799 2435 fuiffe,
1828 2396 1971 2424 Antonini
1988 2389 2058 2431 fere*

1177 2442 1354 2480 Principatu
1381 2464 1391 2481 ,
1428 2443 1463 2474 (9⁴
1489 2446 1521 2473 in
1546 2441 1710 2475 Catholicae
1731 2442 1865 2483 primum
1890 2440 2057 2474 dode-inam

1174 2491 1325 2533 credidiffe
1334 2491 1420 2532 apud
1428 2490 1584 2534 Ecclcfiam
1593 2490 1807 2534 Romanensem
1826 2489 1884 2534 sub
1896 2493 1926 2522 E
1923 2488 2059 2533 piscopa-

1174 2549 1208 2574 tu
1232 2539 1387 2573 Eleutheri
1398 2541 1572 2582 Benedili'i,
1603 2543 1691 2575 donec
1714 2541 1748 2574 ob
1769 2547 1937 2584 inquietam
1958 2551 2057 2574 eorum

1174 2589 1286 2635 semper
1297 2589 1486 2633 curiositatem
1497 2616 1507 2632 ,
1534 2602 1593 2634 qua
1607 2591 1728 2633 fratres
1741 2603 1855 2634 quoque
1876 2590 2034 2625 viciabant
2044 2615 2055 2630 ‚

1168 2639 1262 2684 semel
1271 2642 1305 2674 (9·
1317 2642 1422 2674 iterum
1432 2641 1517 2683 cJec‘Ii
1531 2666 1542 2683 ‚
1569 2644 1702 2680 Marcion
1711 2643 1834 2685 quidem
1844 2652 1909 2676 cum
1920 2642 2055 2674 ducentis

1169 2689 1311 2734 sestertiis
1334 2715 1346 2732 ,
1381 2702 1448 2734 quae
1478 2691 1611 2734 Eccleliae
1641 2687 1786 2730 ‚intulerat
1806 2716 1817 2733 ,
1855 2692 2001 2731 noviffimo²
2021 2695 2055 2721 in

1170 2749 1346 2783 perpetuum
1369 2740 1525 2784 discidium
1537 2743 1664 2786 relegati
1676 2767 1687 2784 ,
1711 2754 1829 2777 venena
1853 2741 2054 2779 doc‘irinarum

1171 2789 1292 2834 suarum
1322 2786 1549 2834 disseminarunt
1577 2817 1584 2825 .
1624 2789 1678 2827 Er
1692 2793 1728 2826 in
1750 2801 1868 2835 quarto
1902 2787 2055 2825 advershs

1169 2839 1382 2876 'Marcionem
1405 2840 1489 2875 libro
1502 2856 1512 2876 :
1540 2845 1673 2876 Marcion
1693 2847 1875 2885 pecuniam,
1902 2848 1937 2873 in
1954 2844 2053 2880 primo

1172 2892 1266 2925 calore
1273 2891 1364 2933 fidei,
1392 2891 1554 2926 Catholicae
1566 2890 1697 2934 Ecclefiae
1717 2893 1838 2926 contulit
1851 2915 1862 2931 ‚
1885 2888 2052 2932 proficiam

1173 2952 1242 2981 ‚mox
1253 2953 1319 2976 cum
1328 2940 1411 2985 ipso,
1437 2940 1626 2984 posteaquam
1638 2948 1673 2982 in
1683 2940 1899 2984 haerefinsuam
1921 2940 1943 2979 ἃ
1956 2937 2052 2979 nostra

1172 2998 1303 3026 veritate
1323 2990 1469 3036 descivit.
1496 2990 1554 3037 Ad
1583 2994 1689 3036 priora
1711 2992 1807 3026 verba
1825 2989 1891 3022 haec
1913 2987 2052 3032 Iacobus

1173 3042 1336 3077 Pamelius
1348 3054 1355 3074 :
1383 3042 1435 3081 Ad
1443 3048 1600 3084 antiquum
1612 3041 1844 3080 Christianorum
1855 3048 1966 3072 morem
1982 3045 2052 3079 per·-

1172 3096 1268 3131 tinet,
1294 3098 1345 3134 qui
1365 3102 1421 3124 non
1426 3090 1460 3134 se
1480 3093 1620 3130 tantum,
1641 3088 1760 3132 sedsua
1775 3087 1864 3131 fiml
1889 3086 2050 3129 offbrebant

1171 3140 1324 3181 Ecclefia,
1350 3145 1383 3173 in
1393 3146 1536 3173 communi
1545 3145 1706 3186 viventes,-
1732 3139 1780 3173 At
1791 3148 1916 3173 morem
1928 3137 2026 3172 istum
2042 3162 2054 3178 ,

1171 3191 1228 3235 qui
1240 3192 1274 3224 in
1287 3189 1593 3231 Hierosolymitaua
1610 3200 1649 3223 ac
1660 3186 1882 3224 Alexandrina
1895 3186 2050 3223 Ecclefiis

1170 3240 1276 3285 viguit
1287 3239 1327 3276 ad
1339 3249 1459 3282 paucos
1468 3249 1574 3273 annos
1583 3262 1595 3279 ,
1620 3238 1759 3283 viguisse
1768 3239 1868 3279 etiam
1889 3238 1924 3273 in
1935 3237 2051 3276 Ponti·

1170 3302 1208 3330 ca
1221 3300 1277 3324 aut
1292 3291 1443 3323 Romana
1457 3288 1596 3329 Ecclesia
1607 3313 1619 3329 ‚
1644 3289 1738 3323 nullo
1748 3288 1940 3327 testimonio
1953 3286 2048 3331 poffit

1168 3337 1295 3374 ostendi
1308 3363 1315 3370 .
1337 3338 1417 3372 Non
1429 3349 1508 3383 ergo
1525 3338 1619 3380 illum
1633 3362 1644 3379 ,
1670 3350 1737 3382 quo
1757 3339 1892 3383 quisque
1903 3337 2024 3372 Fidelis
2035 3358 2048 3374 ,

1171 3390 1222 3424 sed
1234 3400 1300 3432 quo
1313 3387 1455 3432 plerique
1466 3388 1576 3432 'paffim
1589 3388 1710 3423 Clerici
1720 3390 1775 3423 sua
1786 3399 1861 3423 cum
1875 3383 2047 3427 semetipsis

1172 3440 1260 3474 bona
1290 3437 1458 3478 tradebant
1489 3437 1639 3474 Ecclefiae
1660 3463 1671 3480 ,
1713 3449 1839 3475 morem
1871 3433 2048 3471 Tertulli&

1937 3492 1997 3517 nus

2080 2383 2152 2420 Cap·
2171 2393 2215 2420 30·
