2352 3736
58 752 94 784 C·
108 763 132 783 1.

60 1443 147 1474 Hom.
170 1449 215 1477 19·

70 2574 104 2603 C.
122 2585 162 2604 xc.

397 153 452 185 DE
488 138 758 183 LAnNoRUM
779 124 1091 184 Emscopoithn
1128 143 1177 175 ετ
1212 122 1504 177 C‘temco'n'uM
1538 118 1859 180 comm-surra.
1938 151 1961 194 3

229 230 294 255 am
304 222 363 254 una'
370 219 534 264 sola‘uxore
540 223 651 264 pudice·
665 221 815 256 cohabitat
822 246 835 264 ,
860 224 980 263 digm‘m
991 217 1042 262 effe
1052 221 1104 259 qul
1115 223 1125 237 ²

228 273 385 306 ordinetur
410 269 573 315 Episcopus
589 298 596 305 .
622 272 828 316 Opinionem
851 269 963 304 multis
987 268 1103 302 confir-

230 330 300 355 mat
312 345 323 361 ,
349 321 383 354 δε
396 320 563 356 concludit
576 335 588 354 a
610 326 678 357 Haec
703 322 807 357 &alia
819 319 1002 361 confiderans
1013 344 1023 360 ‚
1051 319 1104 350 ad-

235 376 320 404 mitto
329 382 426 404 eorum
437 377 727 414 interpretationem,
752 376 803 414 qui
816 370 856 412 fic
873 370 1082 404 intellexerunt
1096 391 1103 398 .

232 421 286 455 Ex
296 432 364 463 quo
374 422 537 465 principio
548 422 733 456 constanter
753 420 924 462 defendit,
950 431 1018 454 non
1040 420 1105 452 suc·

231 469 383 505 ceffivam
395 496 406 511 ‚
432 471 485 506 sed
496 471 716 504 simultaneam
736 469 908 506 dumtaxat
927 470 1104 516 bigamiam

232 521 296 555 esse
316 520 443 555 fontem
464 518 705 564 irregularitatis
718 545 728 561 ,
754 522 894 564 ideoque
919 522 953 555 ὃς
970 524 1009 555 de
1022 519 1106 554 fasto

233 572 293 605 suo
304 594 316 610 ,
342 581 409 614 quo
419 571 570 605 Irenaeum
583 571 752 605 succeffive
764 572 932 618 bigamum
944 574 1108 606 consecra-

231 631 283 656 rat
303 621 340 654 in
353 619 534 661 Tyriorum
564 621 785 665 Episcopum,
811 633 979 666 nunquam
1001 621 1108 656 voluit

233 670 402 715 poenitere.
429 670 483 704 De
494 680 559 713 quo
568 670 727 716 quidquid
739 673 778 706 sit
791 698 802 714 ,
827 672 965 708 eandem
987 671 1109 715 exposi-

232 721 357 755 tionem
378 719 489 755 laudat
507 719 542 754 in
554 721 617 755 suis
639 723 732 765 super
743 723 924 768 Epistolam
937 723 977 758 ad
988 723 1108 756 Titum

231 769 477 804 commentariis
502 772 637 806 Sanctus
662 773 890 818 Hieronymus
915 798 927 814 ,
966 775 1110 816 reeteque

229 816 323 853 addit
352 818 622 865 Theophylaetus
647 834 654 854 :
681 825 832 857 Nonnulli
855 824 1007 868 afferunt,
1033 823 1113 866 quod

231 868 358 903 celibem
370 874 476 904 innuat
486 871 631 913 Apostolus
644 897 655 914 ‚
681 875 715 907 Θ
727 872 816 914 fihoc
825 874 892 915 fieri
904 879 1009 917 nequit
1021 897 1031 914 ,
1059 871 1111 905 ha-

230 917 301 952 beat
321 921 439 961 quidem
450 920 621 966 eligendus
630 922 808 967 Episcopus
827 929 944 958 unicam
967 934 1087 958 uxorem
1099 946 1109 962 ‚

231 978 438 1005 verumtamen
440 970 482 1013 sic
491 970 576 1014 quali
581 983 638 1005 non
648 972 779 1017 babeat,
805 974 856 1007 hoc
867 975 927 1014 est,
950 976 1015 1016 ejus
1035 980 1112 1015 cupi·

231 1018 380 1053 ditaubus
401 1033 461 1054 non
476 1020 618 1064 subditus
645 1048 652 1056 .
679 1024 807 1059 Omnes
830 1023 889 1059 fibi
909 1025 1026 1059 similes
1048 1026 1111 1058 effe

231 1079 350 1114 optans
359 1070 469 1106 caelebs
482 1071 660 1116 Apostolus
671 1075 778 1109 sanxit
788 1074 889 1110 etiarn
911 1072 1037 1109 caelibes
1057 1074 1113 1108 eli-

232 1121 269 1164 gi
279 1121 313 1154 in
327 1121 509 1166 Episcopos
533 1132 630 1167 atque
641 1125 833 1166 Diaconos,
861 1135 917 1160 aut
933 1124 1018 1160 certe
1040 1125 1113 1159 irre-

232 1168 418 1212 prenfibiles
440 1174 538 1206 nnius
548 1174 657 1207 uxoris
681 1175 788 1216 viros,
815 1176 871 1217 qui
885 1175 1044 1210 damnatae
1057 1186 1112 1218 per

229 1219 451 1266 Evangelium
476 1221 671 1258 simultaneae
709 1223 912 1270 Polygamiae
937 1226 1112 1259 renuntias-

230 1270 312 1305 sent.
340 1270 396 1305 Ab
407 1273 520 1307 uxoris
531 1274 587 1308 usu
598 1274 713 1309 cessare
723 1273 811 1310 hisce
823 1275 916 1310 suasit
929 1275 1112 1314 dumtaxat,

231 1331 303 1355 non
321 1323 486 1366 precepit.
513 1324 606 1358 Hinc
626 1326 716 1359 enim
735 1324 776 1358 ad
788 1324 984 1360 Corinthios
999 1325 1113 1369 scripta

232 1371 388 1414 Apostoli
401 1373 517 1413 verba,
542 1377 658 1407 Bonum
682 1374 722 1413 est
745 1373 857 1407 bomini
881 1376 1030 1415 mulierem
1055 1386 1113 1408 non

233 1427 354 1465 tangere
366 1446 377 1462 ,
402 1423 526 1458 rursum
539 1422 647 1458 scribit
672 1422 822 1458 laudatus
834 1422 1090 1468 Chrysostomus
1102 1438 1112 1458 :

234 1473 386 1505 Nonnulli
409 1472 510 1505 dicunt
536 1471 587 1506 hoc
609 1473 720 1506 dilium
740 1474 792 1517 effe
801 1473 1002 1509 Sacerdotibus
1017 1499 1024 1506 .
1051 1475 1114 1508 Im-

232 1519 349 1566 probat
361 1522 596 1565 expositionem
609 1523 701 1557 istam
715 1547 726 1563 ‚
752 1524 901 1559 adfirmat
911 1526 973 1559 esse
992 1523 1033 1558 ad
1044 1536 1113 1558 om-

231 1582 292 1606 nes
313 1570 579 1618 fidelesgenerale
590 1573 759 1608 confilium
772 1598 783 1614 ,
810 1583 907 1618 atque
930 1575 974 1608 ita
998 1576 1114 1618 suppo-

232 1622 286 1655 nit
297 1622 426 1657 nullum
436 1632 516 1658 tunc
526 1623 625 1659 etiam
638 1624 806 1669 Episcopis
818 1626 912 1661 fuisse
935 1624 1024 1660 istius
1035 1637 1114 1660 con·

232 1673 380 1707 tinentiae
404 1684 612 1718 praeceptum.

283 1722 510 1769 Qaestioest,
538 1724 594 1760 An
618 1737 686 1762 non
699 1727 804 1764 solum
828 1728 902 1765 initi
917 1730 1033 1768 usum,
1060 1727 1113 1763 sed

232 1772 334 1807 etiam
360 1773 496 1809 ineundi
523 1776 672 1823 conjugii
701 1779 866 1817 licentiam
882 1779 1051 1823 Episcopis
1076 1789 1114 1813 ac

232 1822 398 1859 Diaconis
424 1826 652 1868 permiserint?
677 1828 822 1876 Qidam
850 1830 1037 1864 constanter
1062 1829 1115 1863 ad-

233 1872 367 1908 firmant
387 1899 395 1907 .
421 1874 554 1910 Etenim
576 1877 724 1913 laudatus
746 1878 997 1924 chrysostomus
1014 1878 1115 1913 dein·

233 1921 389 1958 caestuoso
402 1924 462 1959 illo
471 1951 481 1966 ,
509 1927 564 1968 qui
579 1939 752 1963 novercam
762 1931 899 1965 duxerat
911 1955 922 1971 ,
934 1927 1113 1964 Corinthio

233 1971 374 2007 additin
386 1974 501 2009 litteris
512 1976 552 2011 ad
566 1989 660 2013 carne
672 1979 794 2023 lapsum
808 2005 818 2020 ‚
844 1981 899 2022 qui
916 1979 1024 2022 postea
1052 1979 1114 2012 fuit

232 2022 375 2057 famosus
402 2024 458 2059 ille
481 2027 744 2070 Mopsuestiensis
766 2031 945 2073 Episcopus
961 2052 971 2069 ‚
997 2029 1115 2062 Mona·

234 2071 336 2107 chum
347 2072 567 2111 Theodorum
582 2091 593 2111 .·
619 2080 693 2111 Sunt
703 2081 943 2121 quisacerdotem
958 2077 1049 2121 fuiffe
1063 2090 1115 2111 au-

234 2130 368 2157 tumant.
401 2124 485 2159 Eam
497 2127 559 2160 effe
569 2137 779 2163 communem
809 2130 1003 2163 sententiam
1023 2126 1116 2161 adfir-

233 2182 303 2207 mat
328 2173 362 2207 in
388 2175 526 2210 secunda
553 2176 699 2221 Epistola
726 2178 767 2214 ad
794 2180 914 2213 sacram
938 2178 1115 2223 Virginem

235 2223 493 2268 Olympiadem.
521 2226 622 2260 Istum
644 2228 739 2271 porro
760 2227 985 2272 Presbyterum
1009 2252 1019 2267 ,
1046 2239 1114 2261 non

237 2273 325 2312 quod
337 2285 470 2309 uxorem
484 2299 496 2316 ,
522 2276 573 2310 sed
583 2275 753 2313 dumtaxat
768 2278 857 2322 quod
875 2287 1047 2312 novercam
1058 2275 1114 2310 du-

235 2320 331 2355 xisset
356 2345 368 2362 ,
403 2325 444 2356 ad
479 2325 657 2361 solemnem
684 2329 910 2371 poenitentiam
946 2326 1115 2361 damnavit

235 2369 438 2412 Apostolus,
463 2383 561 2416 atque
582 2375 626 2409 ita
648 2388 715 2410 non
737 2378 840 2411 solum
871 2375 1115 2420 irreprensibiles

235 2419 334 2453 unius
357 2422 468 2454 uxoris
482 2423 568 2457 viros
578 2426 756 2461 consecrari
778 2427 811 2460 in
824 2427 1012 2461 Sacerdotes
1025 2451 1035 2467 ‚
1061 2426 1113 2461 sed

235 2469 335 2503 ctiam
354 2469 374 2502 ὸ.
392 2469 564 2505 coelibibus
577 2476 773 2510 consecratis
786 2477 925 2521 permisit
947 2475 1025 2511 duci
1037 2487 1116 2510 uxo-

235 2530 318 2552 rem.

286 2570 388 2618 Qiod
400 2570 502 2614 ipsum
527 2574 719 2617 quibusdam
730 2577 893 2613 Diaconis
904 2576 1018 2612 diserte
1040 2588 1117 2611 con·

235 2618 375 2653 firmavit
387 2622 542 2664 Synodus
553 2624 731 2669 Ancyrana
743 2652 750 2659 .
778 2628 821 2663 Et
834 2627 917 2662 adeo
929 2638 994 2661 non
1011 2628 1116 2661 exces-

235 2668 272 2701 sit
285 2670 514 2713 Apostolicurn
527 2675 713 2718 indultum,
739 2687 776 2711 ut
797 2677 864 2720 ejus
888 2678 984 2711 istum
1010 2678 1114 2721 ipsum

239 2717 410 2754 Canonem
434 2721 537 2757 Graeci
558 2726 749 2761 inseruerint
770 2729 827 2762 suo
837 2728 984 2768 famoso,
1009 2739 1049 2761 ac
1061 2738 1116 2770 per

239 2764 539 2807 Chalcedonensem
576 2777 748 2818 Synodum
788 2778 926 2821 probato
964 2777 1085 2811 Codici
1106 2801 1116 2817 ,

238 2826 335 2858 quem
360 2822 466 2860 passim
491 2823 659 2860 intitulant
687 2826 848 2862 Codicem
866 2827 1013 2861 Ecclesiae
1026 2827 1115 2862 Uni-

237 2866 353 2923 versae.
380 2868 485 2905 Etiam
499 2876 642 2910 vetustus
652 2875 830 2911 Canonum
853 2877 1006 2912 collector
1027 2877 1059 2910 id
1072 2877 1116 2910 fe-

237 2926 286 2950 cit
298 2940 310 2957 2
335 2916 370 2951 &
382 2928 422 2973 ex
437 2918 591 2958 Romanae
605 2926 749 2960 Ecclesiae
768 2927 848 2970 jussu
863 2927 975 2961 Abbas
988 2927 1117 2969 Diony·

236 2966 302 3001 ΕΜ
328 2965 478 3010 EXlguus
504 2994 512 3002 ·
541 2972 735 3017 Apostolicae
760 2977 919 3011 sanstioni
945 2977 1113 3011 adversum

238 3015 414 3073 Canonem
428 3016 503 3050 sane
516 3030 582 3054 non
594 3023 635 3057 ita
649 3024 803 3060 honorari
822 3027 1012 3070 oportuisset
1023 3050 1035 3066 ,
1060 3026 1114 3060 sed

238 3066 440 3110 radiubique
466 3067 500 3100 &
514 3071 684 3110 proscribi.
711 3077 755 3110 Et
777 3076 1004 3120 Presbyterum
1019 3100 1028 3116 ,
1055 3076 1110 3120 qui

239 3115 390 3159 deinceps
401 3115 591 3162 conjugium
605 3130 773 3160 attentaret
790 3150 801 3166 ,
827 3126 997 3161 dumtaxat
1018 3126 1114 3169 depo-

240 3165 300 3205 ni,
325 3167 545 3201 fornicatione
556 3178 666 3202 autem
689 3172 810 3214 lapsum
835 3176 962 3219 insuper
984 3186 1116 3210 excom·

239 3215 401 3249 municari
425 3240 436 3256 ,
460 3216 495 3250 &
515 3217 556 3251 ad
584 3218 762 3255 solemnem
789 3225 1009 3265 poenitentiam
1037 3226 1113 3270 cogi

240 3263 376 3299 mandat
388 3265 465 3299 Neo
475 3285 487 3290 -
497 3267 704 3303 Caesareensis
716 3271 866 3312 Synodus
879 3286 890 3306 .-
913 3273 1016 3323 Qod
1028 3285 1115 3308 nern-

239 3314 282 3359 Ρὲ
307 3325 392 3348 nova
405 3314 671 3358 presbyterorum
698 3320 852 3364 conjugia
869 3322 937 3356 illic
962 3335 1054 3358 antea
1077 3325 1113 3358 li-

240 3363 391 3398 cuiffent.
421 3364 464 3398 Et
480 3366 583 3409 legem
595 3367 709 3409 illam,
733 3381 803 3413 quae
815 3370 1004 3414 Episcopis,
1028 3373 1114 3407 Pres-

241 3413 383 3457 byteris,
410 3426 447 3448 ac
473 3415 632 3451 Diaconis
659 3419 764 3452 solum
793 3420 913 3455 initum
940 3420 1111 3466 indulget,

342 3464 447 3504 Christ.
462 3468 542 3509 Lupi
555 3471 785 3509 Oper.Tom.1V.

1162 224 1262 248 omne
1272 218 1380 247 autem
1391 213 1573 265 ineundum
1584 216 1820 253 circumscribit
1829 241 1841 258 ‚
1866 228 1934 253 non
1945 215 2038 261 Apo·

1163 264 1311 298 stolicam
1323 265 1385 298 esse
1396 289 1407 305 ,
1433 265 1486 299 sed
1497 265 1667 301 dumtaxat
1678 280 1817 304 veterem
1827 267 1913 303 dixit
1923 268 1966 304 ad
1975 268 2034 301 Ni-

1164 326 1283 348 caenam
1296 315 1469 357 Synodum
1478 315 1681 360 Paphnutius
1698 318 1896 363 Episcopus,
1919 317 2037 353 confit-

1166 374 1320 407 mantque
1330 365 1485 400 Hermias
1496 365 1704 403 Zozomenus
1713 392 1723 408 ,
1733 369 1878 403 Socrates
1888 394 1898 409 ,
1923 380 1961 403 ac
1973 368 2036 401 Ge-

1164 415 1259 448 lafius
1270 413 1474 456 Cyzicenus.
1504 417 1606 464 Qod
1619 419 1734 463 nempe
1746 419 1852 453 laxius
1872 418 2037 462 Apostoli-

1165 475 1240 499 cum
1262 463 1428 498 indultum
1440 489 1451 504 ,
1476 466 1555 500 dum
1579 468 1724 505 abusibus
1738 481 1803 504 non
1827 468 1938 503 clausit
1949 469 2038 508 vias,

1167 515 1357 549 successores
1370 514 1550 558 Episcopi,
1577 530 1658 561 quos
1680 521 1764 555 inter
1786 521 1916 554 fuerunt
1928 519 2040 552 Patres

1169 562 1291 609 Synodi
1319 564 1630 602 Neo-Caesareenfis
1658 593 1669 609 ,
1704 570 1747 606 ita
1775 567 2036 604 contraxissent.

1167 614 1342 659 Coeperunt
1355 613 1386 648 id
1398 627 1453 658 per
1465 615 1593 651 huncce
1603 618 1791 653 Canonem:
1821 625 1959 662 Innuptis
1969 642 1979 657 2
1990 622 2041 661 qui

1168 667 1212 698 ad
1223 667 1344 699 elerum
1360 671 1486 706 promoti
1503 664 1596 708 sunt,
1618 675 1808 710 praecipimus
1820 695 1830 711 ‚
1855 678 1888 704 ut
1901 669 1930 713 fi
1945 670 2041 703 volue—
2058 672 2153 711 Apost.

1170 722 1232 749 rint
1244 740 1254 755 ‚
1280 725 1383 748 uxores
1396 721 1543 757 accipiant
1554 741 1566 757 ,
1587 717 1645 761 sed
1666 719 1798 753 Lenores
1811 741 1821 758 ,
1845 718 2041 763 cantoresque
2055 722 2119 746 cm.
2128 721 2175 748 27·

1168 767 1305 799 tantiam.
1333 766 1426 801 Licet
1437 776 1512 800 ante
1525 768 1782 803 Constantinum
1796 769 1981 813 Augustum
1989 781 2042 814 ge-

1173 816 1293 850 nerales
1303 815 1429 858 Synodi
1442 828 1511 852 non
1522 818 1635 853 fierent
1647 844 1658 860 ‚
1685 819 1756 853 vere
1767 830 1876 854 tamen
1900 819 1940 852 ad
1955 819 2043 853 Afri-

1170 877 1271 900 canos
1294 865 1473 910 Episcopos
1503 868 1620 911 scripsit
1657 870 1803 915 Magnus
1829 868 2041 904 Athanasius:

1170 920 1243 949 Non
1254 923 1368 958 nupera
1393 928 1447 950 aut
1457 925 1573 952 novitia
1586 931 1633 952 res
1645 919 1683 960 est
1694 925 1852 954 Canonum
1875 917 2046 960 Ecclesiasti-

1169 978 1264 1001 corum
1273 966 1433 1007 institutio,
1454 968 1512 1011 sed
1518 970 1538 1000 ἃ
1543 975 1654 1010 primis
1665 969 1754 1013 usque
1766 970 1910 1005 Patribus
1915 978 1973 1012 per
1983 981 2047 1002 ma-

1171 1029 1226 1050 nus
1235 1018 1351 1051 tradita
1364 1042 1375 1058 ,
1385 1020 1420 1052 eb·
1429 1025 1462 1051 in
1476 1019 1770 1062 Ecclefiisfundata.
1791 1021 1942 1055 Istorum
1955 1020 2047 1059 item,

1171 1078 1253 1111 quos
1267 1068 1368 1112 vulgo
1379 1068 1591 1111 Apostolicos
1602 1071 1742 1106 dicimus
1752 1095 1763 1112 ,
1791 1072 1971 1106 Canonum
1981 1070 2049 1104 col-

1171 1118 1284 1157 lectio,
1311 1117 1387 1154 licet
1399 1118 1596 1163 Apostolica
1608 1133 1676 1155 non
1692 1123 1728 1156 sit
1740 1146 1751 1162 ‚
1777 1122 1912 1165 antiqua
1935 1119 1981 1153 est
2003 1130 2049 1154 ta-

1172 1179 1246 1202 men
1270 1190 1281 1209 ,
1316 1169 1351 1203 &
1377 1169 1522 1213 ipsorum
1548 1170 1683 1215 quidam
1711 1173 1787 1206 sunt
1812 1169 2050 1215 antiquisfimi‚

1172 1217 1276 1252 immo
1302 1219 1336 1253 δε
1350 1218 1535 1263 Apostolici
1549 1245 1557 1254 .
1585 1222 1667 1272 Qo
1678 1231 1848 1266 tempore,
1873 1232 1941 1264 quo
1960 1231 2053 1255 exor-

1172 1267 1245 1309 di0‚
1274 1279 1342 1312 quo
1365 1271 1506 1306 successu
1527 1271 1594 1315 jam
1613 1272 1764 1307 laudatus
1781 1273 1903 1308 Canon
1925 1270 2054 1306 intrarit

1173 1328 1210 1351 ac
1222 1319 1393 1362 pervaserit
1413 1321 1590 1356 Ecclesiam
1604 1348 1615 1364 ,
1639 1323 1778 1368 ignoro.
1806 1322 1861 1357 Ex
1881 1322 1951 1366 ipso
1972 1321 2055 1355 inte-

1173 1368 1234 1402 rim
1246 1368 1333 1404 lucet
1343 1370 1425 1404 olim
1437 1370 1613 1414 majoribus
1622 1373 1720 1406 etiam
1733 1373 1870 1405 Clericis
1882 1382 1967 1405 nova
1978 1382 2055 1406 con·

1172 1418 1261 1463 jugia
1274 1419 1415 1453 licuisse.
1443 1419 1606 1462 Alioquin
1623 1421 1857 1454 enimlicentia
1870 1420 1927 1453 ista
1947 1420 1988 1454 ad
1997 1421 2057 1454 mi·

1174 1479 1268 1502 nores
1290 1478 1359 1501 non
1381 1466 1541 1502 debuisset
1562 1467 1751 1504 authentice
1777 1468 1944 1513 restringi.
1972 1469 2055 1503 Haec

1175 1519 1248 1552 sunt
1273 1517 1490 1562 quorumdam
1515 1527 1729 1564 argumenta.
1760 1518 1959 1563 Respondeo
1986 1530 2055 1552 tem

1173 1569 1236 1602 esse
1249 1567 1459 1603 verosimilem
1480 1593 1491 1610 ,
1519 1571 1688 1613 praesertim
1713 1570 1822 1614 quoad
1845 1569 2058 1612 Presbyteros

1174 1631 1211 1654 ac
1223 1618 1415 1655 Diaconos.
1443 1619 1566 1655 Nullus
1584 1620 1676 1655 enim
1702 1620 1785 1654 olim
1811 1620 1993 1664 Episcopus
2015 1618 2059 1654 le·

1174 1671 1261 1716 gitur
1286 1670 1394 1705 iniisse
1417 1683 1520 1707 novas
1540 1672 1670 1715 nuptias
1693 1695 1703 1710 ,
1730 1670 1838 1705 nullus
1864 1670 1985 1704 Canon
2006 1680 2059 1703 eas

1175 1721 1248 1766 ipsis
1258 1721 1422 1757 abstulisse
1434 1747 1441 1754 .
1464 1723 1530 1757 Res
1543 1722 1663 1757 incerta
1676 1720 1743 1756 fine
1756 1721 1857 1757 firmis
1866 1720 2059 1756 fundamen·

1175 1773 1217 1806 tis
1229 1784 1297 1807 non
1323 1773 1369 1807 est
1381 1772 1568 1809 definienda
1578 1800 1586 1807 .

1225 1822 1328 1869 Qod
1350 1823 1426 1857 initi
1451 1825 1598 1870 conjugii
1633 1827 1727 1860 usum
1767 1824 1801 1858 &
1828 1823 2000 1869 Episcopis
2025 1822 2060 1856 &
2077 1827 2172 1863 [ni-c·

1175 1873 1339 1907 Diaconis
1361 1874 1561 1917 permiserint
1588 1874 1766 1919 Apostoli,
1793 1875 1961 1920 insigniter
1981 1885 2060 1908 con-

1176 1924 1284 1958 firmat
1295 1924 1423 1959 laudata
1437 1935 1493 1967 per
1505 1925 1684 1960 Eusebium
1699 1926 1928 1960 Caesareensem
1954 1924 2058 1959 Sansti

1176 1974 1329 2017 Dionysii
1369 1974 1538 2009 Corinthii
1579 1976 1618 2010 ad
1647 1977 1810 2019 Pinytum
1845 1974 2059 2010 Gnosfiorum

1176 2021 1372 2058 Antistitem
1397 2024 1568 2067 Epistola,
1593 2037 1656 2070 qua
1683 2026 1786 2070 ipsum
1806 2025 1965 2061 admonet
1982 2050 1993 2065 ,
2018 2036 2061 2059 ne

1177 2084 1274 2119 grave
1286 2073 1441 2109 castitatis
1453 2087 1536 2110 onus
1548 2076 1713 2111 Fratribus
1736 2089 1777 2112 ex
1799 2076 1984 2111 necestitate
2001 2075 2062 2108 im-

1176 2133 1278 2167 ponat
1290 2148 1301 2163 ,
1328 2124 1380 2159 sed
1394 2125 1542 2160 accurate
1557 2127 1737 2162 consideret
1762 2125 1984 2160 multitudinis
2003 2124 2062 2157 im-

1177 2173 1390 2208 becillitatem
1411 2199 1418 2206 .
1462 2177 1507 2210 Et
1533 2176 1707 2211 rescribens
1733 2175 1875 2216 Pinytus
1901 2173 2058 2217 Dionysii

1176 2223 1309 2266 quidem
1329 2225 1502 2258 confilium
1528 2235 1699 2259 veneratur
1725 2236 1763 2258 ac
1787 2223 1916 2266 laudat,
1942 2236 1982 2258 ex
2007 2224 2061 2258 ad-

1179 2274 1270 2306 verso
1295 2282 1406 2306 tamen
1432 2274 1598 2315 obsecrat,
1624 2285 1661 2308 ut
1683 2275 1773 2309 sacro
1800 2274 1900 2308 Clero
1925 2274 2058 2309 tandem

1176 2322 1353 2366 aliquando
1365 2323 1529 2367 permittat
1542 2325 1700 2368 impartiri
1714 2324 1910 2368 perfectioris
1927 2325 2054 2358 Doctri-

1176 2383 1224 2406 nae
1234 2372 1374 2407 solidum
1386 2373 1516 2414 cibum,
1544 2385 1585 2408 ne
1606 2375 1642 2408 in
1664 2374 1846 2409 umbratilis
1866 2373 2060 2408 eruditionis

1178 2423 1260 2457 laste
1286 2435 1324 2458 ac
1353 2424 1467 2468 puerili
1493 2422 1666 2468 disciplina
1692 2426 1900 2458 consenescat
1923 2449 1931 2456 .
1958 2423 2060 2457 Reae

1176 2472 1266 2508 enim
1286 2473 1372 2517 apud
1384 2473 1591 2509 Clementem
1605 2474 1770 2508 Galanum
1794 2473 1904 2508 scribit
1913 2473 1954 2508 de
1968 2473 2060 2516 Apo-

1175 2523 1267 2557 stolis
1286 2522 1467 2558 Adanensis
1479 2523 1711 2559 Armeniorum
1732 2524 1907 2567 Synodus:
1936 2523 2059 2566 Apostoli

1175 2573 1329 2614 ministerio
1340 2574 1426 2609 verbi
1433 2582 1490 2616 pro
1500 2574 1617 2608 viribus
1631 2574 1774 2615 instantes
1788 2599 1799 2615 ‚
1825 2579 1933 2607 intenti
1951 2574 2044 2615 potissi
2050 2586 2062 2596 ·

1175 2624 1255 2656 msam
1265 2634 1351 2657 erant
1365 2649 1376 2664 ,
1401 2634 1435 2658 ut
1455 2624 1585 2658 homines
1611 2625 1650 2658 ab
1673 2625 1823 2659 erroribus
1841 2623 2058 2666 fimulacrorum

1175 2675 1218 2706 ad
1237 2681 1324 2708 unius
1339 2681 1403 2708 ver!
1425 2678 1482 2708 Dei
1507 2676 1614 2708 cultum
1640 2683 1897 2709 converterentur.
1925 2677 2001 2707 Cum
2025 2679 2059 2705 in

1175 2723 1250 2757 hanc
1260 2725 1535 2767 remimpenderent
1547 2737 1661 2759 omnem
1684 2737 1782 2759 curam
1796 2749 1806 2765 ,
1833 2724 1996 2758 variorum
2018 2722 2060 2756 ri-

1175 2786 1269 2808 tuum
1295 2787 1332 2809 ac
1345 2786 1472 2809 morum
1485 2777 1617 2809 ordinem
1629 2776 1714 2809 baud
1734 2774 1812 2818 sane*
1833 2774 1956 2808 multam
1976 2783 2059 2806 cura-

1175 2834 1301 2858 verunt.
1329 2823 1454 2860 Eadem
1468 2826 1595 2860 ratione
1606 2827 1683 2860 Neo
1693 2845 1702 2852 -
1718 2824 1967 2860 Caesareenfibus
1983 2831 2057 2865 prae-

1175 2875 1293 2909 dicasse
1327 2875 1479 2909 Sannum
1519 2876 1720 2921 Gregorium
1745 2874 2057 2915 Thaumaturgum,

1177 2926 1314 2967 ideoque
1328 2926 1394 2959 illis
1417 2925 1523 2960 varios
1536 2927 1734 2969 imperfestos
1750 2950 1760 2965 ,
1786 2927 1805 2959 a
1828 2920 2056 2958 successoribus

1176 2972 1284 3018 poste'a
1295 2975 1467 3019 poliendos
1480 3000 1492 3016 ,
1517 2977 1598 3010 ritus
1609 2976 1768 3019 reliquisse
1792 2973 1902 3009 scribit
1922 2971 1956 3005 in
1970 2969 2055 3005 libro

1174 3025 1215 3059 de
1241 3026 1361 3069 Spiritu
1383 3026 1501 3060 Sansto
1525 3026 1670 3070 Magnus
1691 3022 1846 3058 Basilius.
1877 3020 1933 3055 Ad
1956 3031 2054 3065 quam
2071 3008 2107 3037 Ε·
2131 3018 2175 3045 ²9¹

1175 3075 1350 3118 polituram
1369 3075 1490 3109 venisse
1500 3075 1535 3109 in
1554 3077 1722 3108 Montano
1731 3072 1938 3106 incarnatum
1957 3070 2055 3104 Para-

1173 3126 1313 3165 cletum,
1341 3125 1498 3160 insanivit
1520 3123 1747 3157 Tertullianus
1767 3147 1774 3153 .
1803 3121 1841 3155 ln
1864 3120 1948 3155 libro
1973 3121 2054 3154 inte-

1173 3175 1233 3208 rim
1254 3175 1296 3208 de
1319 3172 1463 3207 velandis
1493 3172 1674 3217 virginibus
1695 3171 1820 3215 optima
1834 3171 1879 3205 est
1892 3170 1962 3214 ejus
1985 3170 2052 3204 haec

1173 3224 1214 3258 de
1226 3222 1356 3258 diverfis
1383 3224 1416 3255 &
1427 3222 1564 3256 adversis
1575 3222 1792 3256 Ecclefiatum
1807 3220 2052 3256 consuetudini·
2098 3211 2142 3230 '²'

1173 3273 1232 3307 bus
1244 3273 1352 3317 regula
1368 3284 1374 3304 :
1403 3271 1579 3306 Adhibenda
1589 3272 1625 3313 est
1636 3278 1816 3306 examinatio
1829 3295 1840 3312 ,
1867 3282 1934 3313 quae
1954 3276 2051 3313 magis

1171 3335 1209 3356 ex
1220 3320 1341 3363 diverfis
1352 3320 1603 3364 confitetudinibus
1619 3320 1782 3366 disciplina·
1807 3325 1861 3355 Dei
1871 3326 2028 3354 conveniat
2041 3344 2048 3351 .

1173 3374 1289 3406 Hocce
1299 3370 1339 3406 de
1351 3373 1492 3414 praesenti
1504 3373 1625 3416 punito
1638 3383 1776 3406 examen
1795 3373 1856 3405 sua:
1866 3368 2049 3404 Provinciae

1172 3421 1326 3457 adhibere
1336 3423 1435 3465 coepit
1446 3423 1647 3458 Cretensium
1661 3421 1879 3466 Metropolita
1894 3420 2046 3502 Pinygug

1650 3472 1683 3505 A
1734 3484 1757 3509 2
1956 3480 1973 3502 a

2178 1835 2191 1855 2
2198 1834 2226 1860 η
