2352 3736
98 269 181 318 Ubg
202 289 255 318 ας.

94 1279 145 1317 Ep.
168 1281 213 1308 28.

96 1541 158 1574 Fol.
186 1547 231 1578 78.

344 169 440 217 174
672 152 999 196 SANCTI

278 240 334 274 bus
346 238 524 283 indiguisset.
555 236 732 270 Enumerat
745 244 877 268 centum
891 230 1059 264 nobiles&
1086 242 1157 274 pro-

278 291 437 335 sequitur:
469 291 541 321 Haec
559 284 632 329 sunt
651 292 770 319 nomina
799 284 944 320 militum,
982 281 1159 322 Monasterio

280 339 440 378 ,Beatiffimi
455 336 589 369 Richarii
591 336 811 377 famulantium
825 354 835 369 ‚
860 343 931 372 quos
942 331 1046 373 ubique
1059 331 1158 365 Abbas

278 390 329 423 vel
353 385 505 429 Praepofitl
524 384 618 429 ficum
636 385 776 416 ducebant
796 405 806 420 ‚
845 388 954 423 quippe
984 379 1158 424 consuetudi-

277 440 384 471 naliter
397 444 430 470 in
437 438 485 469 die
498 436 580 476 Festo
590 432 689 466 sanus
706 430 838 463 Richarii
850 454 860 469 ,
887 433 921 465 o·
935 437 967 464 in
979 436 1013 464 N
1016 437 1159 466 ativitate

278 492 420 526 Domini,
446 487 496 519 vel
516 492 548 516 in
571 480 812 524 Resurrec‘lione‚
832 479 885 524 seu
907 485 939 513 in
971 482 1133 521 Pentecoste
1148 506 1157 522 ‚

273 536 388 581 semper
401 533 570 573 Monasterio
591 533 720 565 aderant
737 555 746 571 ‚
772 533 909 564 accurate*
927 540 1017 573 prout
1038 529 1159 574 quisque

272 595 391 630 poterat
403 589 515 617 ornati.
542 585 588 614 Et
607 593 645 614 ex
664 580 722 624 sua
736 580 915 624 frequentia
939 580 1066 624 regalem
1083 583 1159 623 pene

276 644 383 669 ruriam
395 632 522 674 nostram
533 631 691 673 Ecclefiam
707 631 858 673 facientes
875 655 883 663 .
910 631 955 665 Et
976 632 1011 664 in
1036 631 1158 665 Roma-

277 698 320 719 no
336 687 392 717 suo
405 684 572 717 itinerario
594 683 633 715 ad
650 683 722 715 suos
734 684 819 716 cives
846 680 956 715 scribit
980 681 1157 715 Ratherius

274 746 314 768 ex
334 734 511 769 Lobbiensi
533 730 706 765 Monacho
739 733 918 776 Episcopus
934 730 1150 765 Veronenfis:

275 789 322 818 De
329 797 394 819 mea
405 784 619 827 paupertatula
627 790 683 814 non
687 780 753 823 sum
765 782 849 816 vobis
863 783 936 814 adeo
949 781 1128 814 inhumanus
1146 806 1155 821 ,

272 846 307 869 ut
319 837 442 869 militari
454 831 584 874 beneficio
595 832 720 865 habeam
734 856 744 872 ,
772 834 806 866 (5
829 832 881 865 boc
900 837 1001 875 gratis
1014 857 1024 872 ,
1060 834 1155 865 decem

270 897 310 920 ex
338 883 420 919 vobis
445 886 575 918 ditatos.
606 883 649 915 Et
678 882 766 924 supra
790 883 825 915 in
848 881 962 916 eodem
972 882 1154 924 opusculo:

271 938 388 969 ¹Milites
400 942 432 968 ut
446 940 594 968 mitterem
603 942 680 964 meos
693 930 731 972 est
743 939 918 974 imperatum
931 956 938 963 .
966 931 1009 965 Et
1032 931 1156 974 Philip-

274 998 318 1031 po
340 987 540 1020 Francorum
562 976 648 1027 Reg‘i
669 1005 681 1021 ‚
706 991 744 1014 ut
771 982 812 1015 ad
842 980 973 1015 calvum
1006 992 1152 1016 montem

273 1048 348 1071 cum
360 1035 611 1069 militummanu
623 1041 804 1065 occurreret
830 1029 1022 1072 mandanti,
1048 1031 1157 1065 rescri-

272 1085 473 1129 pfitSanEius
497 1083 554 1116 lvo
579 1082 757 1124 Episcopus
779 1082 1015 1116 Carnutensis:
1049 1080 1157 1123 Casan·

272 1134 406 1175 Ecclefiae
419 1158 429 1174 ,
456 1135 490 1167 (Ὗ
514 1132 619 1173 reliqui
642 1133 749 1164 milites
767 1140 842 1173 pene
857 1142 955 1164 omnes
979 1132 1032 1163 vel
1050 1129 1156 1173 absunt

273 1187 325 1219 rel
331 1183 570 1218 excommunicati
577 1180 650 1224 sunt
664 1206 674 1221 ,
686 1193 760 1223 quos
766 1181 828 1223 fine
836 1180 983 1225 satisfac?
986 1187 1050 1213 ione
1061 1192 1156 1214 recon-

272 1238 371 1268 ciliare
382 1246 438 1267 non
449 1235 534 1267 valeo
544 1258 555 1272 ‚
583 1233 616 1265 (α’
629 1238 890 1265 excommunicatos
899 1238 934 1264 in
946 1229 1047 1270 hostem
1058 1236 1155 1263 mme-

272 1297 305 1319 re
315 1298 372 1318 non
384 1284 488 1318 debeo.
517 1283 558 1315 Et
570 1282 610 1315 de
623 1281 793 1315 Fuldensis
806 1280 1002 1315 Monasterii
1021 1279 1154 1315 Abbate

272 1335 381 1370 scribit
393 1332 591 1368 Guilielmus
602 1331 915 1365 Malmesberiensis:
943 1332 1024 1371 Ejus
1033 1331 1086 1363 loci
1101 1330 1150 1363 Ab·

270 1386 327 1419 bas
338 1383 500 1429 sexaginta
513 1383 687 1416 bellatorum
698 1382 791 1414 millia
805 1385 983 1423 Imperatori
992 1380 1112 1423 praebet
1123 1386 1156 1414 in

270 1435 395 1475 hostem,
424 1434 567 1475 habetque
587 1443 626 1464 ex
655 1437 777 1473 antiquo
799 1433 994 1473 Privilegium
1010 1455 1021 1470 ,
1060 1439 1093 1464 ut
1121 1437 1154 1463 in

268 1481 733 1528 praecellentibusfestivitatibus
744 1481 787 1512 ad
805 1483 870 1521 ejus
894 1482 1051 1514 dexteram
1076 1478 1156 1522 confi-

271 1538 362 1571 deat.
391 1534 528 1568 Casatus
538 1530 737 1575 quandoque
759 1528 800 1563 ab
822 1531 917 1564 unica
937 1531 1032 1570 casa,
1056 1541 1156 1572 quan-

271 1586 382 1629 doque
398 1584 439 1618 ab
450 1585 582 1626 integro
594 1582 781 1615 casamento
795 1605 805 1620 ,
833 1581 886 1613 seu
899 1588 983 1623 pago
1011 1579 1133 1613 dicitur
1144 1603 1154 1619 ,

270 1636 381 1680 estque
393 1634 449 1668 ille
459 1658 469 1675 ,
481 1633 538 1675 qui
549 1632 656 1666 casam
665 1640 720 1663 aut
732 1630 894 1674 integrum
911 1640 1030 1673 pagum
1043 1629 1061 1662 a
1075 1640 1153 1671 quo·

271 1687 360 1730 piam
373 1693 463 1719 tenet
474 1684 507 1716 in
521 1681 736 1715 beneficium.
763 1679 907 1712 Proinde
922 1678 1071 1712 Ecclefiae
1093 1678 1155 1711 Ca-

270 1737 330 1769 sati
353 1735 426 1768 sunt
437 1730 601 1771 Domini,
627 1728 808 1764 Domicelli
825 1752 835 1767 ,
861 1727 993 1766 plebei,
1033 1727 1154 1767 Cives,

270 1795 326 1820 aut
337 1781 487 1823 Rustici,
512 1781 570 1824 qui
582 1777 741 1823 ejusmodi
753 1777 877 1811 feudale
889 1776 1085 1812 beneficium
1100 1773 1155 1811 ha·

270 1835 393 1870 bebant
407 1832 448 1869 ab
460 1830 624 1873 Ecclefia3
652 1829 794 1871 ideoque
818 1828 887 1870 ejus
911 1827 1074 1872 Episcopo
1099 1837 1154 1860 aut

271 1884 397 1921 Abbati
408 1880 568 1918 debebant
580 1880 737 1914 servire&
763 1877 920 1911 militare.
951 1877 1058 1910 Addit
1079 1877 1155 1910 San-

272 1930 680 1970 stiRichariiChronicon
695 1942 705 1962 .·
732 1933 808 1961 Cum
826 1927 880 1970 filu·
898 1926 1031 1969 subditis
1054 1930 1155 1960 militi-

273 1988 351 2019 bus.
379 1989 486 2017 Etiam
496 1978 630 2024 cumsuis
651 1983 829 2022 armigeris,
857 1979 978 2011 valletis
994 2001 1005 2018 ,
1029 1977 1063 2010 (τ
1084 1989 1155 2021 gar-

272 2035 502 2077 zionibus‚quos
513 2031 666 2065 Thomas
679 2028 963 2072 Walsingamensis
978 2027 1056 2061 reete
1068 2026 1087 2059 ὲ
1098 2027 1155 2061 mi-

273 2086 386 2120 litibus
395 2082 584 2126 distinguit.
610 2081 654 2114 Et
666 2078 744 2112 hinc
756 2089 890 2112 centum
900 2087 977 2111 cum
987 2076 1081 2111 omni
1095 2077 1153 2111 ista

273 2136 453 2180 apparitura
465 2131 592 2167 nobiles
605 2156 616 2171 ,
626 2131 704 2163 dum
717 2129 749 2161 in
764 2127 952 2161 memoratis
963 2126 1051 2162 festis
1066 2138 1153 2160 com-

274 2186 446 2231 parebant,
473 2181 579 2216 Sanffl
600 2178 748 2213 Richarii
783 2177 1022 2210 monasterium
1057 2177 1155 2210 trans-

274 2236 447 2271 mutabant
469 2232 554 2275 quast
579 2231 613 2264 in
636 2229 743 2263 aulam
767 2228 944 2271 Regalem.
983 2224 1154 2262 Laurisha-

274 2286 391 2321 menfis
400 2281 595 2318 Monasterii
608 2278 804 2314 Chronicon
819 2277 969 2310 Ecclefiae
991 2278 1052 2310 suae
1070 2277 1155 2311 mili-

273 2347 322 2372 tes
333 2332 504 2378 distinguit
515 2331 550 2365 in
575 2328 734 2368 illustres,
762 2326 921 2367 Nobiles,
948 2339 984 2360 ac
1007 2326 1156 2361 Ministe-

275 2387 391 2427 riales3
417 2380 565 2427 adjungit
576 2379 716 2413 Illustres
735 2377 827 2412 fuisse
847 2376 1043 2416 duodecim,
1074 2377 1157 2420 ipso-

277 2448 350 2470 rum
362 2435 502 2468 solorum
526 2430 662 2474 insignia
678 2429 769 2462 fuiffe
781 2425 922 2471 expressa
933 2426 968 2461 in
988 2426 1157 2461 beneficia-

277 2487 350 2519 liae
363 2479 663 2518 militariCoenobii
684 2478 802 2520 clypeo
817 2502 828 2517 ‚
865 2477 1060 2511 Germanice
1085 2481 1158 2511 Hee-

279 2533 415 2578 renschilt
438 2557 448 2572 ,
485 2532 692 2574 ipsorumque
711 2527 855 2570 singulos
874 2527 915 2560 ad
945 2527 1155 2569 praestandum

280 2595 412 2620 centum
434 2580 554 2618 milites
578 2578 668 2612 fuisse
693 2576 855 2622 adstridtos
875 2601 883 2609 .
926 2575 1071 2618 Clypeus
1098 2577 1155 2610 iste

281 2645 350 2669 erat
361 2637 485 2667 summa
495 2626 842 2670 Monasteriidignitas
859 2626 891 2660 dc
915 2625 1042 2669 gloria,
1067 2625 1153 2659 ideo·

281 2685 546 2728 queBennonem
568 2677 756 2715 Abbatem,
782 2675 838 2719 qui
860 2676 978 2717 septem
1003 2674 1155 2709 militaria

283 2734 446 2770 feudauni
461 2732 602 2775 primum
623 2726 775 2761 Palatino
801 2724 927 2759 Comiti
949 2724 1155 2765 Godeffido,

283 2784 402 2819 deinde
414 2780 573 2827 Ulphoni
593 2776 733 2812 Bavariae
751 2776 840 2810 Duci
862 2775 992 2811 dederat
1004 2799 1014 2815 ,
1040 2776 1157 2820 gravis-

283 2829 606 2879 simcarguitlaudati
627 2826 789 2862 Chronici
811 2825 975 2869 Scriptor‚
1001 2824 1155 2867 additque

285 2886 433 2919 eausam:
458 2881 584 2914 Exinde*
596 2877 739 2921 fiquidem
748 2876 888 2909 militaris
897 2876 1069 2917 clypeaturae
1081 2880 1156 2907 inte-

284 2941 383 2976 gritas
405 2930 545 2975 confusa,
568 2937 656 2971 atque
672 2933 706 2960 in
726 2925 847 2969 diversa
868 2924 1007 2965 distrac‘la
1026 2922 1084 2963 est,
1122 2925 1155 2957 (tr

291 2983 521 3025 Ecclefiaeflatus
532 2991 596 3015 tam
617 2984 649 3012 in
669 2978 793 3011 militari
805 2976 998 3018 frequentia,
1025 2980 1154 3015 quamin

290 3033 543 3073 restipendiari’a,
569 3028 668 3072 insuis
678 3025 943 3070 opportunitatibus
964 3025 1154 3066 &regalibus

293 3081 548 3122 expeditionibus,
574 3082 747 3112 imminutus
757 3075 814 3116 est,
849 3076 1003 3108 multorum
1019 3072 1155 3116 servitiis

291 3132 326 3162 'in
338 3141 428 3162 unam
434 3129 587 3171 personam
604 3129 730 3164 collatis.
770 3126 973 3169 Clypeaturae
993 3123 1156 3169 integritas

289 3180 358 3213 >suit
369 3179 499 3211 confusa
517 3200 527 3216 ,
550 3178 636 3221 quod
648 3188 740 3212 antea
752 3175 900 3210 Abbatis
912 3174 1051 3218 insignia
1072 3174 1155 3207 inter

294 3227 468 3263 duodecim
479 3227 671 3270 Principum
681 3238 767 3261 arma
779 3251 790 3268 ‚
816 3225 903 3269 quasi
917 3224 964 3258 sol
974 3223 1058 3258 inter
1076 3222 1153 3258 duo-

291 3277 401 3313 decim
423 3276 545 3315 stellas,
583 3275 766 3310 rutilarent.
803 3275 931 3309 Milites
950 3274 1051 3309 etiam
1079 3284 1153 3308 cum

291 3324 471 3362 Monachis
489 3324 522 3358 dc
543 3322 676 3356 Clericis
696 3324 858 3368 eligebant
879 3324 1076 3368 Episcopum
1099 3334 1153 3357 aut

293 3376 474 3410 Abbatem.
503 3373 624 3405 Eorum
637 3372 701 3413 jura
718 3396 727 3410 ‚
753 3374 786 3406 ὅ(
799 3385 896 3410 onera
909 3374 1093 3421 singulatim
1101 3385 1154 3410 ex-

291 3437 412 3472 ponere
423 3435 489 3460 non
501 3423 543 3458 est
554 3420 646 3466 hujus
656 3420 720 3455 loci
733 3443 742 3454 .

1069 150 1405 195 Leonis

1473 149 1707 199 Noni

1265 231 1412 276 Qaestio
1432 231 1499 272 est,
1535 233 1695 269 feudalem
1715 232 1799 270 hanc
1819 237 1975 273 militiam
2003 239 2089 281 quis-

1219 293 1294 316 nam
1309 284 1341 314 in
1355 279 1565 316 Cathedtales
1576 284 1609 316 ἀ
1621 281 1814 320 Abbatiales
1825 286 1981 322 Ecclesias
1992 287 2095 323 intro-

1217 331 1372 366 duxerit?
1398 331 1595 375 Respondeo
1609 328 1857 369 introductam&
1880 337 2003 372 Carolo
2021 339 2096 373 Ma·

1216 392 1302 426 gno.
1333 381 1382 414 Ita
1404 383 1439 416 in
1464 382 1605 417 Abbatis
1632 381 1822 417 Dodechini
1843 385 1883 420 ad
1908 386 2095 422 Marianum

1216 433 1352 465 Scotum
1366 432 1590 475 supplemento
1601 433 1739 468 affirmat
1751 432 1916 470 paschalis
1937 437 2095 472 secundus

1217 481 1396 522 Pontifex,
1421 483 1606 518 declamans
1617 483 1657 517 ad
1672 483 1853 527 Episcopus
1873 485 1907 518 δε
1928 485 2093 531 Abbate53

1218 535 1344 565 Fratres
1367 532 1486 565 decimis
1518 536 1553 568 <9
1575 532 1769 567 oblationibus
1788 531 1854 577 fitis
1878 539 2007 568 contenti
2014 535 2094 578 first,

1216 585 1281 614 Rex
1307 584 1379 614 versi
1400 585 1524 624 praedla
1561 585 1594 617 &¹
1619 584 1764 628 Regma,
1793 595 1864 626 quae
1884 585 1909 616 ἆ
1933 587 2039 618 carolo
2061 589 2097 621 Θ

1217 632 1387 672 Ludovieo‚
1412 631 1526 666 Othone
1550 657 1562 672 ,
1587 635 1623 667 Θ
1648 639 1773 669 Henrico
1808 632 1946 675 Ecclefils
1984 636 2098 670 collata

1216 781 1342 824 galibus
1353 782 1445 817 addit
1459 783 1633 826 proceffiffe
1646 785 1787 817 Militiam
1806 786 1840 818 (15
1864 783 1960 823 castra
1971 809 1978 816 .
2019 785 2097 828 Ejus

1214 829 1255 865 de
1277 829 1337 865 hac
1355 843 1388 865 re
1410 834 1450 867 ad
1469 832 1655 867 Henricum
1681 834 1835 877 quintum
1862 833 2096 878 Imperatorem

1216 880 1327 915 litterae
1339 881 1423 916 idem
1435 885 1609 917 asseverant
1621 908 1628 915 .
1656 884 1687 917 A
1710 883 1878 928 Gregorio
1892 884 2032 927 septimo
2043 885 2095 919 da·
2112 887 2163 927 Ep.
2183 896 2233 917 ω.

1217 941 1342 965 mnatas
1352 931 1550 967 Antistitum
1560 933 1679 969 Laicas
1703 933 1910 968 investiturus
1930 933 2095 969 dimittere

1215 981 1420 1023 pertinaciter
1441 982 1575 1018 nolebat
1596 983 1761 1019 Henricus
1785 984 1986 1028 Imperator,
2024 986 2098 1020 affe-

1217 1042 1288 1064 rens
1302 1042 1507 1074 nequaquam
1517 1033 1580 1066 esse
1592 1035 1772 1078 gratuitum
1781 1035 1815 1069 δε
1830 1034 2012 1077 precarium
2027 1035 2098 1069 Ro·

1216 1091 1316 1113 manae
1328 1080 1669 1120 Ecclefiaeindultum‚
1697 1084 1752 1117 sed
1763 1083 1909 1118 striditutn
1933 1095 2009 1119 cum
2033 1085 2099 1118 lm·

1216 1131 1304 1172 perio
1325 1131 1527 1164 contractum
1550 1155 1562 1171 ‚
1599 1141 1714 1174 utpote
1735 1143 1795 1174 pro
1815 1133 1936 1176 quibus
1958 1134 2096 1169 Carolus

1218 1181 1362 1224 sx‘lagnus
1375 1204 1385 1220 ‚
1407 1179 1596 1215 Ludovicus
1608 1180 1705 1221 Pius,
1733 1180 1828 1215 Otho
1840 1181 1982 1224 primus,
2005 1183 2098 1218 Hen-

1217 1232 1301 1264 ricus
1319 1231 1475 1271 Saucius,
1501 1231 1663 1274 aliiqueid
1677 1242 1783 1275 genus
1795 1231 1915 1274 optimi
1926 1231 2099 1276 Principes

1218 1281 1349 1314 donatis
1376 1280 1561 1315 Ducatibus
1578 1306 1588 1321 ,
1606 1281 1856 1322 eomitatibus,
1883 1282 1920 1315 dc
1937 1281 2035 1316 variis
2056 1281 2099 1317 ad

1220 1331 1303 1373 ipsos
1316 1331 1528 1373 spectantibus
1542 1330 1786 1374 posseffionibus
1809 1330 1963 1367 ditassent
1986 1331 2099 1366 Eccle-

1217 1382 1275 1413 fias
1286 1390 1383 1424 atque
1390 1381 1597 1416 honorassent
1610 1406 1617 1413 .
1643 1382 1776 1415 Fatetur
1787 1380 1820 1414 id
1833 1379 2000 1415 Pascbalis
2011 1380 2100 1416 Pon·

1217 1429 1321 1470 tifex,
1348 1431 1490 1472 ideoque
1511 1432 1671 1474 Imperio,
1706 1430 1892 1465 dummodo
1914 1431 2022 1474 ipsum
2047 1430 2100 1465 infi-

1217 1479 1382 1515 vestituras
1394 1479 1505 1515 reddat
1516 1481 1665 1514 Ecclefiae
1678 1505 1688 1520 ‚
1714 1482 1830 1515 cunsta
1846 1480 1904 1514 ista
1916 1480 2013 1515 feuda
2027 1491 2099 1523 pro.-

1218 1530 1319 1564 mittit
1349 1530 1508 1564 reddenda
1523 1555 1533 1570 ‚
1559 1531 1794 1573 Antistitesque
1818 1529 1908 1572 juxta
1930 1530 2101 1573 Apostoli-

1218 1591 1293 1614 cum
1309 1591 1431 1613 morem
1442 1592 1483 1614 ex
1505 1581 1581 1614 solis
1603 1579 1829 1614 oblationibus
1843 1603 1854 1619 ,
1878 1580 2039 1621 decimis,
2064 1581 2099 1616 δε

1217 1629 1331 1673 agellis
1355 1631 1556 1664 victitaturos
1578 1655 1586 1663 .
1623 1630 1745 1664 Revera
1767 1630 1858 1664 enim
1881 1639 1960 1663 ante
1982 1629 2098 1664 Caroli

1220 1679 1339 1721 Magni
1349 1690 1494 1722 tempora
1506 1704 1517 1720 ,
1541 1680 1686 1722 exceptis
1699 1680 1852 1714 Domino
1863 1677 1951 1723 Papa
1971 1679 2005 1714 ὃς
2026 1679 2098 1723 qui-

1219 1727 1353 1762 busdam
1365 1728 1561 1763 Patriarchis
1576 1753 1587 1769 ,
1614 1739 1712 1763 nemo
1726 1730 1905 1772 Episcopus
1915 1738 1972 1764 aut
1980 1727 2098 1763 Abbas

1219 1777 1337 1821 legitur
1365 1776 1509 1812 habuisse
1534 1778 1690 1812 militiam
1703 1801 1714 1818 ‚
1740 1790 1802 1812 nec
1834 1778 1915 1824 item
1934 1779 2096 1814 Duxaut

1219 1827 1344 1861 Comes
1368 1828 1461 1863 fuiffe
1475 1852 1485 1868 ‚
1512 1838 1567 1862 aut
1586 1827 1684 1861 simili
1705 1827 1809 1862 Laico
1830 1828 2098 1872 titummitus.

1218 1877 1330 1911 Hosce
1353 1878 1466 1912 titulos
1486 1879 1526 1911 ad
1553 1887 1795 1920 competentem
1817 1878 1874 1912 fibi
1899 1877 2097 1912 submitten-

1217 1927 1292 1961 dam
1306 1927 1456 1961 militiam
1468 1928 1606 1963 Carolus
1618 1928 1781 1972 obligarat
1791 1953 1798 1960 .
1829 1927 1930 1974 Qod
1953 1928 2021 1970 ipse
2034 1929 2097 1971 pri-

1217 1988 1289 2012 mus
1300 1977 1479 2022 Episcopos
1491 1977 1524 2012 δε
1537 1977 1682 2012 Abbates
1693 1978 1736 2012 ita
1751 1977 1932 2016 honorarit,
1947 1986 2046 2020 atque
2053 1976 2097 2010 ad

1218 2027 1419 2071 Reipublicae
1429 2028 1461 2062 ὃ(
1474 2028 1583 2072 Regni
1594 2038 1703 2062 curam
1714 2026 1998 2071 eveherecoeperit
2008 2050 2018 2066 ,
2040 2033 2099 2060 aut

1215 2078 1301 2112 certe
1312 2089 1394 2121 opus
1407 2078 1471 2112 hoc
1484 2078 1652 2123 insigniter
1660 2076 1823 2121 ampliarit
1836 2101 1848 2117 ,
1872 2075 1992 2111 diserte
2004 2076 2098 2110 testa-

1215 2138 1266 2160 tur
1280 2127 1444 2162 Ludovici
1463 2128 1513 2162 Pii
1539 2128 1753 2172 Astrologus.
1781 2125 1885 2161 Addit
1909 2127 1944 2160 in
1965 2124 2101 2161 Sclavo·
2116 2146 2174 2174 Aa·
2201 2145 2268 2178 778-

1215 2188 1289 2210 rum
1299 2176 1470 2212 Chronico
1483 2177 1653 2221 Presbyter
1665 2176 1872 2212 Hemboldus
1882 2189 1895 2210 .-
1923 2177 2100 2210 Ludovicus

1220 2229 1296 2262 Pius
1312 2252 1323 2268 ,
1343 2233 1485 2270 paternis
1491 2236 1549 2270 per
1563 2234 1661 2261 omnia
1674 2234 1754 2262 votis
1765 2227 1943 2260 concordans
1956 2249 1967 2265 ‚
1994 2226 2100 2258 eadem

1218 2277 1398 2311 liberalitate
1411 2302 1422 2319 ,
1460 2289 1520 2321 qua
1543 2281 1636 2313 Pater
1657 2280 1724 2320 ejus
1739 2302 1749 2318 ‚
1773 2289 1841 2320 erga
1852 2278 1962 2310 cultum
1978 2277 2099 2309 Domus

1223 2331 1279 2361 Det·
1292 2329 1324 2361 (9
1346 2339 1460 2363 omnem
1478 2330 1599 2362 clerum
1620 2327 1689 2371 usus
1709 2327 1767 2368 est,
1790 2327 1979 2368 ampliffimas
2002 2327 2102 2369 Regni

1220 2378 1348 2412 divitias
1360 2380 1404 2411 ad
1411 2380 1538 2411 decorem
1548 2380 1716 2422 &gloriam
1743 2375 1875 2418 Ecclefiae
1899 2381 2069 2418 intorquens
2084 2395 2098 2414 ‚

1221 2433 1252 2460 in
1264 2435 1382 2460 tantum
1391 2437 1425 2462 ut
1436 2427 1593 2472 Episcopos
1605 2453 1615 2470 ‚
1642 2433 1693 2470 qui
1700 2435 1822 2469 propter
1843 2431 2016 2460 animarum
2025 2428 2098 2467 regl-

1220 2476 1364 2520 mensum
1386 2481 1541 2521 Principes
1566 2479 1665 2516 coelt,
1689 2476 1752 2519 ipse
1772 2474 1884 2518 eosdem
1902 2474 2096 2507 nihilominus

1221 2529 1341 2568 efficeret
1356 2531 1510 2571 Principes
1521 2532 1621 2571 Regni
1629 2552 1636 2560 .
1666 2526 1794 2559 Exinde
1805 2535 1883 2568 ergo
1893 2524 1926 2557 δε
1937 2521 2096 2567 Episcopi

1222 2579 1253 2610 ὃς
1268 2576 1412 2611 Abbates
1422 2588 1606 2620 coeperunt,
1627 2576 1764 2610 aliorum
1779 2574 1968 2615 Principum
1980 2583 2095 2612 more,

1218 2624 1335 2660 habere
1370 2627 1511 2662 feudales
1542 2629 1668 2660 suarum
1702 2624 1914 2657 Ecclefiarum
1948 2621 2096 2661 milites,

1218 2686 1342 2710 creatos
1353 2688 1406 2719 pet·
1431 2677 1665 2719 superfluorum
1677 2674 1731 2708 fibi
1745 2673 1909 2707 bonorum
1922 2671 1980 2706 sub
1992 2672 2095 2705 infeu-
2109 2669 2226 2705 Lib-mi
2235 2685 2267 2711 4.

1218 2724 1384 2759 dationem
1399 2751 1409 2766 ‚
1435 2726 1619 2759 &Carisiaca
1635 2723 1772 2767 Synodo
1795 2720 1958 2756 laudatam
1981 2720 2016 2761 in
2042 2720 2094 2755 lit-

1219 2775 1295 2819 teris
1305 2774 1343 2808 ad
1365 2775 1573 2810 Ludovicum
1595 2775 1781 2809 Germaniae
1800 2772 1944 2816 Regem.
1973 2770 2093 2806 Alium
2108 2791 2181 2829 Cap,
2201 2799 2230 2826 7·

1218 2825 1392 2859 creationis
1404 2825 1538 2859 modum
1549 2823 1680 2859 adducit
1703 2822 1962 2857 Constantienfis
1980 2820 2093 2856 Eccle-

1217 2875 1265 2907 fiae
1287 2873 1503 2917 Chronicon,
1539 2874 1674 2910 laudans
1691 2874 1843 2907 sanetum
1866 2867 2091 2906 Geberatdum

1220 2924 1416 2967 Episcopum
1430 2949 1440 2966 ,
1465 2926 1522 2967 qui
1536 2924 1669 2959 fundata
1681 2923 1699 2956 ὲ
1710 2923 1740 2956 se
1752 2921 1954 2957 Monasteria
1963 2930 2031 2952 non
2043 2920 2097 2952 so-

1217 2974 1287 3007 lum
1309 2975 1349 3007 de
1372 2975 1475 3010 feudis
1504 2975 1537 3009 δε
1572 2972 1817 3019 possessionibus
1834 2967 1978 3014 providit
1997 2991 2009 3007 ‚
2037 2968 2090 3002 sed

1219 3024 1315 3057 etiam
1329 3025 1369 3057 de
1380 3024 1538 3059 militibus
1547 3049 1558 3065 ,
1568 3030 1621 3067 qui
1631 3023 1791 3066 equitando
1798 3019 1982 3066 deservirent
1995 3043 2004 3057 ,
2012 3018 2089 3061 sem-

1216 3082 1328 3115 perque
1335 3081 1441 3115 parati
1454 3075 1541 3118 essent
1552 3099 1562 3116 ,
1588 3074 1632 3108 ad
1640 3072 1833 3117 equitandusn
1843 3093 1856 3109 2
1864 3069 1899 3102 (5
1907 3070 2090 3103 ‘Omm0dan‘

1219 3125 1288 3157 dum
1301 3124 1464 3158 Fratribus
1473 3124 1542 3168 suos
1564 3123 1720 3158 Caballos.
1745 3117 1894 3154 Eandem
1918 3116 2090 3163 providen-

1218 3174 1297 3208 tiam
1311 3173 1501 3218 quibusdam
1513 3175 1625 3210 saltem
1639 3170 1787 3207 Ecclefiis
1798 3193 1810 3206 ,
1835 3169 1869 3203 &
1881 3167 2094 3202 Monasteriiss

1217 3224 1334 3267 possint
1343 3226 1441 3261 etiam
1453 3225 1509 3260 alii
1520 3221 1672 3269 Episcopi
1682 3218 1847 3254 autPrinci
1850 3229 1906 3262 pes
1918 3216 2092 3262 impendis-

1217 3275 1266 3307 se.
1296 3275 1379 3309 Dixi
1396 3276 1437 3309 de
1450 3275 1571 3310 Carolo
1589 3272 1737 3314 Magno:
1766 3272 1823 3301 Aut
1843 3270 1924 3302 certe
1947 3268 2000 3301 hoc
2017 3274 2092 3308 opus

1215 3322 1362 3367 insigniter
1375 3326 1550 3368 ampliavit.
1578 3319 1739 3353 Etenim&
1752 3319 1930 3354 Bonifacio
1951 3318 2090 3351 Franco-

1218 3386 1288 3408 rum
1302 3369 1465 3418 Apostolo
1476 3372 1533 3406 sub
1544 3369 1709 3403 Hilderici
1724 3393 1735 3408 ,
1762 3367 1969 3411 Merovingii
1981 3364 2090 3400 adhuc

1216 3423 1378 3469 Principis
1385 3448 1412 3466 ,‚
1431 3423 1549 3466 Regno
1559 3419 1669 3456 habita
1683 3418 1838 3466 Synodus
1858 3416 2091 3454 Sueffionenfis

1956 3474 2047 3501 vetat

1213 680 1284 723 sunt
1304 707 1314 722 ‚
1345 680 1401 723 fibi
1436 685 1470 716 sb·
1496 683 1698 727 Succefforibus
1723 683 1789 727 suts
1815 690 1943 725 recipiat
1969 685 2004 718 Θ·
2030 690 2100 718 reti-
2116 694 2146 722 Α,
2184 703 2267 724 ιηο,

1217 739 1302 764 neat.
1330 732 1382 764 Ex
1397 731 1484 767 hisce
1496 733 1729 776 Episcoporum
1742 744 1838 776 atque
1851 733 2020 769 Abbatum
2034 734 2100 769 Re·
