2352 3736
79 1454 141 1484 Lib.
155 1466 177 1486 r.

79 1504 139 1532 cap.
151 1505 199 1533 ῖς.

688 125 726 169 S.
802 124 1129 168 Ltou13

523 141 612 170 DE

1202 120 1440 167 N0N1
1510 123 1807 169 Acr1s.

1919 135 2014 183 337

257 213 289 249 ci
309 211 451 246 nostram
474 208 716 244 Eucharistiam
741 232 752 248 ,
777 206 977 241 demonstrat
999 213 1141 248 repertus
1184 203 1341 248 1carnibus
1359 203 1542 248 vescuntur,
1566 203 1670 236 nidore
1680 203 1819 237 videlicet
1829 200 1916 245 suis,
1940 204 2083 241 &larido

256 259 551 304 Constantinopoli
578 258 664 303 apud
678 259 793 293 Patres
818 250 1143 289 PraedicatoresTi-'a-
1185 256 1188 285 ἲ
1205 261 1305 295 omni,
1332 256 1411 297 quod
1427 255 1471 287 ad
1485 264 1604 289 earnem
1620 258 1770 295 pertinet.
1795 256 1841 286 Et
1850 254 2027 295 quodetiam
2035 264 2084 289 at.

255 315 378 346 status:
407 314 536 344 Latinus
553 321 616 344 cum
641 313 748 343 Graeca
773 308 894 340 muliere
905 307 1006 339 volens
1031 313 1142 337 contra‘
1185 294 1279 338 ltinet
1296 306 1341 337 ad
1351 311 1486 347 primam
1515 303 1732 338 hebdomadam
1755 301 1993 346 ,Quadragesi‘mae
2012 329 2023 347 ,
2049 307 2084 340 (ν

255 361 324 396 bere
345 367 564 394 matrimonium
587 387 597 402 ,
615 363 790 402 juramento
812 356 995 398 compellitur
1016 351 1144 397 deserere

256 417 487 446 communionem
495 409 582 454 suam
592 436 603 452 ,
629 409 845 451 confeffionem,
872 403 1052 447 baptismum
1066 429 1076 445 ,
1095 405 1147 445 je-

251 465 376 504 junium
400 460 613 495 Sabbatborum
634 483 644 500 ,
676 461 710 493 lo·
732 461 832 491 carnis
861 454 971 494 Christi
993 456 1123 488 edulium
1138 478 1145 485 .

255 516 360 545 Omnis
374 517 451 545 enim
463 536 474 552 ,
498 517 548 553 qui
571 517 605 544 in
619 514 713 553 Regia
740 506 813 540 urbe
822 507 859 539 de
865 504 1022 547 fratribus
1035 508 1146 537 Grato-

255 574 322 595 rum
334 573 452 596 uxorem
462 562 543 595 ducit
555 583 566 599 ‚
587 559 696 602 scripto
707 556 836 600 spondet
841 558 1015 597 juramento
1028 578 1040 594 ,
1065 556 1145 595 quod

256 614 362 646 deinde
382 624 439 644 non
456 608 645 644 manducabit
665 612 697 640 in
725 612 835 645 azymis
862 616 982 639 carnem
1007 608 1144 642 Domini,

257 674 309 696 nec
322 663 400 704 filios
408 659 567 703 secundum
595 662 741 692 Latinum
754 662 846 691 ritum
855 657 957 697 faciet
967 654 1118 695 baptizari
1133 677 1143 692 ‚

257 722 348 754 neque
366 709 516 753 sacerdoti
540 712 652 742 Latino
667 715 790 751 peccata
809 704 993 746 confitebitur
1013 728 1024 743 ,
1051 714 1144 744 neque

257 769 291 796 in
300 759 630 801 sabbatbojejunabn,
657 767 772 800 praeter
785 766 875 789 unum
883 753 993 797 solum.
1023 753 1065 786 Et
1080 753 1142 786 edi-

256 812 301 846 cit
311 810 498 844 Herodian}
523 809 699 852 juramenti
712 807 842 841 causam
854 818 865 837 .·
887 807 986 836 Graeci
998 804 1143 836 contradi—

255 870 326 895 cunt
339 860 454 901 Christo
458 868 602 902 patenter
615 883 626 899 ,
652 860 686 892 t&
697 855 787 899 ficper
804 853 979 898 sandiffimo
989 853 1073 886 illius
1086 864 1145 886 cor·

251 919 324 954 pore
336 911 435 944 verbis
450 907 634 951 operibusque
657 904 823 949 occursant.
852 909 939 936 Nam
949 915 1014 937 cum
1038 902 1100 947 ipfi
1112 909 1144 937 in

256 970 420 1000 azymorum
436 964 530 1002 panis
535 957 631 1002 specie
641 968 763 989 carnem
775 954 862 998 suam
879 952 1041 997 Discipulis
1053 955 1144 988 dede-

254 1016 298 1043 rit
309 1036 319 1051 ‚
332 1010 365 1043 hi
375 1008 505 1052 afferunt
517 1020 631 1047 azymos
639 1015 735 1050 panes
750 1011 782 1039 in
795 1016 914 1038 carnem
925 1016 982 1038 non
995 1005 1069 1049 poffe
1079 1015 1146 1039 con·

256 1067 337 1094 verti
346 1069 400 1104 per
412 1060 638 1093 benedu‘iionem
647 1083 654 1089 .
683 1059 756 1101 ,Qua
768 1067 807 1090 ex
829 1067 861 1090 re
871 1057 1058 1091 sacramenti
1075 1061 1146 1089 Cor-

253 1098 335 1153 po'ris
347 1115 464 1144 Domini
477 1113 602 1142 Lat1'nos
626 1110 715 1149 ajunt
727 1116 862 1149 expertes
876 1130 886 1139 .
917 1107 959 1141 Et
971 1117 1012 1140 ex
1024 1106 1088 1141 hoc
1100 1118 1142 1140 er-

256 1173 329 1195 rore
350 1161 525 1196 duodecim
538 1184 549 1200 ,
574 1170 657 1200 quos
670 1158 834 1202 Georgius
854 1157 996 1200 Cyprius
1009 1157 1143 1191 Patriar-

257 1209 318 1245 cha
344 1211 466 1246 merito
486 1210 609 1243 curavit
625 1209 718 1241 vivos
745 1208 859 1248 exuri,
886 1206 1047 1241 Monachi
1060 1208 1144 1241 dice·

255 1260 337 1295 bant
360 1264 582 1294 Sacramentum
598 1262 776 1292 Latin‘orum
799 1259 849 1302 effe
866 1258 957 1291 lutum
978 1260 1012 1291 (τ
1023 1269 1078 1290 non
1091 1260 1141 1290 5a·

257 1321 409 1346 eramentu
418 1324 448 1344 m
458 1336 469 1352 ‚
495 1313 528 1345 Θ
537 1311 617 1352 quod
632 1307 833 1352 sacrificantes
846 1332 857 1348 ,
885 1308 937 1341 vel
941 1306 1093 1350 sumentes
1105 1319 1141 1341 ex

257 1372 311 1400 eo,
337 1373 414 1395 more
425 1361 593 1395 Gentilium
615 1361 773 1393 daemoniis
790 1359 975 1392 immolarent
989 1383 997 1390 .
1027 1358 1077 1391 Ex
1090 1369 1142 1392 eo-

256 1412 332 1446 dem
346 1412 508 1455 principio
522 1410 632 1444 scribit
645 1410 679 1443 in
689 1409 872 1444 orientalis
885 1407 1034 1442 Ecciefiae
1047 1406 1142 1441 histo-

257 1463 303 1497 ria
318 1461 456 1506 Jacobus
479 1459 669 1495 Cardinalis
691 1460 732 1493 de
744 1458 916 1492 Vitriaco:
945 1461 1020 1489 Tam
1045 1461 1142 1490 Graeci

257 1525 350 1556 quam
363 1517 482 1547 suriani
495 1515 691 1545 sacramentis
709 1508 812 1549 nostris
824 1509 937 1540 nullam
949 1506 1091 1540 exhibent
1102 1518 1141 1538 re-

224 1568 226 1570 ’
257 1570 442 1604 verentium,
455 1574 504 1596 nec
515 1559 673 1605 adsurgere
685 1560 791 1592 volunt
802 1582 812 1598 ,
822 1558 944 1598 quando
953 1560 1067 1596 Corpus
1085 1558 1140 1587 Do-

255 1619 332 1646 mini
341 1615 384 1646 ad
395 1612 556 1654 vifitandos
567 1607 698 1650 infirmos
711 1606 797 1648 nostri
809 1605 948 1648 deferunt
959 1608 978 1638 5
980 1606 1137 1638 acerdotes.

253 1663 383 1697 Verum
409 1662 557 1696 laudatus
579 1658 754 1692 Trastatus
766 1656 847 1690 ῐεᾶὲ
860 1656 1011 1698 reponit:
1040 1659 1139 1687 Atten-

255 1714 322 1746 dere
331 1714 415 1746 debet
425 1710 610 1748 Christianus
624 1732 635 1748 ,
659 1709 739 1751 quod
765 1706 836 1748 ficut
846 1703 966 1746 diversa
987 1709 1063 1736 vina
1075 1714 1141 1736 ver·

256 1763 326 1796 bum
339 1766 398 1797 Dei
407 1768 440 1795 in
451 1764 628 1804 Sanguinem
647 1782 657 1797 ,
668 1764 712 1791 ita
719 1765 817 1799 panes
829 1765 943 1793 azymos
972 1753 1141 1795 &fermen-

256 1822 338 1846 ratos
364 1838 375 1855 ,
401 1824 458 1846 non
480 1818 526 1845 ita
551 1807 723 1850 differentes
739 1832 749 1847 ,
772 1813 927 1848 permutat
950 1810 982 1836 in
1001 1814 1120 1836 carnem
1134 1825 1141 1834 .

255 1863 360 1909 Qod
375 1863 482 1907 ipsum
491 1859 602 1894 scribit
627 1858 778 1892 adversus
790 1855 897 1888 Marci
911 1853 1042 1898 Ephesii
1054 1853 1144 1887 calu-

254 1913 383 1952 mnias,
408 1910 576 1954 &largius
602 1907 739 1941 illustrat
752 1904 932 1950 Gregorius
953 1903 1139 1938 Constanti·

253 1962 457 2006 nopolitanae
485 1958 636 1994 Ecclefiae
650 1954 935 1999 Protosyncellus.
964 1954 1074 1988 Etiam
1099 1953 1140 1988 de

254 2012 385 2047 Latinis
399 2011 506 2045 scribit
518 2008 726 2052 Nicephorus
739 2006 903 2049 Gregoras
913 2018 924 2037 .·
952 2008 1029 2038 Cum
1046 2007 1141 2046 Impe-

254 2070 338 2096 rator
371 2063 555 2093 Andronicus
576 2064 695 2100 primus
718 2055 899 2099 Palaeologus
911 2057 1060 2098 conjugem
1083 2065 1140 2087 non

254 2111 375 2145 baberet
387 2135 398 2151 ‚
418 2114 544 2154 Legatos
556 2110 600 2141 ad
613 2106 768 2151 Hispaniae
777 2108 884 2149 Regem
896 2108 988 2137 mittit
1000 2128 1010 2143 ,
1036 2110 1086 2145 qui
1104 2106 1141 2136 li·

254 2162 357 2195 benter
381 2168 408 2196 ei
424 2159 519 2202 misti,
544 2169 602 2192 non
620 2157 717 2200 filiam
733 2155 822 2199 suam
838 2180 848 2196 ‚
871 2152 927 2198 sed
937 2154 1028 2187 aliam
1033 2153 1089 2195 fibi
1099 2166 1140 2187 co-

250 2220 400 2256 gnatam.
428 2211 521 2252 quue
539 2208 660 2250 facium
679 2217 781 2241 contra
803 2214 934 2239 veterem
964 2207 1141 2237 Latinorum

253 2273 363 2296 morem
375 2285 386 2301 ,
412 2264 502 2302 Papa
511 2256 684 2301 inconsulto.
717 2262 803 2289 Nam
818 2253 925 2287 Latim'
941 2257 1078 2287 Proceres
1093 2254 1141 2296 af-

252 2311 389 2354 finitates
409 2322 476 2344 cum
486 2312 629 2343 Romanis
636 2310 763 2351 jungere
778 2330 790 2346 ‚
815 2316 873 2338 non
887 2303 944 2345 nifi
954 2306 1042 2345 Papa
1051 2311 1140 2346 prius

255 2360 382 2405 assensi),
406 2358 614 2403 consueverunt
628 2384 635 2390 .
663 2358 720 2391 Sed
745 2366 808 2390 cum
822 2359 848 2389 ei
871 2354 969 2387 delic‘li
984 2353 1141 2397 cuiusdam

250 2419 406 2454 praetextu
425 2409 520 2454 sacris
544 2407 732 2443 interdictum
752 2406 836 2449 esset,
859 2413 915 2446 per
931 2415 996 2437 eam
1017 2403 1135 2447 causam

253 2463 332 2494 elam
338 2463 470 2503 puellam
490 2460 643 2502 ablegavit
655 2483 666 2498 ,
688 2456 826 2498 futuram
836 2458 1033 2488 Romanorum
1043 2459 1135 2497 Impe-

253 2517 392 2545 ratricem
404 2535 412 2543 .
442 2512 516 2545 Rex
527 2510 582 2544 ille
594 2510 655 2542 fuit
665 2507 777 2541 Petrus
789 2505 945 2539 secundus
958 2504 1136 2549 Aragoniae

254 2560 347 2601 Rex5
374 2561 392 2595 ὲ
402 2561 492 2604 Papa
512 2560 666 2593 Martino
682 2567 796 2601 quarto
808 2555 852 2589 ob
862 2555 981 2598 ejectos
993 2553 1010 2587 ἐ
1023 2555 1135 2589 Sicilia

254 2610 397 2646 Francos
405 2610 716 2645 ‘excommunicatus
726 2634 733 2640 .
762 2607 805 2640 Et
816 2605 927 2639 Latini
941 2605 1069 2638 Graecos
1081 2630 1091 2644 ‚
1101 2605 1135 2639 &

257 2660 362 2693 Graeci
388 2662 528 2694 Latinos
550 2658 723 2694 censebant
736 2656 957 2690 schismaticos
967 2664 1063 2697 atque
1075 2653 1136 2688 hae-

256 2710 376 2743 reticos
388 2731 398 2748 ,
424 2709 564 2751 idec‘xwe
584 2719 698 2743 mutua
712 2705 921 2741 matrimonia
939 2704 1135 2740 detestaban-

257 2770 310 2793 tur
323 2784 330 2791 .
350 2759 393 2792 Et
408 2757 486 2791 hinc
498 2759 598 2801 liquet
610 2755 790 2792 istiusmodi
804 2755 959 2799 conjugia
971 2756 1056 2798 apud
1068 2767 1136 2789 om-

256 2820 333 2844 nem
346 2809 403 2842 sub
414 2808 515 2842 Coelo
523 2807 699 2841 Ecclesiam
710 2806 838 2849 pessime
849 2807 970 2848 semper
981 2806 1119 2839 foetuisse
1131 2831 1136 2837 .

309 2860 381 2893 Nec
392 2859 562 2893 dumtaxat
570 2857 614 2890 ob
627 2867 739 2899 azyma
753 2880 763 2897 ,
789 2853 841 2888 sed
854 2856 952 2890 etiam
964 2855 1008 2889 ob
1030 2855 1131 2890 multa

256 2909 319 2942 alia
342 2909 446 2942 Graeci
471 2918 529 2941 nos
552 2907 689 2941 Latinos
709 2906 903 2940 censuerunt
925 2915 1132 2947 paternorum

256 2962 380 2993 rituum
413 2960 639 2992 immutatores
663 2982 670 2989 .
700 2957 877 2989 Enumerat
904 2954 938 2985 in
963 2953 1075 2989 litteris
1091 2955 1131 2990 ad

256 3009 391 3042 Petrum
416 3006 602 3042 Antiochiae
623 3003 843 3040 Patriarcham
868 3002 1013 3037 Michael
1033 3004 1132 3040 Ceru-

255 3057 374 3092 larius:
402 3061 489 3092 Certo
497 3056 569 3100 scito
581 3081 591 3097 ,
618 3057 697 3099 quod
706 3067 763 3088 non
774 3059 860 3087 unica
869 3055 985 3086 tantum
991 3052 1106 3096 sagitta
1120 3081 1130 3097 ,

258 3119 424 3147 azymorum
440 3107 552 3150 scilicet
572 3118 667 3140 errore
679 3130 689 3145 ,
716 3105 794 3148 quod
812 3104 944 3138 omnibus
965 3106 1068 3145 aperte
1075 3114 1130 3146 pa-

257 3166 300 3190 tet
313 3181 323 3196 ,
348 3157 456 3198 confoffi
470 3157 542 3200 sunt
562 3161 687 3190 Romani
709 3179 720 3195 ,
744 3154 800 3198 sed
817 3154 918 3189 multis
941 3155 975 3187 (θ’
997 3155 1065 3187 aliis
1088 3157 1130 3189 di·

255 3206 364 3248 verfis.
393 3209 586 3250 Quapropter
608 3208 673 3241 illos
685 3208 799 3238 omnino
818 3201 953 3246 aversari
965 3205 1060 3247 necesse
1071 3204 1126 3245 est,

256 3260 304 3290 Et
316 3267 380 3299 quae
391 3257 509 3299 quidem
511 3261 543 3300 J
546 3259 683 3298 udeorum
696 3267 773 3289 more
781 3262 929 3298 peragunt
939 3279 949 3295 ‚
960 3255 1036 3287 talia
1042 3253 1126 3297 sunt,

254 3316 292 3341 ut
301 3318 398 3347 error,
428 3312 478 3348 qui
500 3307 560 3339 illis
579 3307 718 3341 tribuitur
739 3330 749 3346 ‚
779 3307 815 3338 de
840 3315 958 3344 azymo.
985 3308 1030 3337 Et
1049 3308 1127 3346 qaod

249 3354 423 3399 sufficatum
432 3357 587 3390 comedunt
600 3380 606 3388 .
625 3360 671 3388 Et
682 3355 790 3389 barbas
801 3356 912 3389 radunt
924 3379 930 3385 .
959 3357 1004 3387 Et
1016 3354 1127 3387 Sabba-

254 3406 310 3439 tha
329 3407 505 3447 custodiunt.
537 3410 581 3438 Et
605 3407 759 3438 comedunt
781 3406 935 3441 immunda
956 3430 962 3437 .
990 3404 1124 3439 Monacbi

357 3456 775 3499 christ.Lupzoper.Tom.1V.

1207 355 1300 387 aliam
1319 360 1408 388 etiam
1422 354 1638 388 hebdomadam
1649 352 1905 397 ,Quinquagefimae
1914 377 1924 393 ,
1950 366 2010 396 qua
2027 366 2086 392 aas

1207 411 1273 437 ovis
1296 407 1414 438 tantum
1434 408 1469 439 (9·
1493 404 1569 438 lacre
1591 402 1755 446 vescimur,
1780 405 1815 438 (θ’
1832 405 1992 445 propterea
2009 401 2087 449 casei

1207 453 1426 488 hebdomadam
1445 455 1530 487 illam
1543 455 1730 497 appellamus
1743 479 1751 487 .
1777 453 1839 487 sed
1840 461 1956 496 praeter
1968 453 2030 489 baec
2037 461 2085 491 ta·

1186 540 1189 543 Δ
1208 506 1249 537 lia
1274 508 1309 539 (τ
1332 504 1498 548 hujusmodi
1522 504 1684 545 babentia,
1711 509 1743 537 in
1758 501 1988 546 sacro-symbolo
2009 504 2087 539 hanc

1186 545 1190 574 l

1196 1905 1381 1949 fermentum
1394 1931 1405 1948 ‚
1432 1907 1512 1949 quod
1515 1915 1629 1948 panem
1639 1905 1781 1951 sublevat
1800 1909 1836 1941 ὁ·
1845 1908 1971 1941 attollit.
1999 1908 2086 1950 ,Quin

1169 2523 1286 3482 lsns

1207 562 1296 588 etiam
1316 555 1462 588 adhibent
1482 556 1665 587 additionem
1678 579 1687 594 ‚
1713 555 1793 587 male
1815 555 1850 588 ζῆ·
1855 555 2001 595 perversi?
2017 553 2086 598 sen-

1207 611 1326 639 tientes.
1338 610 1388 638 Ita
1397 603 1516 648 enimse
1529 604 1618 637 habet
1627 618 1637 637 .·
1653 604 1695 637 Et
1707 604 1741 637 in
1753 603 1909 646 Spiritum
1919 605 2086 646 Sanctum,

1207 656 1394 690 Dominum
1407 679 1417 695 ,
1442 656 1474 689 &
1485 654 1706 687 vivificantem
1719 678 1730 693 ,
1756 654 1867 698 quiex
1878 653 1974 689 Patre
1984 655 2086 690 Filio-

1208 716 1270 747 que
1282 705 1430 748 procedit
1441 729 1447 736 .
1460 709 1497 737 In
1502 702 1589 747 sacra
1604 710 1696 736 etiam
1711 704 1795 745 Missa
1804 727 1814 742 ‚
1827 703 1927 737 Unus
1939 705 2085 746 Saucius,

1208 766 1291 788 unus
1302 756 1472 789 Dominus
1489 752 1898 797 JESUS-CHRISTUS
1920 755 1954 786 in
1969 755 2087 790 Gloria.

1208 806 1272 840 Dei
1285 806 1390 840 Patris
1402 816 1456 850 per
1466 804 1622 848 Spiritum
1635 804 1787 838 Sanctum
1796 827 1807 843 ,
1817 803 1882 835 alta
1892 803 1995 836 dicunt
2006 816 2085 839 voce.

1208 858 1326 891 Praeter
1346 855 1409 890 baec
1421 881 1432 897 ‚
1459 860 1582 898 nuptias
1607 855 1793 888 sacerdotum
1813 851 1972 895 probibent
1982 877 1994 893 ‚
2020 854 2086 888 illos

1207 908 1347 941 videlicet
1358 933 1368 948 ,
1381 912 1431 950 qui
1442 918 1549 941 uxores
1563 904 1672 939 babent
1682 928 1692 945 ‚
1717 914 1752 939 ut
1764 905 1844 938 nullo
1849 904 1938 945 patio
1949 905 2085 938 Sacerdo·

1207 964 1283 992 tium
1292 956 1501 1001 consequantur
1516 982 1526 998 ‚
1550 961 1749 999 permittunt,
1772 954 1830 999 sed
1837 959 1978 998 innuptos
1988 964 2086 988 mane-

1206 1021 1238 1042 re
1250 1010 1352 1042 volunt
1365 1020 1412 1042 eos
1425 1031 1435 1049 ,
1446 1014 1495 1051 qui
1505 1009 1675 1041 Sacerdotes
1689 1006 1741 1049 effe
1751 1011 1889 1047 cupiunt.
1917 1009 1984 1038 Duo
1993 1011 2087 1039 etiam

1201 1059 1318 1101 fratres
1329 1059 1440 1092 ducunt
1452 1060 1532 1102 duas,
1536 1057 1649 1102 sorores
1660 1082 1667 1088 .
1693 1059 1737 1087 Et
1749 1061 1781 1088 in
1788 1054 1878 1099 sacra
1890 1056 1975 1099 Missa
1989 1080 1999 1096 ‚
2013 1065 2086 1089 tem-

1201 1118 1275 1150 pore
1285 1114 1505 1144 communionis
1516 1133 1526 1149 ,
1552 1108 1628 1141 alter
1641 1105 1838 1147 Ministrorum
1861 1107 2011 1140 comedens
2022 1117 2090 1145 azy-

1206 1173 1256 1193 ma
1266 1185 1277 1201 ‚
1289 1162 1362 1194 alios
1374 1160 1567 1202 amplexatur
1579 1182 1590 1198 ‚
1602 1159 1636 1191 (w
1644 1166 1752 1200 pacem
1764 1157 1822 1189 illis
1833 1157 1961 1201 largitur
1975 1181 1983 1188 .
2010 1160 2088 1198 Epi-

1202 1210 1282 1253 scopi
1292 1217 1384 1244 etiam
1403 1210 1527 1243 annulos
1547 1206 1661 1253 gestant
1686 1213 1718 1240 in
1728 1205 1865 1239 manibus
1880 1231 1891 1247 ,
1916 1205 2000 1248 quafi
2017 1218 2085 1239 uxo-

1206 1273 1253 1294 res
1266 1260 1404 1302 Ecclefias
1429 1266 1606 1302 accipientes
1618 1281 1628 1298 ‚
1653 1259 1688 1292 (θ’
1698 1256 1896 1290 arrhabonem
1902 1255 1927 1300 s
1922 1267 1936 1290 e
1944 1256 2029 1298 ferre
2043 1257 2088 1289 di-

1207 1319 1274 1344 cunt
1286 1337 1292 1343 .
1322 1313 1370 1343 Ad
1381 1310 1487 1344 bellum
1508 1315 1597 1344 etiam
1621 1317 1763 1343 exeuntes
1773 1332 1783 1348 ,
1811 1318 1919 1341 manus
1936 1305 2010 1350 suas
2016 1305 2088 1349 san-

1201 1367 1289 1404 guine
1315 1366 1507 1404 coinquinant
1519 1384 1530 1400 ,
1556 1361 1590 1393 &¹
1614 1366 1646 1392 in
1658 1356 1808 1402 conspet‘lu
1818 1355 1870 1400 suo
1889 1363 2007 1390 animas
2018 1362 2088 1390 occi-

1204 1411 1292 1451 dunt,
1305 1414 1339 1445 eb·
1351 1411 1522 1444 occiduntur
1537 1423 1547 1443 :
1559 1409 1823 1452 ,Quemadmodum
1832 1413 1924 1442 etlam
1933 1409 1953 1439 ἃ
1964 1407 2086 1440 nonnul-

1204 1462 1241 1492 lis
1255 1486 1264 1500 ,
1277 1466 1326 1501 qui
1337 1460 1387 1493 hoc
1397 1461 1569 1501 affirmant,
1592 1463 1753 1500 accepimus
1765 1482 1772 1489 .
1793 1457 1914 1491 Sacrum
1925 1454 2088 1500 Baptisma

1205 1515 1250 1542 ita
1258 1518 1409 1552 peragunt
1421 1532 1432 1547 ‚
1455 1517 1486 1541 ut
1498 1519 1543 1541 eos
1557 1512 1607 1549 qui
1621 1508 1817 1549 baptizantur
1828 1529 1838 1546 ,
1856 1512 1943 1540 unica
1953 1505 2088 1547 mersione

1203 1557 1363 1599 baptizent
1375 1583 1385 1599 ,
1411 1559 1544 1590 dicentes
1558 1557 1596 1588 ln
1610 1558 1748 1591 nomine
1760 1556 1867 1591 Patris
1877 1580 1888 1597 ,
1899 1556 1931 1590 δε
1943 1556 2041 1596 Filii,
2055 1556 2090 1589 δι’.

1203 1609 1351 1651 Spiritus.
1363 1608 1470 1642 Sancti
1484 1632 1490 1639 .
1517 1607 1585 1640 sale
1606 1608 1851 1649 ettampraeterea
1871 1617 1968 1640 eorum
1979 1611 2029 1648 qui
2039 1605 2090 1639 ba-

1200 1663 1359 1697 ptizantur
1371 1681 1382 1697 ,
1408 1669 1459 1690 ota
1483 1656 1606 1696 implent
1620 1681 1627 1688 .
1656 1658 1738 1690 Male*
1749 1661 1840 1690 etiam
1860 1656 2046 1698 apostolicum
2056 1657 2091 1689 il·

1202 1707 1258 1739 lud
1266 1712 1445 1749 accipientes
1459 1731 1470 1748 ,
1497 1706 1577 1748 quod
1585 1711 1630 1739 ait
1642 1705 1814 1741 modicum
1829 1708 2027 1742 fermentum
2041 1716 2090 1740 to-

1203 1767 1269 1790 tam
1279 1757 1413 1791 massam
1429 1758 1625 1790 fermentare
1636 1782 1648 1798 ‚
1673 1754 1729 1799 ipfi
1737 1763 1782 1790 ita
1790 1755 1938 1799 scriptum
1953 1755 2065 1790 babent
2077 1769 2089 1789 :

1203 1806 1380 1842 Modicum
1401 1808 1599 1841 fermentum
1622 1816 1729 1841 totam
1743 1808 1877 1841 maffam
1891 1807 2088 1849 corrumpit.

1202 1859 1419 1891 contendentes
1436 1856 1492 1890 hac
1503 1857 1608 1890 modici
1620 1854 1711 1898 hujus
1723 1855 1809 1890 verbi
1832 1856 1967 1899 occafione
1991 1857 2089 1889 tollere

1201 1960 1258 1991 imo
1269 1957 1442 1992 Sanctorum
1465 1958 1618 1999 Reliquias
1642 1957 1757 1990 illorum
1778 1956 1914 1990 nonnulli
1925 1968 1983 1989 non
1996 1967 2088 1989 vene-

1200 2015 1306 2041 rantur
1319 2033 1331 2049 ,
1356 2019 1406 2041 nec
1417 2006 1544 2040 Sanc‘las
1565 2011 1656 2040 etiam
1665 2010 1832 2050 Imagines.
1860 2006 1982 2039 Sanc‘los
1993 2010 2086 2040 etiam

1198 2058 1263 2090 illos
1278 2060 1313 2091 (θ’
1322 2069 1444 2102 magnos
1459 2058 1567 2090 Patres
1578 2056 1684 2097 nostros
1698 2082 1709 2098 ‚
1725 2055 1870 2098 Bafilium
1884 2058 1918 2090 03·
1929 2054 2089 2097 chrysosto-

1198 2119 1262 2141 mus
1273 2132 1284 2148 ,
1309 2118 1378 2141 cum
1389 2110 1510 2148 reliquls
1524 2107 1642 2141 samiis
1654 2118 1712 2140 non
1736 2115 1947 2141 connumerant
1959 2130 1970 2146 ‚
1990 2118 2041 2140 nec
2052 2107 2086 2139 il·

1196 2159 1292 2191 lorum
1312 2158 1481 2191 dot‘lrinam
1505 2161 1625 2190 omnino
1653 2162 1814 2200 recipiunt.
1843 2157 1910 2191 Alia
1932 2155 2085 2197 etiamfa-

1197 2213 1278 2241 ciunt
1287 2208 1382 2241 multa
1395 2232 1406 2247 ‚
1431 2206 1623 2251 quaefingula
1647 2219 1816 2242 enumerare
1831 2208 1896 2251 esset
1917 2206 2081 2247 molestum.

1199 2258 1249 2293 Hi
1261 2259 1336 2292 sunt
1348 2257 1466 2301 partim
1479 2257 1577 2292 Ritus
1589 2283 1599 2299 ‚
1626 2258 1744 2301 partim
1755 2258 1911 2293 Canones
1922 2281 1933 2296 ,
1952 2257 1992 2291 de
2002 2267 2082 2300 quo-

1199 2318 1271 2342 rum
1298 2308 1529 2342 immutatione
1550 2309 1858 2351 &praevaricatione
1883 2319 1943 2342 nos
1953 2308 2082 2342 accusat

1200 2356 1345 2394 Michael
1358 2371 1365 2390 :
1395 2358 1424 2391 E
1435 2357 1537 2392 tribus
1549 2359 1640 2392 enim
1666 2370 1718 2402 per
1729 2358 1931 2393 Germanum
1946 2358 2082 2392 Patriar-

1202 2406 1297 2442 cham
1319 2407 1466 2442 addufiis
1478 2408 1592 2442 nostrae
1603 2409 1819 2444 accusationis
1839 2407 2001 2452 capitibus
2011 2407 2081 2442 duo

1204 2459 1393 2504 conjungit.
1421 2458 1539 2502 Longe
1560 2459 1666 2502 plures
1686 2459 1854 2501 utriusque
1874 2458 1992 2501 capitis
2007 2457 2082 2492 arti-

1201 2509 1292 2543 culos
1312 2508 1447 2543 adducit
1469 2508 1623 2552 antiquus
1634 2509 1806 2543 Trastatus
1829 2517 1971 2552 repertus
1990 2507 2079 2543 Con-

1202 2558 1418 2602 stantinopoli
1431 2558 1516 2601 apud
1529 2559 1639 2593 Patres
1651 2559 1882 2594 Praedicatores
1893 2583 1900 2591 .

1250 2608 1405 2642 Tertium
1429 2608 1462 2642 ὃς
1485 2609 1662 2653 principale
1680 2608 1896 2644 accusationis
1915 2618 2011 2652 caput
2032 2607 2078 2642 est

1202 2662 1382 2702 Dogmatum
1394 2665 1587 2692 contrarietas
1598 2685 1605 2692 .
1630 2659 1758 2703 Nempe
1769 2659 1825 2693 illa
1836 2681 1847 2697 ,
1860 2669 1900 2692 ex
1911 2669 1974 2701 qua
1984 2659 2078 2699 Sym·

1199 2708 1267 2742 boli
1295 2709 1555 2742 additamentum
1586 2709 1722 2743 fecimus
1749 2734 1758 2749 ,
1784 2710 1864 2741 male
1895 2707 2073 2751 sentientes.

1201 2757 1333 2801 Utique
1357 2757 1398 2792 de
1408 2758 1528 2801 Spiritu
1549 2759 1685 2793 Sancto.
1712 2759 1785 2792 Nos
1803 2757 1891 2792 hunc
1913 2769 1954 2791 ex
1978 2758 2075 2792 Patre

1198 2810 1229 2842 ὅς
1240 2809 1330 2843 Filio
1342 2832 1352 2847 ‚
1381 2807 1430 2841 illi
1452 2820 1492 2842 ex
1505 2807 1599 2842 Patre
1622 2819 1677 2851 per
1688 2808 1810 2842 Filium
1834 2808 1955 2842 docent
1966 2819 2074 2850 proce-

1197 2857 1287 2893 dere.
1317 2858 1359 2893 Ε(
1372 2857 1439 2892 haec
1457 2858 1612 2904 dogmata
1626 2859 1741 2894 volunt
1753 2859 1812 2893 sibi
1835 2859 1977 2893 invicem
1988 2858 2073 2892 adeo

1196 2909 1377 2950 adversari,
1402 2918 1438 2942 ut
1460 2909 1500 2943 de
1518 2920 1640 2953 magno
1662 2909 1720 2942 illo
1740 2906 1924 2943 Patriarcha
1945 2909 2072 2951 Joaune

1196 2958 1310 2993 Vecco
1322 2985 1333 3000 ,
1359 2959 1415 3002 qui
1428 2958 1469 2992 ad
1478 2958 1694 2993 Ecclefiarum
1707 2971 1762 3002 pet
1774 2959 1975 3003 Gregorium
1985 2958 2071 2993 deci-

1194 3020 1284 3042 mum
1313 3009 1510 3043 Pontificem
1545 3009 1580 3042 &
1610 3010 1840 3052 Imperatorem
1866 3006 2069 3043 M'ichaelem

1194 3057 1410 3103 Paleologum
1422 3059 1458 3091 in
1470 3057 1678 3102 Lugdunensr
1692 3059 1830 3102 Synodo
1850 3058 1964 3093 fastam
1975 3058 2068 3093 unio-

1194 3119 1267 3142 nem
1287 3107 1481 3142 firmandam
1502 3118 1571 3140 non
1593 3108 1750 3143 adversari
1771 3108 2005 3144 demonstravit
2024 3119 2066 3142 ex

1192 3158 1336 3200 antiquis
1358 3159 1419 3191 suae
1442 3158 1552 3203 gentis
1566 3157 1734 3198 Patribus,
1763 3159 1878 3194 scribat
1899 3159 2066 3204 Georgius

1191 3207 1407 3250 pachymeres
1427 3220 1434 3239 :
1462 3212 1534 3240 Haec
1559 3209 1769 3243 incredibiliter
1793 3208 1953 3250 effbrebant
1971 3213 2065 3251 plera·
2084 3220 2145 3250 Lib,
2161 3226 2190 3250 5,

1189 3269 1311 3299 rumque
1334 3263 1449 3291 animos
1470 3283 1481 3299 ,
1507 3263 1658 3301 opinioque
1682 3260 1837 3294 multorum
1863 3270 1920 3293 non
1950 3264 2063 3294 inveri-
2081 3269 2198 3298 cap.25.

1300 3307 1365 3348 fuit
1390 3332 1401 3348 ,
1430 3307 1461 3350 fi
1478 3308 1516 3340 ab
1539 3307 1587 3341 bis
1605 3312 1710 3343 Veccus
1742 3309 1923 3352 temperasset
1946 3333 1958 3349 ,
1974 3309 2060 3349 fietu·

1190 3369 1257 3391 rum
1279 3357 1369 3401 fuisse
1383 3382 1393 3397 ‚
1419 3365 1450 3390 ut
1465 3356 1569 3401 senfim
1582 3358 1690 3400 fervor
1696 3357 1866 3403 schismatis
1889 3354 2058 3399 confi’ncfhe-

1188 3417 1252 3448 ret,
1279 3407 1424 3444 &cuncta
1442 3416 1568 3451 tempore
1587 3409 1632 3441 ad
1650 3411 1896 3454 tranquillitatem
1912 3414 2056 3447 compone-

1595 3457 1629 3493 V
1656 3470 1677 3493 u
1884 3464 2004 3490 rentur.
