2352 3736
363 188 463 227 206
935 175 1198 219 D1sse

288 274 333 298 cx
345 270 468 305 antiqua
477 259 683 303 consuetudine
694 260 814 292 ordinat
827 259 860 291 (ar
883 255 987 299 sacrat
1006 259 1172 290 Romanum

298 313 486 355 Pontificem.
514 310 594 357 ,ραι
618 307 789 352 consuetudo
812 307 922 340 exinde
937 307 1068 346 accidit,
1093 309 1174 350 quod

299 367 486 400 martyrizato
494 359 578 395 beato
602 362 707 398 Sixto,
733 358 766 389 &
788 354 890 388 Sam‘lo
914 356 1078 393 Laurentio
1103 360 1168 399 eJ'us

298 415 446 453 vimmo,
472 411 578 445 beatus
592 407 730 453 Justinus
755 405 908 448 Presbyter
931 417 994 440 cum
1015 408 1098 440 clero
1115 411 1169 440 Ro-

298 473 387 496 mano
396 463 480 505 elegit
488 460 606 494 beatum
632 454 787 497 Dronyfium
812 461 844 488 in
866 459 1030 491 Romanum
1054 456 1171 499 Pontifi-

298 523 377 552 cem,
404 523 488 554 quem
494 508 632 551 sacravit
655 509 807 540 Maximus
827 506 960 548 Ostiensis
985 504 1147 549 Episcopus
1163 533 1170 540 .

297 566 352 595 Ex
365 558 631 601 hacconsuetudine
652 558 762 590 exind?
769 556 899 599 Ostiensis
914 556 1078 600 Episcopus
1100 559 1175 593 ordi-

297 620 353 644 nat
374 611 515 652 &sacrat
538 611 705 641 Romanum
733 609 900 650 Pontificem
915 632 925 647 ‚
951 610 985 641 (9
1003 606 1092 641 habet
1106 609 1175 650 pal-

294 661 384 693 lium:
413 659 597 692 Solummod6
608 659 651 691 ad
660 670 696 692 ea
705 668 769 699 quae
780 663 939 699 portinent
949 662 981 690 in
993 659 1176 694 ordinatione

113 725 141 758 A
181 729 193 751 ¹
213 728 274 756 ,gb
291 711 326 743 δ
346 708 556 752 consecratione
580 708 731 748 pontificis
747 732 754 739 .
781 708 844 744 Rei
876 707 991 750 hujus,
1017 708 1174 752 quoniam

290 771 391 795 nemo
403 760 558 802 antiquus
569 759 711 803 Scriptor
722 759 884 799 neminit,
911 758 990 793 fides
1012 760 1049 793 (ιι
1077 769 1175 802 penes

288 808 491 845 Robertum.
521 808 596 854 Ego
608 819 732 845 morem
747 808 842 842 illum
858 809 970 843 malim
986 809 1172 843 institutum

284 859 330 894 ab
340 860 527 904 Apostolis.
555 860 602 898 At
626 858 701 894 vero
722 859 948 903 suffraganeus
971 884 982 899 ,
1009 860 1049 893 ad
1074 869 1170 901 quem

286 908 529 954 Metropolitae,
557 909 729 953 praesertirn
751 907 942 944 Patriarchae
970 934 981 950 ‚
1010 910 1173 943 consecra-

284 960 336 994 tio
350 962 467 1004 spestat
474 969 630 1004 perpetuo
644 959 713 1002 jure
726 983 737 998 ,
763 958 808 992 est
819 958 1007 995 Provinciae
1017 961 1078 992 suae
1095 958 1171 993 Pro·

283 1009 463 1047 wthronus
485 1024 497 1047 .·
535 1010 679 1056 Qalem
715 1009 750 1043 in
788 1009 929 1044 secunda
952 1009 1087 1053 Belgica
1109 1009 1171 1042 effe

278 1061 540 1095 Sueffionensem
553 1085 563 1100 ,
589 1060 633 1093 est
646 1060 735 1102 supra
746 1059 906 1096 ostensum
921 1085 928 1091 .
958 1060 1078 1108 Qalis
1091 1059 1168 1094 item

284 1112 320 1145 in
331 1111 508 1145 senonenfi
532 1110 762 1151 Carnutcnfis,
788 1110 823 1143 in
847 1109 1033 1145 Turonenfi
1061 1108 1171 1146 Ceno·

284 1161 467 1203 manenfis,
492 1161 572 1198 &in
594 1160 819 1194 cantuariensi
846 1159 1018 1194 Provincia
1046 1160 1167 1202 semper

284 1211 535 1254 fuitEpiscopus
546 1211 780 1246 Londinenfis.
808 1210 1070 1244 protothronum
1098 1220 1167 1242 non

283 1260 436 1295 habentis
447 1260 628 1295 Provinciae
640 1260 877 1303 Metropolita,
903 1258 942 1293 ad
956 1260 1000 1293 sui
1030 1259 1167 1295 Patriar·

282 1310 351 1344 chae
361 1322 475 1344 manus
486 1311 636 1345 accedere
662 1322 729 1343 non
752 1311 944 1351 consuetus,
968 1309 986 1343 ὲ
1007 1309 1163 1357 Suffraga-

284 1372 349 1395 neo
359 1361 453 1404 juxta
472 1360 723 1395 consecrationis
744 1370 870 1394 aetatem
895 1359 1015 1395 seniori
1042 1360 1165 1404 semper

280 1411 346 1445 fuit
368 1412 572 1447 consecratus
592 1435 599 1444 .
638 1409 740 1457 Qod
770 1411 873 1454 pallio
894 1421 950 1454 per
969 1409 1169 1454 fipgularem.
1199 1406 1202 1409 ’

281 1462 480 1505 Apostolicae
491 1461 582 1494 Sedis
602 1463 740 1504 gratiam
767 1461 939 1504 insignitus
951 1457 1169 1501 provincialis
1188 1467 1201 1486 v1

281 1511 463 1555 Episcopus
475 1512 597 1553 semper
608 1511 686 1543 item
697 1510 794 1545 fuerit
805 1510 988 1544 Provinciae
1002 1510 1063 1548 [ωε
1087 1509 1164 1543 Pro·

280 1560 478 1601 tothronus‚
492 1560 580 1594 lucet
589 1570 630 1593 ex
641 1560 746 1594 Sancti
763 1559 917 1604 Gregorii
934 1559 1054 1603 Magni
1070 1581 1081 1596 ‚
1107 1558 1164 1600 qui

277 1611 421 1656 Syagrio
432 1608 720 1655 Augustodunenfi
733 1610 898 1653 Episcopo
913 1610 998 1645 intra
1025 1607 1161 1651 primam
1176 1626 1180 1660 3

277 1660 536 1706 ,Lugdunensem
558 1659 770 1694 Provinciam
793 1661 870 1693 fecit
892 1660 984 1693 istam
1004 1658 1161 1702 gratiam,

277 1711 448 1754 Epistola:
473 1712 568 1750 cujus
581 1721 617 1742 ne
628 1712 795 1742 indumenti
810 1709 1038 1750 munificentiam
1050 1708 1161 1740 nudam

278 1762 436 1794 videamur
447 1761 660 1803 quodammodo
669 1760 776 1793 contuli
797 1771 833 1799 e,
859 1758 909 1792 boc
934 1763 1024 1791 etiam
1042 1761 1161 1799 pariter

274 1810 482 1854 prospeximus
492 1811 704 1843 concedendum
719 1834 728 1849 ,
756 1817 788 1843 ut
812 1812 1004 1851 Metropolstae
1026 1805 1079 1850 suo
1100 1815 1158 1848 per

278 1867 378 1895 omnia
389 1863 446 1895 loco
459 1862 493 1894 ὁ·
506 1858 736 1903 honoresi‘rvato
751 1884 760 1898 ,
775 1858 900 1901 Ecclesia
913 1864 1049 1893 civitatis
1063 1860 1157 1901 Augu-

272 1911 409 1952 fiodunae
421 1935 432 1951 ‚
441 1916 487 1944 cui
496 1915 679 1951 omnipotens
694 1914 773 1942 Deus
786 1909 904 1952 praeeffe
917 1917 945 1941 te
957 1911 1052 1942 voluit
1064 1930 1074 1945 ‚
1097 1906 1159 1948 post

278 1959 504 2006 Lugdunensi'm
515 1958 672 1999 Ecclesiam
683 1958 735 2001 effe
746 1959 861 1999 debeat,
873 1960 906 1991 <5
920 1955 1055 1997 huncfibi
1065 1958 1159 1990 locum

278 2014 313 2045 (θ’
323 2014 454 2044 ordinem
466 2021 502 2042 ex
517 2008 618 2050 nostrae
631 2008 828 2042 authoritatlr
851 2010 1037 2052 indulgentia
1056 2008 1159 2040 vindi·

275 2073 361 2095 cure.
391 2059 554 2094 Acaeteris
567 2059 736 2102 Episcopis
756 2059 847 2092 addit
873 2058 1052 2092 secundum
1074 2057 1158 2091 ordi-

108 2114 134 2143 L
161 2123 185 2146 7·
217 2112 255 2140 in·
275 2112 419 2146 nationis
432 2120 559 2152 tempus
570 2108 685 2143 debere
696 2110 819 2153 ubique
840 2107 1008 2142 consederi
1034 2108 1069 2141 dc
1092 2106 1160 2140 sut»

108 2152 179 2200 disi.
211 2163 238 2182 ²·
277 2162 370 2196 scribi
395 2187 401 2193 .
429 2160 537 2194 Pallio
562 2160 707 2203 insigniti
729 2159 925 2195 Latinorum
939 2157 1159 2192 provinciales

107 2202 159 2229 ω’
177 2204 238 2227 ¹¹4*
277 2212 430 2255 Episcopi
443 2212 489 2245 eis
498 2209 653 2243 omnibus
664 2209 851 2243 fruebantur
866 2207 1042 2252 privilegiis
1054 2230 1064 2245 ,
1089 2207 1160 2247 qui-

279 2261 336 2296 bus
349 2262 535 2295 Graecisolo
546 2259 673 2294 honore
695 2261 729 2293 &
753 2258 890 2293 nomine
915 2257 1158 2300 Metropolitae:

279 2313 323 2346 Et
336 2311 422 2347 hisce
434 2312 573 2355 primum
586 2311 604 2343 ὲ
615 2321 690 2343 vero
704 2308 918 2354 Metropolita
933 2308 1025 2343 fuisse
1037 2306 1160 2351 ubique

278 2363 392 2398 locum
410 2387 421 2403 ,
447 2362 491 2396 est
504 2360 582 2395 alibi
593 2361 758 2395 ostensum
772 2385 779 2392 .

298 2448 301 2451 ,
327 2410 568 2457 Insuperaliam
582 2410 736 2445 Ostiensis
748 2411 927 2453 Episcopus
949 2407 1062 2443 habuit
1087 2420 1157 2451 prae-

280 2465 462 2507 rogativam
488 2486 498 2501 ‚
536 2461 697 2494 laudatam
734 2461 751 2493 ὲ
774 2459 919 2504 Rogerio
942 2457 1157 2493 Hovedenfi:

276 2518 433 2560 Joannem
451 2513 486 2544 de
504 2510 610 2543 sanein
637 2511 731 2542 Paulo
748 2535 756 2550 ,
780 2511 982 2547 Presbyterum
1006 2510 1143 2541 Cardina

282 2565 338 2597 lem
348 2561 550 2597 titultsandlae
566 2557 675 2601 Priscae
686 2562 839 2603 Virgini5‚
866 2561 939 2591 adea
959 2566 1025 2599 prae
1045 2565 1157 2590 caeteris

282 2614 426 2658 diligebat
445 2609 617 2649 Caelestinus
629 2614 736 2643 tertius
755 2607 915 2648 Pontifex,
941 2608 1019 2649 quod
1029 2609 1109 2640 illum
1120 2610 1159 2639 lo-

283 2676 314 2698 co
322 2663 373 2708 fico
393 2663 580 2702 constituerat
604 2660 646 2692 ad
667 2669 750 2692 omne
769 2659 889 2700 officium
908 2655 996 2699 suum
1019 2668 1178 2725 nequem!

284 2716 357 2748 dum
367 2738 377 2754 ,
404 2712 459 2755 m‘fi
466 2720 496 2744 in
506 2709 713 2753 consecratione
727 2706 936 2751 Episcoporum
948 2732 957 2747 ‚
982 2709 1059 2749 quod
1065 2713 1158 2749 perti·
1174 2731 1177 2734 Δ

118 2762 176 2795 fol.
207 2773 264 2798 774
285 2765 374 2799 nebat
384 2765 427 2797 ad
436 2763 567 2804 officium
580 2758 717 2803 Episcopi
728 2757 859 2800 Ostiensis
883 2757 1060 2790 Cardtnalis
1080 2782 1087 2789 .
1115 2737 1178 2791 Etl

285 2815 327 2849 de
338 2810 729 2849 CardinaliGlandatenfi
752 2820 807 2852 per
827 2807 997 2842 Urbanum
1031 2786 1178 2841 sextuml

287 2866 442 2900 translato
451 2864 492 2897 ad
510 2863 745 2905 Episcopatum
757 2858 940 2895 Ostiensem
954 2882 965 2898 ‚
992 2856 1104 2891 scribit
1119 2856 1159 2890 ad
1175 2837 1178 2880 l

288 2915 493 2949 Ludovicum
503 2911 660 2946 Flandriae
678 2910 847 2945 Comitem
870 2907 978 2944 pileus
999 2906 1041 2940 de
1063 2884 1178 2939 Pratal

291 2963 564 3008 Archiepiscopus
575 2962 759 2999 Ravennae,
784 2959 819 2994 1&
834 2959 992 2995 Romanae
1013 2942 1178 2991 Ecclefiael

293 3013 495 3048 Cardinalis:
522 3011 680 3054 Episcopus
701 3012 736 3044 (εἰ
766 3006 993 3051 Archiepiscopos
1015 3005 1177 3058 conficta-4

293 3067 341 3094 vit
356 3086 367 3102 ,
394 3064 519 3096 abbates
546 3063 695 3095 benedixit
719 3061 752 3093 (55
777 3060 893 3092 ordines
911 3056 989 3099 fecit
1014 3060 1178 3099 tanquam³

292 3121 380 3144 verus
402 3111 560 3154 Episcopus
585 3109 733 3152 ostienfir.
762 3109 874 3142 Exstat
900 3106 1048 3151 Epistola
1075 3106 1159 3149 apud

289 3161 419 3195 vLucam
453 3160 654 3194 Dacherium
680 3185 686 3192 .
723 3159 961 3204 Episcoporum
998 3158 1161 3192 consecra·

292 3211 400 3245 tiones
425 3210 504 3243 olim
531 3210 594 3253 ipse
613 3210 782 3254 peragebat
795 3209 952 3244 Pontitex
968 3219 976 3239 :
1005 3207 1061 3241 Est
1073 3207 1162 3241 enim

294 3260 459 3304 supremus
494 3261 579 3292 aetus
617 3261 717 3293 officii
766 3258 970 3293 pontificalis
989 3280 997 3290 .
1048 3256 1162 3293 Nimia

295 3309 494 3356 agendarum
504 3319 607 3342 rerum
627 3309 722 3351 copia
745 3307 955 3351 postmodum
976 3306 1043 3341 alio
1067 3307 1162 3342 illurn

297 3358 468 3397 distraxit,
503 3356 641 3399 ideoque
666 3356 813 3391 eminens
849 3357 933 3390 istud
970 3368 1091 3390 munus
1117 3357 1161 3390 est

297 3410 482 3454 impolitum
506 3406 642 3439 Ostienfi
670 3406 830 3447 Episcopo
852 3429 863 3444 ,
901 3417 1057 3449 tanquam
1084 3405 1177 3453 Pro-3

296 3462 475 3502 ῑθώςοῃρ,
499 3455 539 3494 ad
565 3465 662 3498 quem
686 3464 755 3491 non
784 3454 883 3491 solius
917 3455 1178 3510 MetropolitaeJl

123 3184 208 3212 Tum·
231 3193 258 3217 4.

124 3221 184 3253 Pol.
213 3231 278 3259 307·

1176 3208 1178 3219 l

1234 188 1595 221 RTATIO.

1233 257 1286 293 sed
1298 258 1399 292 etiam
1413 258 1570 294 omnium
1586 283 1598 299 ‚
1627 261 1698 303 ipso
1708 261 1864 298 defuneto
1881 275 1937 299 aut
1945 264 2105 310 impedito
2116 287 2130 306 ,

1234 308 1571 352 comprovincialium
1612 311 1819 345 consecratio
1863 315 1986 358 semper
2012 317 2128 359 spetia-

1232 359 1301 393 vit.
1329 359 1373 392 Et
1401 357 1483 394 hinc
1509 358 1551 393 de
1578 358 1817 395 Cardinalibus
1833 361 2123 407 Episcopisscribit

1231 409 1265 442 in
1289 408 1441 443 Turstini
1457 409 1672 443 Eboracenfis
1689 409 1936 456 Archiepiscopi
1953 413 2017 448 vita
2027 414 2123 449 Tho·-

1234 469 1302 492 mas
1327 459 1443 503 Stups:
1469 457 1606 501 Ostienfis
1631 460 1772 505 Magister
1795 466 1874 495 inter
1897 462 2000 505 eos-est
2021 465 2056 499 (gr
2075 465 2121 498 dn·-

1230 520 1317 553 gnlor
1328 533 1335 541 ι

1281 559 1363 606 Qae
1375 559 1491 595 omnia
1500 560 1688 597 Ostiensem
1710 560 1914 606 Episcopum
1937 562 2031 598 fuisse
2051 563 2118 598 Ro-

1232 620 1334 643 mana
1353 609 1537 644 Provinciae
1558 609 1844 654 protothronum,
1871 612 1978 648 valide
2000 613 2119 648 confir·

1233 669 1343 694 mant.
1372 659 1500 695 Verum
1523 660 1558 694 &
1582 660 1691 696 valide
1712 661 1805 697 obest
1830 663 1961 697 laudata
1983 663 2121 708 Joannis

1231 710 1338 746 ottavi
1354 711 1575 751 constitutio,
1601 711 1749 746 sanciens
1771 714 1903 756 quosvis
1925 713 2119 748 cardinales

1232 761 1266 793 in
1280 759 1517 804 principalibus
1530 760 1683 799 Ecclefiis
1699 761 1826 796 Divina
1850 761 2006 800 celebrare
2023 764 2119 807 juxta

1233 810 1407 851 primatum
1447 812 1502 846 seu
1523 821 1650 846 aetatem
1674 824 1814 855 acceptae
1839 813 2118 849 consecrationis.

1231 858 1370 894 Obstant
1381 862 1416 896 δε
1426 861 1570 905 superius
1584 861 1719 896 laudatae
1728 862 1854 906 Synodi
1866 888 1877 905 ‚
1904 864 1940 897 in
1953 858 2117 908 quibus&

1233 909 1431 954 Episcopi&
1441 910 1626 955 Presbyteri
1640 912 1830 948 Cardinales
1850 913 2006 959 leguntur
2024 915 2068 949 ita
2079 915 2116 949 ὄε

1230 959 1407 996 consedisse
1443 962 1477 999 ὃς
1517 961 1727 1006 subscripfiffe
1761 977 1773 997 .·
1812 962 1911 999 etiam
1932 964 2117 1009 Episcopus

1231 1008 1401 1044 Ostiensis.
1429 1010 1485 1044 Est
1498 1023 1546 1045 res
1570 1012 1720 1055 perplexa
1735 1038 1742 1046 .
1769 1013 1925 1049 Omnino
1947 1014 2115 1056 inclinor,

1232 1070 1267 1092 ut
1280 1071 1356 1095 cum
1367 1060 1513 1097 Onusrio
1523 1059 1701 1102 Panuino,
1726 1074 1832 1098 rerum
1851 1063 1894 1099 ad
1919 1064 2113 1101 Romanam

1234 1108 1406 1145 Ecclesiam
1422 1110 1634 1152 spectantium
1646 1110 1859 1153 peritiffimo‚
1884 1114 2041 1150 affirmem
2064 1116 2113 1150 in-

1229 1169 1277 1195 ter
1287 1158 1373 1202 ipsos
1385 1170 1453 1193 non
1463 1169 1600 1203 acceptae
1611 1161 1868 1197 consecrationis
1881 1185 1893 1202 ,
1919 1163 1975 1199 sed
1985 1165 2113 1199 sedium

1227 1221 1264 1245 ac
1290 1209 1464 1248 titulorum
1486 1210 1639 1247 ordinem
1663 1211 1783 1254 semper
1802 1211 1835 1246 &
1856 1210 1977 1255 ubique
1996 1213 2112 1248 fuisse.

1229 1259 1326 1293 Certe
1351 1259 1386 1293 in
1413 1259 1542 1297 laudata
1581 1261 1718 1304 joannis
1745 1263 1851 1296 octavi
1874 1261 2116 1299 constitutione

1229 1320 1293 1348 vox
1306 1333 1317 1349 ‚
1349 1308 1583 1361 consecrationis
1590 1317 1759 1352 prlmatum
1770 1336 1780 1351 ‚
1790 1323 2002 1356 nequaquam
2013 1311 2113 1349 debet

1228 1359 1406 1402 temporis,
1432 1360 1487 1396 sed
1504 1360 1682 1403 importare
1704 1361 1798 1404 poffit
1820 1363 1997 1405 primatum
2017 1362 2110 1399 Sedis

1227 1420 1261 1441 ac
1274 1409 1385 1450 tituli,
1409 1410 1449 1444 ad
1467 1421 1564 1454 quem
1577 1409 1770 1446 Cardinales
1779 1412 1899 1449 fuerint
1909 1413 2109 1448 consecrati.

1226 1458 1465 1503 Episcoporum
1492 1460 1599 1494 varius
1622 1461 1658 1495 in
1683 1461 1782 1495 variis
1804 1461 1948 1506 Synodis
1968 1472 2111 1507 repertus

1214 1510 1384 1546 'consessus
1397 1511 1431 1544 &
1454 1509 1645 1553 subscriptio
1669 1521 1739 1545 non
1760 1512 1840 1547 facit
1862 1512 1994 1548 firmum
2014 1523 2114 1558 argu·

1224 1569 1387 1593 mentum.
1417 1559 1490 1594 lllic
1513 1561 1603 1594 enim
1632 1562 1751 1603 reperis
1777 1562 1812 1599 δι
1836 1562 2015 1606 Episcopos
2031 1568 2121 1598 ante'

1223 1608 1477 1652 Metropolitas,
1503 1609 1693 1652 &juniores
1706 1610 1816 1647 sedisse
1840 1613 1875 1645 δι’.
1897 1611 2108 1656 subscripfisso

1223 1668 1298 1692 ante
1320 1659 1460 1693 seniores
1475 1684 1482 1692 .
1511 1661 1603 1707 Qin
1629 1659 1697 1694 imo
1720 1659 1941 1701 Tholosano,
1967 1663 2021 1698 cui
2043 1663 2107 1697 Ca-

1223 1707 1326 1741 lixtus
1340 1708 1501 1745 secundus
1513 1710 1677 1752 praesedit‚
1705 1709 1864 1744 Concilio
1888 1711 2108 1755 subscriptum

1222 1758 1266 1791 est
1282 1756 1346 1791 hoc
1357 1756 1490 1793 ordine:
1519 1763 1598 1792 cono
1614 1759 1815 1798 Praenestinus
1840 1759 2027 1802 Episcopus,
2052 1767 2106 1795 Ot-

1222 1813 1353 1851 tegarius
1380 1807 1614 1851 Arcbiepiscopus
1635 1808 1862 1853 Tarragonenfis
1878 1835 1887 1851 ,
1913 1813 2103 1853 Raymondug

1222 1857 1433 1899 Barbestrenfis
1469 1858 1631 1901 Episcopus
1658 1883 1669 1898 ,
1696 1860 1876 1893 Ber-nardus
1916 1859 2071 1903 Anicienfie
2092 1885 2113 1903 ‚.

1224 1909 1399 1943 Lambertus
1425 1908 1580 1951 Ostienfi1‚
1605 1908 1775 1942 Richardus
1802 1909 2022 1950 Narbonenfis,
2049 1913 2107 1945 Pe-

1221 1968 1285 1990 trus
1297 1959 1473 1991 cardinalis
1485 1959 1660 1993 Sanctorum
1671 1957 1785 2001 Cosmae
1795 1959 1830 1992 (5
1852 1961 1998 1992 Damiani
2009 1982 2021 1998 ‚
2033 1965 2104 1993 Atto

1222 2007 1454 2052 Arcbiepfiopus
1482 2007 1656 2051 Arelatenfis
1670 2033 1677 2040 .
1704 2009 1786 2042 Haec
1799 2009 1873 2042 sunt
1884 2009 2102 2053 irregulariter

1220 2058 1306 2102 gesta
1321 2082 1331 2098 ‚
1359 2067 1414 2093 aut
1434 2057 1549 2093 vitiose
1561 2057 1752 2101 compilata.
1766 2059 1808 2093 Et
1821 2058 2020 2103 fingulorum
2030 2070 2102 2093 mu·
2116 2062 2131 2070 ‘

1221 2109 1266 2141 sas
1278 2108 1349 2150 quis
1362 2110 1563 2152 cognoscat?
1593 2106 1767 2155 Quidquid
1796 2108 1833 2142 sit
1852 2132 1863 2149 ,
1890 2119 1931 2142 ex
1953 2107 2101 2154 allegatis

1220 2157 1348 2192 abunde
1368 2156 1455 2191 lucet
1476 2158 1635 2200 Joannem
1659 2157 1872 2193 Portuensem
1895 2158 2099 2202 Episcopum

1220 2208 1289 2250 post
1315 2219 1429 2242 omnes
1465 2207 1656 2244 Gallicanos
1694 2208 1729 2244 in
1755 2206 1818 2244 hac
1853 2206 1989 2251 Synodo
2027 2220 2097 2243 uon
2115 2212 2118 2216 '

1220 2256 1334 2291 sedisse
1354 2282 1360 2290 .
1407 2257 1520 2296 Hodie
1545 2258 1634 2301 juxta
1657 2257 1780 2294 sedium
1805 2259 1934 2292 suarum
1959 2269 1996 2292 ac
2024 2259 2102 2294 titu-

1220 2308 1328 2340 lorum
1354 2308 1553 2353 dignitatem
1578 2308 1718 2345 Domini
1745 2307 1938 2343 Cardinales
1950 2306 2102 2348 sedent&

1222 2355 1444 2395 subscribunt.
1471 2358 1573 2393 Haud
1586 2357 1684 2393 dubie
1695 2370 1735 2395 ex
1748 2368 1839 2393 more
1864 2358 1898 2397 &
1921 2358 2102 2394 traditione

1221 2418 1357 2452 antiqua
1372 2434 1379 2440 .

1269 2457 1374 2491 Porro
1385 2457 1425 2493 de
1437 2459 1485 2493 Ca
1491 2457 1605 2493 rdinali
1620 2460 1739 2494 San&
1747 2459 1888 2497 Ruffinae
1899 2457 2098 2502 Episcopatu

1223 2507 1330 2542 scribit
1357 2509 1390 2542 in
1418 2509 1578 2553 Sigeberti
1605 2509 1844 2543 Gemblacenfis
1870 2508 2098 2550 supplemento

1227 2557 1390 2592 Robertus
1402 2558 1511 2592 Abbas
1525 2559 1731 2592 Montensis:
1758 2562 1909 2600 Eugenius
1934 2559 2021 2599 Papa
2041 2569 2099 2591 ter-

1220 2615 1280 2641 tius
1293 2607 1484 2650 Epifi·opatui
1511 2607 1631 2649 Ostiensi
1656 2606 1845 2650 Velnrensem
1860 2607 2034 2647 coniunxit,
2063 2609 2097 2641 &⁵

1213 2657 1253 2700 fic
1257 2658 1332 2699 fecit
1345 2661 1382 2691 de
1395 2658 1505 2691 duobus
1515 2669 1605 2690 unum
1618 2683 1624 2690 .
1652 2659 1672 2690 5
1673 2658 1793 2690 imiliter
1796 2656 1875 2698 fecit
1885 2658 1922 2689 de
1935 2655 2099 2699 Epffi‘opa·

1221 2717 1254 2741 tu
1269 2707 1421 2749 Portuenfi
1429 2733 1438 2746 ,
1462 2714 1507 2740 cui
1513 2709 1622 2748 junxit
1634 2705 1847 2749 Episcopatum
1866 2705 1986 2739 sancqae
2008 2707 2100 2748 Ruffl

1221 2770 1288 2796 nae,
1297 2757 1417 2798 faciens
1430 2758 1466 2791 de
1479 2756 1586 2791 duobus
1596 2768 1707 2790 unum.
1734 2758 1779 2790 Et
1802 2757 1879 2790 hinc
1901 2756 2075 2801 privilegio
2087 2780 2100 2798 ,
2117 2749 2153 2776 A·
2183 2750 2268 2778 ¹²⁸¹·

1221 2805 1309 2852 quod
1319 2806 1505 2841 Piscarienfi
1518 2806 1720 2841 Monasterio
1736 2806 1821 2851 apud
1832 2811 1957 2843 Lucam
1970 2805 2100 2853 Dache·

1222 2858 1306 2892 rium
1317 2855 1409 2891 dedit
1422 2855 1590 2891 Adrianus
1600 2866 1754 2901 quartus,
1780 2854 1962 2892 Bernardus
1983 2854 2099 2890 cardi,
2116 2863 2200 2899 Toni.
2224 2871 2250 2896 ς,

1222 2907 1302 2940 nalis
1330 2907 1394 2940 sese
1422 2906 1589 2941 subscribit
1613 2907 1811 2951 Episcopum
1829 2905 2040 2941 Portuensem
2063 2903 2099 2938 &
2119 2901 2177 2932 l³01·
2203 2906 2249 2938 56·

1220 2957 1340 2991 Sanstae
1368 2957 1526 2991 Ruffinae.
1553 2957 1648 2992 Initis
1669 2958 1753 2991 inter
1775 2955 2010 2993 Innocentium
2037 2964 2100 2987 ter·-

1221 3007 1304 3040 tium
1328 3007 1523 3041 Pontificem
1550 3019 1587 3041 ac
1621 3008 1781 3051 Ioannem
1806 3005 1937 3050 Angliae
1962 3003 2091 3048 Regem
2114 3018 2176 3051 μοι,
2202 3020 2266 3055 576·

1221 3058 1427 3091 concordatis
1450 3058 1566 3092 eodem
1587 3058 1690 3092 modo
1713 3056 1888 3099 subscripsit
1912 3053 2097 3088 Cardinaiis

1221 3105 1432 3142 Benedictus,
1460 3107 1621 3144 Onufrius
1634 3117 1743 3143 tamen
1754 3105 1922 3141 Patruinus
1934 3104 2097 3140 unionem

1222 3157 1313 3193 istam
1325 3158 1394 3195 vult
1406 3157 1467 3192 esse
1490 3169 1570 3201 opus
1593 3157 1716 3192 Calixti
1737 3152 1891 3194 secundi,
1915 3163 2031 3188 natum
2052 3165 2095 3190 ex

1221 3207 1377 3243 destruEia
1404 3209 1524 3244 Sanctae
1541 3208 1681 3245 Ruffinae
1701 3204 1832 3239 civitate
1853 3228 1863 3243 ‚
1892 3203 2092 3245 deductaque

1222 3258 1261 3291 ad
1286 3269 1409 3292 tantam
1431 3258 1640 3294 solitudinem
1663 3279 1674 3295 ,
1712 3263 1748 3287 ut
1772 3253 1902 3297 proprio
1927 3254 2092 3298 Episcopo

1223 3319 1289 3342 non
1313 3307 1444 3344 haberet
1465 3319 1572 3352 opus.
1614 3305 1662 3340 Ita
1687 3304 1818 3337 interim
1842 3303 1975 3340 evanuit
1997 3302 2093 3344 septe·

1223 3358 1323 3398 narii,
1345 3359 1436 3403 quod
1445 3357 1554 3391 multis
1566 3353 1716 3398 praedicat
1733 3355 1868 3388 Sanctus
1891 3353 2005 3386 Petrus
2025 3351 2094 3384 Da-

1222 3408 1324 3441 miani
1346 3434 1356 3449 ‚
1384 3409 1418 3441 in
1455 3402 1682 3440 Cardinalibus
1702 3403 1872 3446 Episcopis
1892 3400 2017 3434 numeri
2038 3400 2092 3433 Sa-

1222 3468 1426 3496 cramentum
1437 3481 1446 3492 .
1464 3454 1637 3492 Bonifacii
1649 3453 1776 3496 ostavi,
1787 3453 1845 3500 qui
1857 3450 2094 3537 testeis-lentico

1967 3510 2045 3537 tero-
