2352 3736
107 1963 168 1996 Lib.
197 1973 223 2002 5.

107 2733 171 2779 I3ib.
196 2737 222 2763 6.

107 2777 181 2811 kap.
200 2782 245 2810 ις.

573 137 662 166 DE

293 222 327 246 ra
331 221 409 254 gens
422 212 521 241 Romae
532 210 659 248 Imperio
675 206 726 238 diu
735 209 833 246 potita
837 202 877 244 fit
888 228 894 234 .
922 202 1022 236 Nobis
1044 204 1123 235 enim
1129 199 1181 243 sa-

294 267 335 293 tis
347 259 385 300 est
395 260 439 292 ad
444 257 613 300 perfellam
629 261 773 289 veritatis
783 258 975 297 cognitionem
986 254 1022 286 l&
1030 250 1181 292 confirma-

292 315 399 343 tionem
407 308 531 352 sapiens
545 308 624 340 illud
634 310 668 342 Θ
679 305 811 349 salutare
825 305 1060 346 divinaegratiae
1070 301 1181 340 symbo-

293 362 354 394 lum
363 385 370 391 .
398 363 487 393 Docet
502 364 580 392 enim
591 368 642 390 nos
653 355 819 399 perfec‘lam
827 353 920 397 fidem
931 354 967 386 de
982 355 1076 386 Patre
1087 353 1120 385 ἐκ
1131 355 1185 384 Fi-

292 411 330 444 lio
343 411 378 444 &t
388 412 501 452 spiritu
515 408 624 442 sancto
637 431 646 447 ‚
674 408 912 439 Incarnationem
920 411 1070 444 praeterea
1083 405 1187 433 Domi-

294 467 326 494 ni
333 459 473 502 fidelibus
484 457 656 499 manifestat
664 479 675 495 ‚
699 462 750 498 qui
764 455 848 487 illam
859 458 1003 494 recipiunt
1015 477 1022 484 .
1045 452 1115 489 Illos
1128 456 1185 484 ita-

293 523 350 553 que
362 534 372 550 ,
399 517 450 553 qui
463 508 588 548 symbolo
597 507 718 549 aliquid
728 506 846 537 addunt
859 503 912 536 vel
921 502 1063 544 auferunt
1075 524 1086 540 ‚
1109 512 1185 533 ana-

293 560 425 595 themate
436 561 615 593 damnamus
631 580 638 587 .
659 557 688 588 5i
701 561 769 597 quis
781 560 859 587 enim
874 577 884 592 ,
906 559 1005 595 inquit
1017 550 1162 593 Apostolus
1172 574 1183 591 ‚

295 611 552 654 evangelizaverit
590 605 676 639 vobis
698 612 812 647 praeter
849 604 884 636 id
903 605 982 645 quod
999 601 1184 643 evangeliza-

294 660 428 702 tiimfuie
443 684 454 701 ,
480 656 644 691 anathema
653 654 706 697 fit.
736 655 855 686 Bonum
866 652 903 693 cst
915 658 994 686 enim
1013 651 1059 683 ad
1077 649 1183 682 bonum

298 709 438 754 respicere
449 733 460 748 ,
483 705 654 749 praesertim
666 705 730 738 ciem
740 715 832 747 neque
842 706 924 736 Deus
937 711 1029 742 neque
1036 699 1114 741 fides
1125 708 1183 741 pa-

292 767 365 795 titur
380 759 502 800 aliquod
513 753 722 791 detrimentum
730 777 741 793 ‚
765 755 811 787 ad
818 749 1045 794 pacemsemper
1057 752 1181 783 inclina-

293 811 368 844 re&
381 809 524 851 fratrum
536 807 738 840 dilectionem..
766 807 896 836 Fratres
905 806 985 834 enim
1006 799 1091 840 nostri
1108 798 1183 843 sunt

291 860 357 901 isti,
382 860 447 892 lices
464 857 624 896 rusticitate
633 855 686 887 vel
693 857 876 897 ignoratione
892 857 1042 894 contingat
1051 851 1116 882 illos
1124 848 1183 893 [α-

288 911 331 952 pb
356 911 376 942 ἃ
391 909 469 941 νεέῖο
487 906 615 939 recedere
636 927 646 943 ‚
670 907 801 944 propriae
821 900 987 944 servientes
1008 902 1160 934 voluntati
1171 925 1179 932 .

291 965 358 992 Nec
369 964 478 999 oportet
492 967 543 989 nos
556 956 629 987 adeo
638 953 778 986 exac‘lam
789 953 975 994 diligentiam
993 962 1127 993 quaerere
1136 956 1181 983 in-

288 1017 336 1042 ter
348 1006 492 1040 barbaras
506 1014 610 1050 gentes
623 1029 633 1045 ,
659 1005 754 1045 qudm
770 1013 821 1034 nos
843 1006 1005 1043 quaerimus
1027 1006 1084 1043 qui
1104 1000 1181 1034 circa

290 1060 408 1092 litteras
419 1053 590 1099 versamur.
623 1057 766 1096 Magnum
775 1056 832 1084 erit
843 1075 853 1092 ,
871 1049 991 1092 stapud
999 1052 1063 1084 illos
1074 1049 1181 1093 absque

289 1110 389 1150 aliquo
398 1117 493 1140 errore
506 1103 688 1142 sancqiffima
702 1105 835 1135 Trinitas
852 1125 862 1139 ‚
889 1107 1055 1145 vitae-origo
1069 1102 1180 1134 &cau-

284 1157 324 1201 sa
336 1182 346 1197 ,
370 1159 554 1200 praediceeur
567 1178 573 1185 .
601 1152 679 1195 Etfi
688 1156 910 1184 Incarnationis
920 1155 1011 1183 etiam
1021 1150 1179 1190 mysterium

275 1211 375 1250 juxta
386 1206 510 1247 nostram
532 1203 718 1248 sententiam.
738 1202 783 1234 illi
805 1199 1002 1242 confiteantur
1014 1226 1021 1233 .
1047 1200 1083 1233 N
1087 1202 1175 1243 icena

282 1258 438 1301 Synodus
450 1257 490 1290 de
512 1253 649 1298 Spiritus
671 1252 770 1287 sancti
797 1250 997 1294 proceffione
1019 1249 1106 1284 nihil
1126 1250 1178 1284 de-

283 1308 392 1341 finivit
415 1331 426 1347 ,
454 1306 508 1339 sed
520 1305 606 1339 dixit
621 1303 685 1336 hoc
706 1312 810 1336 unum
823 1314 834 1334 .-
862 1302 958 1333 Credo
976 1301 1011 1334 (9·
1030 1306 1064 1332 in
1085 1302 1176 1341 Spiri-

283 1365 347 1391 tum
367 1356 505 1400 fandum
518 1380 526 1386 .
554 1353 699 1388 Proinde
722 1352 771 1386 uti
786 1361 845 1385 nos
871 1350 1173 1394 Constantinopoli·

282 1417 400 1441 tanum
412 1405 610 1450 Symbolum
626 1404 736 1446 pafflm
753 1401 955 1445 appellamus
984 1400 1152 1441 Nicenum
1165 1425 1175 1439 ‚

282 1457 330 1492 ita
343 1456 398 1491 hic
412 1454 603 1490 patriarcha
615 1453 732 1488 Petrus
745 1463 799 1495 per
812 1451 977 1492 Nicenam
1001 1451 1174 1492 Synodum

283 1508 442 1552 intelligit
457 1502 867 1547 Constantinopolitanam
878 1524 885 1531 .
920 1500 1006 1533 Cum
1017 1499 1175 1552 exstinsta

283 1559 397 1603 magni
435 1555 622 1590 Theodosii
646 1553 742 1594 stirpe
774 1550 967 1583 exstinctum
987 1558 1090 1581 etiam
1110 1548 1174 1581 fuit

281 1607 477 1641 Occidentis
499 1603 681 1646 Imperium
705 1626 716 1643 ,
750 1599 783 1634 &
808 1598 983 1632 laceratum
1004 1596 1038 1630 in
1057 1596 1174 1632 Barba-

280 1666 336 1691 ros
346 1681 354 1688 .
382 1655 513 1689 Exinde
526 1653 634 1688 Graec's
646 1662 813 1693 coeperunt
829 1650 860 1682 so
881 1646 968 1681 solos
979 1645 1088 1680 dicere
1103 1647 1173 1679 Ro-

281 1717 399 1740 manos
410 1730 421 1747 ,
447 1706 482 1739 &
494 1715 555 1737 nos
564 1713 681 1736 omnes
695 1698 842 1734 Barbarie
863 1698 1047 1732 accensere.
1078 1696 1172 1731 Hinc

282 1755 316 1790 t&
328 1754 442 1789 Petrus
453 1753 637 1789 patriarcha
660 1751 679 1784 a
704 1749 800 1784 nobis
819 1749 945 1783 fastum
963 1746 1173 1790 symboliad-

282 1805 503 1841 ditamentum
515 1804 611 1837 refert
625 1803 659 1835 in
672 1801 816 1835 nostram
826 1798 1114 1833 commiseratione
1132 1809 1172 1833 ao

282 1857 379 1891 venia
389 1855 526 1900 dignam
541 1851 728 1887 Barbariem
739 1873 754 1889 ,
777 1849 840 1884 alia
865 1849 918 1883 via
941 1847 1084 1882 nesciens
1101 1859 1173 1891 pnr-

282 1917 357 1951 gare
370 1931 377 1938 .
406 1906 516 1939 Etiam
525 1903 746 1948 Bulgarorum
761 1898 1035 1943 Archiepiscopus
1058 1896 1182 1933 Theo-v

280 1956 449 2001 phylaeius
459 1964 576 1988 omnes
589 1951 711 1987 nobisa
724 1949 843 1983 Graecis
865 1950 1044 1992 imputatos
1065 1950 1171 1983 exces-

280 2008 334 2041 sus
355 2007 447 2039 refert
462 2006 495 2037 in
507 2003 648 2037 nostram
662 2000 869 2038 barbariem,
888 2000 924 2033 <Sc
942 2000 1071 2042 pondus
1093 1999 1170 2032 facit

280 2056 323 2091 de
336 2055 406 2088 solo
418 2053 570 2098 Symboli
591 2051 833 2086 additamento.
861 2049 911 2083 Ita
935 2049 969 2082 in
992 2049 1060 2092 jure
1083 2049 1172 2082 Grae·

280 2106 512 2139 co-Romano
538 2102 670 2137 restatur
705 2101 775 2144 ejus
800 2100 959 2133 succeffor
981 2099 1168 2133 Demetrius

280 2154 557 2189 Chomatenusin
569 2152 743 2195 Responfis
763 2149 804 2184 ad
827 2148 1084 2183 Constantinum
1108 2149 1167 2185 Ca-

281 2205 409 2240 basilam
428 2202 680 2247 Metropolitam
702 2199 993 2243 Dyrrachiensem.
1021 2198 1168 2244 Ad3eun·

279 2253 356 2290 dem
382 2254 567 2298 scrupulum·
589 2252 759 2295 cespitavit
784 2251 886 2284 etiam
914 2249 970 2283 ille
996 2260 1135 2294 magnus
1155 2274 1166 2290 ‚

280 2317 380 2350 quem
403 2306 442 2339 ad
463 2301 689 2348 exequendam
711 2302 744 2335 &
764 2300 958 2334 firmandam
982 2301 1016 2333 in
1030 2300 1165 2344 Lugdu·

280 2357 369 2390 nenfi
403 2367 457 2399 per
479 2354 679 2398 Gregorium
699 2351 862 2385 decimum
886 2350 1025 2393 Synodo
1049 2351 1165 2384 fastam

279 2406 441 2440 unionem
463 2405 641 2448 Imperator
663 2400 812 2436 Michael
835 2400 1034 2445 Paleologus
1055 2401 1166 2435 evexit

279 2455 315 2489 in
336 2454 746 2497 Constantinopolitanum
768 2450 1042 2490 Patriarchatum‚
1071 2452 1167 2495 Joan-

280 2517 337 2540 nes
363 2505 508 2540 Veccus.
537 2506 580 2538 Et
602 2504 768 2542 nostrum,
789 2502 1014 2546 quiSpiritum
1026 2502 1166 2535 sanetum

279 2566 319 2589 ex
341 2555 436 2589 Patre
458 2557 491 2589 &
511 2555 619 2595 Filio,
644 2552 878 2587 &Graecorum
894 2575 904 2592 ‚
928 2552 986 2595 qui
1008 2552 1112 2594 ipsum
1124 2563 1164 2586 ex

253 2623 256 2625 -
281 2604 376 2639 Patre
398 2616 452 2649 per
472 2605 595 2638 Filium
614 2603 736 2638 docent
753 2601 930 2646 'procedere
947 2627 957 2642 ,
982 2601 1107 2647 dogma
1120 2602 1165 2635 es-

282 2655 315 2687 se
344 2665 379 2687 re
398 2665 501 2687 unum
520 2654 555 2688 &
577 2653 666 2687 idem
687 2664 726 2687 ac
742 2653 808 2687 sola
821 2651 925 2697 phrasi
936 2650 1098 2686 diversum
1110 2651 1165 2686 de-

281 2703 475 2737 monstravit
494 2703 685 2747 insigniter,
710 2703 821 2737 verum
843 2704 884 2737 de
903 2702 1053 2745 Symboli
1076 2701 1165 2736 addi—

281 2763 429 2788 tamento
450 2752 600 2794 adjunxit
618 2752 652 2795 se
675 2755 734 2786 illic
757 2759 814 2787 vix
841 2754 959 2794 crispam
969 2754 1066 2786 levem
1078 2763 1162 2797 agno

280 2802 376 2847 scere.
406 2801 558 2846 Agnovit
578 2811 686 2836 tamen
697 2804 847 2846 culpam.
873 2803 920 2836 ita
932 2802 1040 2836 scribit
1062 2804 1162 2837 Geor·

281 2853 355 2899 gius
367 2850 583 2895 pachymeres
595 2875 602 2882 .
629 2851 733 2898 Qod
745 2852 849 2885 Graeci
873 2851 938 2886 hoc
960 2853 1161 2888 additamen-

282 2913 354 2938 tum
377 2903 519 2937 habeant
551 2912 609 2943 pro
631 2900 766 2944 palmari
796 2900 910 2935 nostrae
929 2904 1162 2943 pravaricatio—

283 2954 334 2988 nis
357 2955 388 2987 &
411 2955 470 2987 suae
488 2951 507 2984 ὲ
531 2949 628 2984 nobis
647 2950 828 2984 seceffionis
849 2950 1086 2994 fimdamento,
1112 2954 1159 2987 su-

281 3004 336 3047 pra
359 3003 543 3037 audivimus
564 3000 664 3034 etiam
683 3000 702 3033 ὲ
723 3000 895 3034 Barlaamo
918 3001 1094 3043 Gyracenfi
1120 3004 1160 3037 E-

281 3055 433 3097 piscopo.
460 3051 578 3096 Longa
597 3049 643 3084 est
669 3049 734 3084 haec
758 3051 909 3094 quaestio,
932 3054 1159 3096 opportuniori

282 3103 364 3140 infra
384 3103 458 3139 loeo
479 3099 692 3137 elucidanda.

381 3452 485 3494 christ.
491 3458 567 3499 Lupi
579 3457 798 3504 oper-fomur.

1183 1516 1198 2456 «Ἣ

1201 2402 1219 3314 ——-—————————--

733 119 773 165 S.
844 119 1181 165 LEole
1250 118 1487 165 Nom

1243 948 1531 987 Communionern
1552 949 1715 984 declamat
1739 949 1780 983 ad
1801 947 1983 993 populum:
2019 949 2128 984 sanda

1241 999 1376 1033 sandes.
1406 999 1450 1034 Et
1473 1011 1541 1033 non
1566 999 1655 1033 solus
1671 999 1785 1033 Clerus
1807 1023 1818 1039 ‚
1856 998 1909 1033 sed
1936 999 2047 1033 omnis
2074 1011 2128 1043 po-

1557 119 1845 165 ACTIS.
1971 135 2064 182 377

1313 251 1894 306 CALUMNIA
1960 252 2065 302 VII.

1246 400 1382 445 Latini
1390 400 1430 444 in
1441 403 1566 445 Sacra
1577 393 1704 461 Mt'ffii
1718 395 1814 444 illud
1825 435 1839 459 ,
1874 401 1999 447 Unus
2028 400 2132 446 Sam

1313 473 1404 520 etus
1420 505 1433 530 ,
1463 473 1589 518 Unus
1602 469 1822 516 Dominus
1841 471 1970 532 Jesus
1989 469 2131 518 Cuiu-

1315 541 1469 588 s‘rusin
1493 539 1631 601 gloria
1645 540 1734 587 Dei
1748 540 1888 587 Patris
1911 555 1986 606 per
2001 539 2130 608 Spiri-

1314 624 1409 663 tum
1426 606 1613 662 sanetum
1625 645 1642 672 ,
1675 607 1764 658 aim
1773 607 1899 660 dicunt
1911 628 2000 658 voce
2011 645 2032 667 .,

1245 744 1425 833 HAEc
1435 747 1532 782 verba
1541 747 1645 782 etiam
1653 746 1758 781 Graeci
1780 746 1816 781 in
1837 749 1892 783 sua
1911 748 2062 796 Liturgia
2080 749 2132 785 di-

1377 797 1533 834 cuntalta
1558 809 1655 833 voce.
1687 796 1874 832 Etenim&
1895 798 1929 831 in
1955 801 2062 834 Sancti
2084 801 2130 843 Ja-

1243 846 1317 883 cobi
1330 848 1509 892 Apostoli,
1534 849 1617 884 &in
1629 848 1742 892 magni
1754 848 1882 887 Basilii,
1909 848 1943 882 ἀ
1965 848 1999 882 in
2024 849 2130 885 Sancti

1243 899 1381 942 joannis
1407 898 1637 946 Chrysostomi
1673 899 1826 943 Liturgia
1864 897 2023 934 Sacerdos
2052 909 2128 934 ante

1243 1049 1338 1092 pulus
1359 1049 1529 1093 respondet
1551 1060 1558 1081 :
1589 1054 1669 1083 Unus
1693 1049 1820 1083 Samius
1845 1073 1856 1089 ,
1882 1060 1960 1082 unus
1986 1052 2129 1082 Dominus

1243 1098 1635 1142 JESUSCHRISTUS
1657 1104 1690 1132 in
1705 1101 1832 1143 gloriam
1855 1102 1912 1133 Dei
1925 1101 2032 1132 Patris
2045 1123 2056 1140 ,
2081 1104 2127 1133 cui

1237 1149 1332 1193 gloria
1345 1147 1671 1193 msaeculasaeculorum
1683 1174 1690 1181 .
1709 1150 1736 1182 F
1738 1149 1836 1183 inalia
1850 1148 1945 1183 verba
1968 1149 2128 1195 Liturgiae

1243 1201 1385 1235 variant.
1417 1197 1929 1243 Sanc‘iiChrysostomiLiturgia
1942 1199 1983 1233 fic
2006 1197 2129 1235 habet.-

1241 1254 1321 1282 Unus
1349 1249 1475 1283 saneim
1494 1275 1505 1291 ,
1532 1253 1614 1283 Unus
1644 1253 1786 1283 Dominus
1824 1247 2128 1292 JESUs-CHRI-

1243 1299 1365 1334 STUS
1374 1306 1406 1333 in
1412 1301 1606 1345 gloriam-Dei
1620 1302 1754 1340 Patris,
1780 1302 1887 1333 Amen.
1917 1297 2045 1333 Eodem
2057 1310 2131 1334 mo-

1240 1350 1285 1383 do
1295 1349 1329 1382 in
1342 1349 1492 1384 Paschali
1511 1349 1552 1384 ad
1578 1349 1738 1394 populum
1762 1350 1909 1384 sermone
1927 1348 2127 1386 declamavit

1242 1400 1374 1434 Sanetus
1398 1400 1553 1440 Proclus,
1581 1398 1708 1434 laudati
1726 1399 1867 1443 Joannis-
1884 1398 2076 1443 Discipulus
2085 1409 2127 1434 ae

1240 1450 1421 1484 Successor.
1448 1449 1615 1493 Populum
1628 1449 1782 1484 Sacerdos
1805 1460 1918 1484 monet
1943 1448 2127 1484 Sacro-san-

1240 1500 1295 1532 &ae
1330 1498 1543 1533 Eucharistiae
1567 1499 1742 1534 ,tremenda
1768 1499 1927 1541 Mysteria
1954 1499 2018 1533 effe
2055 1509 2126 1533 non

1237 1549 1497 1591 qualecumque,
1526 1549 1578 1582 sed
1603 1550 1708 1592 ipsum
1734 1548 1946 1583 substantiale
1969 1558 2067 1592 atque
2079 1549 2125 1583 in-

1238 1597 1474 1632 commutabile
1495 1597 1646 1632 sanetum
1663 1622 1674 1639 ,
1711 1598 1857 1633 dandum
1880 1598 1958 1632 solis
1975 1598 2101 1634 Sanstis
2114 1622 2128 1639 ,

1236 1647 1375 1690 ideoque
1394 1647 1561 1682 neminem
1585 1648 1641 1681 fibi
1662 1648 1747 1681 male
1757 1648 1925 1682 conscium
1939 1650 2027 1692 poffe
2037 1659 2130 1684 acce-

1234 1695 1310 1731 dere
1321 1721 1334 1729 .,
1358 1696 1402 1732 Et
1420 1695 1599 1733 humanam
1622 1696 1849 1731 infirmitatem
1870 1701 2055 1742 agnoscensv
2073 1710 2129 1743 poe

1236 1747 1329 1791 pulus
1348 1747 1521 1791 respondet
1544 1746 1673 1781 nullum
1686 1747 1720 1780 in
1736 1747 1861 1781 mundo
1872 1748 1936 1782 effe
1948 1748 2126 1790 Sanctum,

1234 1799 1293 1832 nifi
1320 1797 1427 1832 solum
1446 1798 1634 1831 Dominum
1664 1796 2126 1841 JESUM-CHRISTUM‚

1232 1847 1265 1882 &
1287 1846 1352 1882 hoc
1376 1859 1444 1883 non
1456 1859 1498 1883 ex
1509 1846 1573 1883 illo·
1582 1848 1667 1892 ipso,
1692 1845 1746 1881 sed
1758 1858 1799 1882 ex
1812 1847 1879 1882 Dei
1892 1848 1986 1884 dono
1999 1874 2011 1890 ,
2037 1849 2128 1885 ideo·-

1232 1909 1297 1942 que
1311 1900 1344 1932 in
1357 1897 1497 1944 gloriam
1512 1897 1615 1933 Patris
1629 1923 1635 1930 .
1651 1898 1728 1933 Hac
1740 1897 1870 1942 publica
1883 1910 1964 1934 voce
1975 1900 2126 1934 constan—

1232 1958 1280 1983 ter
1300 1949 1468 1992 profitetur
1488 1949 1520 1982 se
1540 1959 1609 1983 non
1636 1948 1700 1981 suis
1722 1949 1868 1988 meritis,
1892 1949 1945 1983 sed
1972 1951 2038 1985 sola
2060 1950 2127 1988 Dei

1232 1998 1452 2034 misericordia
1466 1999 1630 2033 confisum
1646 1997 1799 2032 accedere
1807 1997 1848 2032 ad
1859 1995 1924 2033 hoc
1945 1998 2120 2035 Sanctum.

1232 2048 1312 2083 Hoc
1330 2050 1434 2084 modo
1460 2049 1599 2093 exponit
1624 2048 1724 2082 etiam
1747 2048 1909 2083 recentior
1931 2049 2124 2086 Graecorum
2144 2085 2151 2092 ,

1232 2099 1365 2133 Βοέὶοῑ-
1382 2099 1540 2134 Nicolaus
1554 2097 1718 2133 Cabafilas
1727 2123 1738 2141 ,
1759 2108 1858 2143 atque
1868 2099 1913 2134 ita
1923 2098 2010 2135 lucet
2020 2100 2122 2137 ritum

1232 2149 1316 2192 apud
1329 2149 1404 2184 illos
1417 2161 1488 2184 non
1498 2149 1738 2184 effevmutatum
1748 2173 1757 2183 .

1280 2199 1324 2234 Et
1350 2199 1429 2235 hinc
1451 2201 1556 2235 oritur
1577 2199 1712 2244 quaestio
1729 2224 1742 2241 ‚
1767 2199 1837 2235 Cur
1869 2210 1950 2245 ergo
1972 2199 2120 2235 Michaei

1230 2249 1418 2285 cerularius
1441 2261 1506 2285 nos
1520 2259 1635 2295 arguat
1648 2273 1659 2291 ,
1681 2248 1771 2293 quod
1785 2249 1843 2284 ista
1855 2250 1952 2285 verba
1972 2250 2121 2285 dicamus

1230 2300 1294 2335 alta
1306 2302 1407 2335 voce?
1431 2299 1628 2345 Respondeo
1651 2300 1780 2335 laudata
1802 2299 1900 2336 verba
1914 2301 1948 2335 in
1972 2301 2118 2343 pluribus

1230 2350 1429 2386 solemnium
1447 2361 1579 2395 precum
1605 2350 1687 2385 locis
1707 2350 1902 2395 frequentari
1922 2350 1940 2385 a
1963 2351 2086 2386 Graecis
2108 2377 2118 2385 .

1234 2401 1402 2436 Dicuntur
1434 2401 1523 2436 enim
1552 2400 1650 2436 etiam
1681 2400 1715 2434 in
1740 2401 1883 2445 Hymno
1912 2398 2082 2446 Angelico
2103 2425 2116 2442 ,

1232 2453 1333 2485 Gloria
1352 2458 1384 2486 in
1407 2448 1522 2493 excehfs
1535 2476 1546 2492 ,
1567 2461 1667 2495 quem
1686 2451 1719 2484 in
1731 2452 1970 2486 matutinarum
1978 2450 2114 2485 laudum

1230 2502 1341 2537 officio
1364 2501 1599 2547 Euchologion
1623 2501 1764 2546 appellat
1780 2513 1934 2547 magnam
1952 2501 2112 2547 glorifica-

1229 2553 1370 2587 tionem.
1400 2551 1552 2587 Eundem
1574 2549 1737 2593 hymnum
1759 2563 1835 2586 cum
1857 2562 1932 2586 toto
1954 2552 2012 2586 suo
2024 2551 2114 2586 addi·

1228 2614 1374 2637 tamento
1388 2602 1557 2638 adducunt
1578 2602 1664 2645 apud
1688 2602 1896 2637 Clementem
1920 2603 2110 2637 Romanum

1229 2652 1429 2696 Apostolicae
1448 2651 1697 2689 constitutiones
1720 2676 1731 2692 ‚
1757 2653 1791 2686 ἆ
1813 2652 2000 2686 Franciscus
2021 2651 2111 2684 Tur·

1223 2702 1338 2749 *rianus
1358 2702 1439 2736 reste
1466 2703 1574 2745 posuit
1597 2702 1637 2736 ad
1663 2702 1858 2745 marginem:
1887 2707 1992 2735 Oratio
2011 2709 2111 2735 matth

1223 2757 1309 2785 tina.
1332 2752 1537 2786 Matutinam
1551 2751 1771 2786 psalmodiam
1795 2750 1936 2785 ediffecit
1961 2751 1995 2794 in
2020 2750 2109 2785 libro

1224 2802 1264 2836 de
1287 2800 1492 2847 virginitate
1523 2801 1622 2836 etiam
1652 2802 1786 2836 sanstus
1822 2799 2037 2842 Athanasius,
2067 2812 2106 2835 ac

1224 2855 1308 2887 inter
1329 2852 1396 2895 ejus
1414 2862 1522 2896 partes
1544 2853 1658 2895 ponit.-
1681 2852 1784 2885 Gloria
1795 2857 1828 2884 in
1839 2849 1952 2893 excelsis
1970 2855 2047 2892 Deo,
2071 2852 2106 2885 ὁ*

1222 2909 1256 2936 in
1264 2912 1348 2936 terra
1354 2911 1423 2946 pax
1435 2927 1446 2943 ‚
1472 2908 1507 2935 in
1515 2901 1683 2936 bominibus
1705 2901 1780 2935 bona
1793 2903 1934 2936 voluntas
1950 2924 1956 2932 .
1984 2902 2105 2934 Lauda-

1223 2965 1289 2987 mus
1301 2961 1330 2987 te
1345 2977 1356 2993 ,
1381 2952 1595 2994 benedicimus,
1626 2953 1781 2986 adoramus
1792 2959 1842 2992 te,
1869 2953 1927 2986 (rc.
1946 2950 2039 2994 Hym
2088 2959 2106 2983 ι

1223 3002 1277 3037 hic
1288 3003 1350 3037 fuit
1362 3003 1556 3037 antelucem
1566 3003 1822 3036 cantatusetiam
1847 2998 1866 3035 a
1889 3001 2011 3035 sanetis
2033 3000 2064 3035 A
2092 3016 2106 3025 ·

1223 3053 1303 3096 gelis
1314 3078 1324 3094 ,
1351 3052 1491 3096 ideoque
1504 3053 1622 3086 nostris
1634 3052 1804 3086 matutinis
1816 3050 1962 3095 precibus
1978 3049 2023 3085 est
2034 3060 2104 3084 om-

1222 3103 1306 3136 nino
1316 3102 1624 3147 congruentiffimus
1634 3127 1641 3134 .
1662 3103 1774 3151 Qare
1783 3112 1923 3137 errorem
1930 3101 2102 3136 continent

1223 3151 1290 3186 haec
1302 3152 1449 3186 Honor-ii
1464 3151 1772 3197 Augustodunensis
1794 3151 1912 3187 verba:
1940 3152 2042 3185 Gloria
2067 3155 2100 3182 in

1223 3200 1336 3243 excelsis
1357 3206 1415 3235 Deo
1434 3227 1443 3242 ‚
1473 3204 1623 3245 Angelicus
1640 3202 1743 3236 chorus
1761 3208 1883 3245 primus
1902 3207 2021 3240 cecinit,
2042 3197 2101 3241 sed
2116 3186 2186 3266 13¹³}
2203 3232 2250 3263 37,

1226 3253 1358 3287 Hilarius
1372 3252 1561 3293 Piliavienfis
1573 3250 1734 3295 Episcopus
1745 3253 1784 3285 ab
1803 3253 1851 3285 illo
1871 3253 1944 3292 loco,
1979 3250 2097 3283 Lauda-

1224 3314 1289 3335 mus
1299 3310 1329 3335 te
1337 3327 1345 3342 ‚
1355 3301 1440 3344 usque
1449 3308 1483 3335 in
1489 3302 1578 3344 finem
1588 3301 1746 3346 composuit
1754 3325 1762 3333 .
1787 3302 1889 3351 Qod
1907 3302 2006 3344 ipsum
2018 3297 2098 3330 affir-

1225 3362 1313 3386 mant
1335 3353 1531 3387 Walafridus
1549 3352 1664 3387 Strabo
1683 3376 1694 3391 ,
1721 3352 1806 3396 apud
1834 3351 2012 3386 Alcuinum
2044 3358 2098 3381 au·
2114 3346 2184 3393 CJD-
2203 3350 2249 3382 255

1224 3403 1292 3439 ἀοι·
1304 3401 1384 3438 libri·
1395 3401 1671 3440 deEcelefiasticis
1683 3402 1819 3446 officiis,
1843 3412 1880 3436 ac
1903 3397 2096 3443 aliiantiqui
2113 3388 2183 3425 4⁶²9·
2199 3397 2247 3421 4ο-

1590 3452 1618 3486 Β
1644 3451 1664 3486 b
1690 3451 1713 3484 b
1957 3447 2041 3483 Scri-

2205 3191 2232 3218 ι.’
