2352 3736
378 169 479 217 344

895 150 943 194 D
977 162 995 193 1
1032 165 1051 194 s
1088 166 1107 194 s
1142 167 1165 195 E
1199 169 1229 198 R
1264 168 1290 196 T
1325 167 1355 196 A
1391 168 1418 196 τ
1451 168 1469 198 1
1502 170 1534 199 ο

152 236 271 266 [ib-¹¹·
309 236 372 277 ster
392 236 618 285 Sguropulus:
644 239 718 269 Dux
730 237 912 278 &quotquot
923 244 988 266 eum
998 234 1194 277 circumstipa-

1302 237 1598 273 Antimenfiaitem
1616 239 1865 287 laudatantiqua
1881 243 2000 284 notitia
2021 249 2131 295 digni·

151 278 266 316 Cap-4·-
306 290 405 330 ham,
432 286 532 326 nostris
542 286 651 320 ritibus
662 284 890 328 applauserunt.
919 286 1116 327 ,Quamquam
1137 287 1191 319 alii
1251 298 1355 322 tatum
1380 290 1413 321 ὃς
1437 289 1621 324 officiorum
1641 301 1769 336 magnae
1795 293 2129 344 Constantinopolita-

304 338 510 373 obtrecqatores
520 359 530 377 ‚
540 338 618 379 quod
629 340 807 371 Latinorum
820 341 854 366 in
864 332 997 375 Ecca-fiis
1005 336 1096 369 sacra
1103 344 1188 378 pere-

300 389 435 433 gissemus
445 411 457 428 ,
483 387 567 420 nobis
579 388 724 420 immerito
739 384 859 427 quidem
868 386 1019 418 &invide
1029 386 1189 419 calumnia-

302 440 429 471 bantur.
458 441 545 470 Nam
556 448 613 470 non
625 433 682 476 nifi
688 434 783 473 nostra
803 432 1016 479 usurpavimus
1040 439 1188 471 Antimen-

294 487 340 529 fia
352 513 363 529 ,
389 489 424 522 ω
432 487 527 527 nostra
532 483 621 529 sacra
634 483 711 528 vasa
724 509 735 526 ‚
762 494 796 519 ut
806 487 899 519 antea
909 492 942 519 in
947 485 1090 528 profanis
1102 488 1187 520 Lati-

129 549 203 587 Cap⁴
213 557 229 585 3
238 558 260 579 ι,
298 536 528 572 norumaedibus
540 534 729 579 adsuevimus
744 561 751 568 .
780 536 928 571 Eandem
944 537 1130 581 Liturgiarn
1144 548 1187 571 re-

96 1496 162 1528 Lib.
190 1508 211 1535 ς.

297 588 380 629 fert‚
401 590 451 622 ³&
473 586 515 620 ab
526 584 621 620 omni
635 586 853 621 Venetiarum
875 587 997 630 populo
1018 586 1185 621 laudatam

295 638 405 673 scribit
417 635 636 672 Orthodoxus
646 638 777 671 Ducas:
805 635 960 671 Affirmat
983 647 1092 671 tamen
1117 649 1183 671 non

294 688 366 731 post
379 686 403 728 ‚¹¹
416 687 470 722 sed
482 686 560 722 ante
570 688 801 723 Florentinum
813 687 1006 721 Concilium
1027 689 1118 722 fuisse
1138 699 1187 722 ce-

292 736 469 773 lebratam.
501 739 627 774 Verum
648 735 857 783 Sgutopulo,
876 738 933 780 qui
953 737 1015 772 fuit
1038 749 1122 772 unus
1143 750 1184 772 ex

291 788 824 824 Altaris&Antoniicelebrantis
849 787 1031 829 Ministris,
1059 788 1104 822 est
1129 800 1184 832 po-

291 837 358 873 tius
367 839 587 874 credendum.
615 838 658 873 Et
672 838 748 873 ante
758 838 918 882 peractam
940 839 1100 872 unionem
1123 850 1183 872 nec

289 887 462 933 Eugenius
486 890 669 929 Pontifex,
696 900 756 922 nec
777 888 983 922 Ferrarienfis
1003 888 1182 931 Episcopus

288 939 356 975 iilis
367 941 407 975 ad
420 939 650 975 celebrandum
668 936 792 972 Pascha
807 939 914 972 voluit
926 937 979 971 vel
992 939 1094 972 ullam
1105 939 1182 972 Mo-

287 990 491 1030 nasterialem
502 992 688 1034 permittere
701 987 890 1023 Bafilicam:
918 989 976 1035 Q
1003 988 1106 1021 modo
1122 989 1182 1032 igi-

285 1050 339 1074 tur
351 1040 555 1076 Venetorum
573 1038 760 1074 patriarcha
772 1039 958 1082 permisisset
970 1000 1004 1073 Ξ
1015 1037 1181 1073 obtulisset

285 1090 375 1124 suam
390 1090 639 1125 patriarchalem
654 1092 670 1123 ?

335 1141 620 1176 Antimenfiorum
631 1142 778 1185 frequens
789 1141 833 1175 est
848 1141 881 1174 &
893 1140 1029 1183 antiqua
1055 1151 1180 1174 memo-

282 1190 329 1225 ria
351 1217 359 1224 .
387 1193 577 1227 Graecorum
606 1192 726 1235 quippe
752 1188 1001 1234 Euchologium
1022 1189 1120 1224 habet
1145 1190 1179 1224 δε

282 1240 374 1276 hunc
385 1242 520 1277 titulum
531 1256 544 1276 1:
568 1243 650 1275 Ordo
655 1241 724 1284 fieri
735 1240 883 1285 consuetus
896 1247 929 1273 in
937 1239 1179 1282 Antimenfiorum

281 1291 493 1335 conficratione
505 1320 512 1326 .
530 1294 574 1327 Et
587 1293 848 1327 consecrationis
858 1301 966 1335 preces
975 1292 1044 1334 ipsa
1058 1290 1177 1325 assidue

279 1354 401 1377 vocant
412 1344 477 1378 Dei
489 1342 670 1377 Thronum
682 1368 692 1384 ,
719 1343 755 1377 ὅτ.
767 1342 881 1376 Altare
894 1366 902 1374 .
931 1341 1176 1375 Antimenfium

277 1395 368 1428 enim
380 1392 425 1427 est
439 1394 562 1428 Graecis
574 1393 659 1428 istud
673 1394 777 1436 ipsum
789 1416 800 1432 ,
825 1391 915 1436 quod
939 1392 1038 1426 nobis
1061 1390 1177 1426 Altare

276 1445 430 1487 portatile
443 1470 450 1476 .
478 1445 523 1478 Et
538 1445 571 1478 in
585 1444 653 1486 jure
669 1442 959 1478 Graeco-Romano
981 1442 1086 1476 exstat
1110 1442 1175 1476 haec

277 1495 435 1539 quaestio:
465 1496 555 1537 ‚Quid
580 1496 684 1527 Gracc*
700 1493 863 1537 fignificent
886 1491 1064 1534 Antimensta
1087 1492 1104 1523 ,ἓ
1131 1496 1176 1524 Et

276 1546 416 1588 quomodo
448 1543 637 1587 scribendum
638 1543 678 1584 fit
698 1567 708 1584 ‚
739 1552 795 1585 per
822 1547 909 1582 Era,
946 1554 987 1575 an
989 1543 1070 1585 Jota
1085 1543 1102 1573 .?
1131 1543 1175 1575 Et

276 1596 420 1638 Ioannes
443 1592 554 1629 Cithri
578 1594 759 1637 Episcopus
777 1593 949 1635 respondet
975 1604 982 1623 :
1009 1591 1175 1633 Appellatio

235 1654 238 1657 ’
275 1645 344 1689 ipsa
356 1647 512 1679 deducitur
523 1647 543 1677 ἃ
557 1643 643 1686 mins
637 1656 652 1675 o
665 1668 675 1682 ,
700 1645 781 1684 quod
788 1641 950 1685 secundum
960 1645 1080 1674 Graecos
1086 1640 1173 1683 figni-

269 1695 342 1739 ficat
353 1694 526 1734 Canistrum
540 1718 551 1734 ,
579 1695 613 1726 Θ
619 1691 779 1735 secundum
792 1694 930 1723 Italicam
939 1692 1074 1732 linguam
1092 1698 1176 1729 prae-

269 1755 416 1790 paratum
430 1746 450 1777 a
461 1747 568 1787 quovis
579 1744 726 1776 edulium.
756 1749 824 1777 Hac
847 1746 926 1774 enim
947 1745 1064 1772 ratione
1086 1741 1120 1772 Θ·
1141 1745 1174 1772 in

272 1795 377 1838 mensis
389 1796 547 1837 explicam
561 1802 681 1834 mappae
693 1794 833 1825 dicuntur
849 1789 994 1833 mensalia
1003 1812 1012 1828 ‚
1035 1790 1078 1821 ad
1088 1801 1173 1822 orna-

272 1856 339 1882 tum
351 1854 430 1888 puta
442 1842 551 1886 mensae
560 1844 594 1876 &³
605 1841 765 1885 minsorum
776 1866 787 1882 ‚
815 1841 850 1873 id
858 1840 897 1881 est
909 1840 1087 1873 Eduliorum
1097 1862 1106 1878 ,
1130 1851 1173 1872 or-

273 1905 380 1931 natum
389 1894 507 1937 post'tae.
537 1894 662 1936 Vulgari
676 1901 776 1925 autem
788 1889 919 1934 sermone
932 1892 1071 1923 dicuntur
1085 1894 1170 1922 Anti-

272 1945 398 1988 menst‘a,
425 1950 503 1977 utin
518 1943 702 1982 vestimentis
717 1946 873 1983 Antipana
885 1965 896 1981 ,
923 1942 977 1974 vel
985 1951 1172 1982 quaecumque

270 2005 394 2042 propter
404 1994 523 2035 effbc‘lus
535 1993 719 2033 reflexionem
730 1990 802 2036 sunt
812 1991 1046 2034 appellationem
1053 1988 1169 2033 sortita.

274 2054 456 2083 Haecautem
468 2050 500 2077 in
509 2042 627 2086 sanclis
651 2051 807 2085 ponuntur
827 2040 930 2082 mensis
946 2065 956 2080 ,
983 2053 1061 2083 quas
1080 2039 1172 2083 conse-

275 2103 367 2131 cratio
381 2107 438 2128 non
443 2093 648 2138 sant‘lificavit
660 2119 667 2125 .
698 2098 783 2126 Nam
794 2103 831 2124 ex
847 2089 1033 2132 Antimenfiis
1047 2089 1114 2132 ipsa
1127 2102 1173 2123 no·

275 2147 324 2180 bis
337 2147 505 2192 consecrata
517 2143 618 2187 mensa
631 2167 641 2183 ,
666 2141 874 2186 &sacrificata
887 2141 992 2174 oblatio
1001 2143 1022 2175 5
1023 2139 1174 2182 anliifica-

277 2204 388 2231 tionem
395 2196 531 2240 sumunt.
565 2197 646 2238 ,Quae
655 2200 736 2228 enim
755 2191 943 2235 sanclificata
965 2191 1002 2231 est
1023 2203 1059 2224 ex
1074 2188 1173 2234 seipsa

274 2247 443 2294 sanblificat
456 2247 550 2279 dona:
582 2249 660 2278 Cum
677 2252 733 2286 per
750 2241 782 2285 se
804 2254 862 2276 non
878 2241 938 2284 sint
960 2239 1070 2285 sanc‘i‘a
1084 2266 1091 2272 .
1118 2239 1173 2274 Ad

279 2310 396 2333 vocem
425 2321 436 2337 ,
474 2300 628 2337 Antipana
650 2319 660 2335 ‚
698 2292 789 2328 addit
819 2292 854 2326 in
883 2292 946 2325 suis
969 2290 1171 2333 Euchologii

280 2347 424 2384 Scholiis
437 2348 578 2390 Ioannes
591 2345 682 2378 Goar
697 2357 704 2376 ε
735 2344 837 2376 Ρνιιυὲ
848 2348 995 2384 interpres
1010 2349 1102 2375 vertit
1110 2343 1175 2384 firn-

282 2400 366 2433 brias
378 2407 449 2431 ante
461 2409 557 2430 annos
570 2421 580 2436 ,
598 2407 664 2429 cum
674 2396 771 2437 potius
780 2402 898 2435 pannos
913 2392 1041 2433 vestibus
1060 2392 1177 2439 subdu-

284 2450 346 2483 c‘los
360 2461 420 2483 vox
431 2447 587 2491 fignificet.
602 2445 714 2488 Pergit
729 2443 838 2477 Cithri
857 2443 1058 2486 Episcopus:
1084 2444 1115 2476 51·
1125 2447 1178 2484 igi-

286 2509 334 2533 την
343 2499 426 2531 haud
436 2499 602 2530 dedicatum
616 2496 652 2536 est
666 2497 818 2536 Templum
828 2518 838 2533 ‚
866 2495 947 2535 quod
955 2499 980 2526 ei
992 2491 1068 2533 deest
1078 2518 1087 2532 ,
1105 2490 1178 2534 san·

288 2548 460 2592 &ificatoria
474 2545 644 2587 Antimenfii
656 2551 706 2578 vis
714 2543 836 2587 supplet
849 2567 859 2582 ‚
887 2544 1009 2584 ideaque
1018 2550 1050 2575 in
1062 2543 1192 2583 Templo,

1251 350 1298 372 nae
1320 337 1468 372 Ecclefiae
1487 364 1494 371 .
1532 339 1666 373 Etenim
1689 341 1722 374 in
1746 342 1865 383 quinto
1883 344 2051 393 Qinar‘ro
2072 348 2127 384 hic

1248 389 1293 422 est
1317 387 1470 422 ultimus.-
1497 389 1667 432 Praefec‘ius
1680 391 1868 434 Antimensiis
1894 405 1965 435 eos,
1985 391 2128 438 qui'san-

1247 437 1325 470 c‘lam
1336 442 1575 474 Communionem
1582 448 1733 483 percipere
1745 445 1850 477 volunt
1861 467 1874 485 ,
1884 442 2060 479 introducit.
2085 447 2129 483 Et

1249 486 1397 522 Matthaei
1430 490 1506 533 Jatri
1530 490 1691 526 Monachi
1718 493 1911 539 catalogus:
1953 494 2143 537 Praepositae:

1245 537 1432 580 Antimensiis
1443 563 1451 572 .
1479 539 1534 575 Ad
1544 552 1613 584 quae
1627 542 1720 577 verba
1733 544 2000 588 scribit-Ioannes
2019 542 2147 580 Goare'⁵

1247 589 1424 632 Antimenfia
1433 615 1444 631 ‚
1471 590 1555 633 quasi
1557 589 1655 635 sacrae
1669 592 1778 637 Mensae
1792 599 1857 627 vice
1866 595 2014 638 affumpta
2025 620 2037 636 ,
2057 593 2132 639 sune

1244 643 1416 673 Graecorum
1442 641 1556 674 Altaria
1579 645 1754 684 portatilia.
1782 647 1895 678 Lintea
1921 651 2061 679 nimirum
2080 648 2133 680 Sa·

1241 696 1301 723 cris
1323 691 1469 733 Reliquiis
1493 693 1596 725 ditata
1610 717 1621 734 ‚
1646 702 1792 737 unguento
1816 706 1929 738 quoque
1950 694 2035 738 sacro
2061 697 2147 729 deli--

1242 739 1315 773 buta
1339 765 1350 780 ,
1391 744 1424 774 (55
1448 743 1600 786 Pontifici-s
1619 743 1816 778 benedictione
1837 746 1881 778 ad
1901 745 2017 789 Missam
2033 750 2066 779 in
2088 752 2133 779 eis

1241 791 1447 825 celebrandam
1475 794 1631 826 dedicata.
1656 793 1865 829 Iconoclastae
1889 807 1956 830 non
1970 796 2075 830 solum
2087 797 2147 830 sa->

1241 851 1310 874 cras
1321 842 1504 887 Imagines,
1531 843 1832 879 sed&Sanstorum
1853 845 2023 890 Reliquias
2050 848 2149 890 sper-⁴

1241 890 1386 932 nebant,
1412 893 1609 936 &fineiplis
1629 902 1743 928 contra
1765 906 1957 940 perpetuum
1981 894 2130 930 Ecciefiae

1239 945 1371 974 morem·
1383 941 1572 976 dedicarunt
1592 944 1683 987 plura
1714 945 1842 980 Altaria
1862 971 1871 978 .
1904 947 1998 980 Hinc
2019 946 2130 981 advet-

1239 989 1311 1024 siim
1336 990 1422 1032 ipsos
1443 991 1554 1026 statuit
1576 993 1708 1036 septima
1727 995 1881 1038 Synodus
1904 1009 1912 1029 ε
1950 998 1980 1029 51
2010 998 2031 1028 a
2046 1005 2130 1038 prae-
2148 995 2227 1036 Cap.
2248 1004 2278 1031 7·

1235 1040 1317 1083 senti
1335 1044 1457 1074 Canone
1468 1046 1611 1074 inventus
1612 1042 1710 1083 fuerit
1721 1045 1884 1088 Episcopus
1896 1045 2003 1089 absque
2015 1045 2128 1090 Lypsa·

1239 1096 1287 1123 nis
1309 1090 1474 1134 consecrare
1490 1093 1661 1133 Templum,
1690 1094 1875 1134 deponatur.
1903 1095 1946 1130 Et
1965 1095 2007 1130 ad
2029 1097 2127 1131 istum

1239 1140 1412 1175 canonem
1436 1141 1546 1175 scribit
1579 1140 1777 1177 Theodorus
1796 1144 1968 1179 Balsamon
1989 1154 2011 1179 .·'
2037 1149 2127 1181 Dixit

1237 1190 1444 1235 quiscumque,
1471 1193 1623 1236 ,Quomodo
1633 1193 1876 1227 Oratoriahodie
1892 1192 1955 1236 fine
1975 1195 2127 1237 Reliquia-

1237 1254 1304 1275 rum
1316 1242 1486 1284 depositione
1497 1241 1726 1285 consecrantur?
1753 1247 1799 1277 Et
1810 1245 1936 1278 audivit
1949 1269 1959 1285 ,
1969 1245 2053 1288 quod
2059 1256 2128 1288 quae

1233 1293 1314 1334 fiunt
1322 1294 1363 1325 ab
1380 1292 1571 1332 Antistitibus
1593 1288 1771 1335 Antimenfia
1791 1305 1822 1329 eo
1841 1303 1988 1337 tempore,
2014 1306 2070 1339 quo
2085 1295 2128 1338 fit

1237 1345 1350 1384 Templi
1369 1341 1539 1386 consecratio
1562 1367 1572 1383 ‚
1599 1346 1749 1377 Oratoriis
1770 1346 1887 1378 tradita
1904 1344 2051 1389 suffiunt
2071 1354 2129 1388 pro

1235 1392 1445 1435 consecrattone
1459 1392 1522 1435 five
1540 1394 1724 1428 dedicatione
1736 1418 1747 1435 ‚
1782 1394 2033 1429 inthronizatione
2044 1420 2055 1437 ,
2081 1406 2129 1428 en-

1235 1450 1360 1485 caeniis‚
1387 1447 1421 1478 Θ
1443 1452 1598 1486 apertione
1621 1468 1629 1477 .
1653 1445 1760 1479 Graeci
1780 1454 1851 1480 non
1871 1445 2044 1490 Capenas,
2071 1444 2126 1479 sed

1237 1494 1318 1527 solas
1330 1494 1501 1534 Bafilicas,
1527 1494 1639 1528 &sola
1650 1492 1766 1530 harum
1789 1495 1918 1530 Altaria
1941 1493 2038 1540 plene
2051 1505 2128 1530 cum

1235 1544 1398 1587 Reliquiis
1410 1547 1622 1586 consecrant,
1650 1543 1788 1588 ideoque
1810 1546 1844 1580 in
1867 1545 1935 1580 istis
1954 1557 2022 1580 non
2048 1545 2129 1580 licet

1233 1594 1298 1626 sine
1322 1593 1530 1627 Antimenfio
1547 1593 1708 1628 celebrare
1731 1619 1738 1626 .
1778 1595 1888 1630 Etiam
1916 1597 1951 1630 in
1974 1595 2129 1641 trigesimi

1234 1643 1352 1684 primi,
1379 1643 1435 1686 qui
1458 1643 1490 1675 in
1504 1642 1634 1686 privatis
1656 1643 1825 1677 nobilium
1848 1644 2023 1679 domorum
2046 1644 2130 1679 Ora·

1234 1692 1327 1724 coriis
1353 1691 1562 1733 Presbyteros
1586 1693 1650 1726 fine
1672 1693 1827 1737 Episcopi
1853 1694 1947 1728 venia
1966 1694 2129 1730 celebrare

1234 1750 1322 1775 vetat
1345 1765 1356 1781 ‚
1394 1740 1547 1774 Trullani
1573 1741 1724 1776 Canonis
1753 1743 1993 1778 commentario
2019 1745 2125 1789 pergit

1232 1789 1333 1824 dictus
1360 1788 1559 1824 Theodorus
1578 1802 1585 1822 ε
1619 1795 1650 1824 Is
1675 1798 1726 1834 qui
1748 1804 1806 1825 non
1825 1792 1862 1833 est
1884 1792 2132 1836 expresseprobi-

1233 1841 1333 1881 bitus,
1363 1843 1488 1874 videtur
1507 1841 1598 1874 tacite
1616 1852 1654 1874 ex
1677 1841 1820 1885 Episcopi
1834 1841 1985 1886 sententia
2007 1841 2058 1876 hoc
2072 1843 2130 1885 fa-

1232 1903 1293 1924 cere
1306 1915 1313 1923 .
1339 1892 1504 1932 Propterea
1513 1896 1592 1924 enim
1605 1916 1615 1932 ,
1642 1901 1674 1925 ut
1689 1892 1728 1932 est
1761 1893 1939 1936 verifimile,
1963 1900 2129 1937 excogitata

1228 1940 1303 1983 sunt
1318 1940 1494 1983 Antimenfia
1505 1965 1515 1981 ,
1541 1942 1574 1975 (35
1582 1941 1663 1983 fiunt
1674 1942 1713 1974 ab
1724 1942 1912 1982 antistitibus
1936 1949 1990 1985 qui
2007 1942 2081 1986 fient
2091 1950 2125 1976 in

1233 1997 1345 2035 regione
1360 2015 1371 2031 ‚
1398 2003 1452 2034 quo
1474 2000 1601 2033 tempore
1615 1991 1741 2032 faciunt
1763 1991 2064 2032 inthronizationem,
2091 2003 2125 2025 ut

1228 2051 1382 2083 ponantur
1391 2040 1587 2085 suprasacras
1600 2039 1722 2085 Mensas
1744 2047 1946 2076 Oratoriorum
1959 2065 1970 2081 ‚
1993 2044 2030 2076 G
2046 2041 2129 2086 suffi-

1231 2098 1313 2124 ciant
1327 2103 1385 2124 non
1392 2091 1485 2134 solum
1505 2101 1561 2133 pro
1580 2097 1641 2132 iis',
1666 2103 1733 2134 quae
1756 2093 1897 2126 Sanblum
1919 2092 2020 2125 altare
2038 2092 2130 2133 perfi-

1231 2148 1334 2182 ciunt,
1356 2140 1415 2184 sed
1437 2143 1471 2174 (θ’
1491 2142 1609 2174 saniiae
1629 2141 1742 2185 Mensae
1763 2143 1878 2176 tabulae
1903 2141 2129 2183 existimantur,

1231 2190 1338 2234 scilicet
1352 2190 1603 2224 inthronizatione
1618 2198 1808 2233 aper-tionum
1833 2194 1868 2226 Θ
1890 2193 2129 2234 dedicationum,

1228 2240 1286 2284 sed
1295 2252 1328 2274 ut
1338 2243 1506 2282 ostendatur
1516 2253 1554 2275 ex
1567 2241 1707 2285 Epifizopi
1718 2242 1968 2286 permiffionefieri
1978 2241 2030 2276 hoc
2037 2241 2130 2285 sacri-

1229 2292 1328 2334 ficium
1344 2317 1350 2324 .
1378 2291 1531 2326 Affirmat
1544 2289 1751 2326 Antimen‘fia
1765 2292 1827 2327 effe
1839 2304 1907 2327 non
1931 2292 2036 2327 solum
2050 2292 2131 2326 vica.

1235 2343 1280 2376 ria
1293 2342 1418 2376 Altaria
1432 2366 1443 2382 ‚
1461 2343 1513 2376 [ed
1533 2343 1661 2386 insuper
1672 2342 1772 2386 plenae
1782 2354 1856 2377 cum
1870 2343 2033 2386 Episcopo
2042 2353 2131 2377 com-

1234 2392 1405 2426 munionis
1434 2392 1582 2435 symbola
1609 2405 1616 2425 =
1655 2392 1712 2427 Ad
1736 2393 1829 2426 illum
1851 2393 1952 2427 ferme
1969 2392 2146 2432 modum,

1236 2453 1333 2486 quem
1343 2442 1548 2477 Melchiades
1569 2444 1602 2477 &
1611 2443 1742 2477 Siricius
1753 2443 1933 2478 Pontifices
1940 2440 2125 2478 adscribunt

1238 2493 1423 2527 transmiffae
1434 2491 1647 2527 Eucharistiae
1661 2495 1823 2527 fermento
1834 2519 1841 2526 .

1289 2543 1403 2576 Aliam
1415 2543 1455 2576 de
1467 2543 1683 2578 Antimenfiis
1694 2544 1902 2585 quaestionem
1911 2540 2064 2586 proponit
2074 2540 2143 2583 Jus-

289 2611 347 2633 non
358 2596 519 2640 consecrato
538 2600 629 2627 <acris
639 2600 753 2636 operari
756 2592 816 2634 fine
829 2591 1003 2632 Antimenst'o
1025 2594 1179 2632 nunqucim
1236 2593 1351 2627 Graeco
1364 2612 1376 2619 -
1391 2593 1582 2627 Romanum
1595 2607 1606 2627 .·
1634 2599 1679 2627 An
1692 2592 1867 2634 Antimenfia
1879 2597 1980 2625 -etiam
2002 2592 2127 2624 valeant

289 2650 443 2691 concessum
454 2645 509 2686 est.
538 2648 677 2689 ,Quonam
689 2648 766 2677 enim
777 2643 861 2675 modo
874 2643 973 2674 Altare
979 2640 1178 2685 sanchficabit
1190 2659 1192 2685 i
1236 2650 1268 2676 in
1281 2645 1349 2676 aliis
1362 2646 1530 2677 Provinciis
1543 2646 1576 2677 (π
1589 2643 1759 2684 Dioecesibus
1768 2667 1779 2682 ,
1805 2653 1847 2674 an
1865 2639 1959 2684 folum
1970 2647 2002 2672 in
2015 2643 2128 2673 Dioece-

291 2702 400 2734 donum
411 2723 421 2738 ,
439 2695 711 2739 fisandlificationis
734 2705 790 2726 non
810 2692 909 2734 fuerit
927 2698 1081 2733 particeps
1096 2693 1107 2724 ?
1135 2693 1164 2722 E
1166 2690 1193 2744 t}
1232 2693 1261 2734 si
1280 2691 1419 2735 Episcopi
1442 2691 1618 2732 Antimenfia
1639 2693 1692 2725 illa
1709 2690 1903 2734 consecrantis
1926 2691 1942 2721 ,ἲ
1964 2689 2010 2723 Et
2031 2690 2128 2733 Joau-

292 2750 439 2785 Sacerdoti
454 2771 465 2787 ‚
493 2752 544 2789 qui
556 2745 606 2780 hoc
616 2742 673 2787 aus
670 2756 704 2777 us
709 2743 805 2785 fuerit
817 2767 827 2783 ,
851 2750 941 2784 poena
954 2748 1012 2775 erit
1023 2740 1160 2783 depositio
1172 2765 1179 2773 .

292 2801 364 2835 Alii
377 2798 481 2832 Graeci
493 2795 608 2831 melius
619 2797 759 2829 asserunt
782 2803 899 2827 vocem
922 2804 991 2826 non
1011 2791 1030 2825 ὲ
1051 2792 1179 2832 minso,

293 2850 347 2885 sed
358 2849 375 2883 ὲ
388 2849 499 2886 mensa
509 2845 645 2881 derivari
655 2870 665 2886 ‚
693 2845 727 2879 &
738 2843 817 2878 hinc
828 2841 1005 2876 Theodori
1019 2841 1181 2875 Balsamo·

294 2902 345 2935 nis
368 2901 528 2942 Interpres
551 2897 652 2940 ipsam
673 2894 756 2928 reiie
775 2893 871 2929 vertit
885 2904 891 2923 :
919 2894 1012 2934 Super
1023 2909 1035 2918 ·
1045 2892 1178 2924 Altaria.

296 2950 450 2993 Sylvestri
461 2946 637 2994 Sgutopuli
650 2943 847 2978 Translator
867 2942 1034 2976 Robertus
1058 2941 1183 2984 Creyg-

298 3000 421 3034 thonus
436 2999 551 3038 vertit:
578 2995 708 3037 instrata
725 2991 888 3036 Mensalia.
917 2992 972 3026 Est
985 3003 1052 3026 vox
1063 2991 1180 3035 partim

299 3050 409 3083 Graeca
419 3074 429 3090 ,
456 3049 572 3093 partim
586 3047 706 3082 Latina
719 3069 729 3086 ,
751 3042 890 3087 ideoque
902 3042 1008 3086 palam
1020 3053 1089 3076 non
1102 3041 1183 3074 anti-

301 3099 447 3140 quiffima
461 3124 477 3136 .,
497 3100 564 3134 Res
574 3107 686 3134 tamen
697 3095 823 3129 videtur
836 3092 1056 3137 antiquiffima
1071 3117 1079 3124 .
1110 3091 1182 3124 Ete-

302 3147 374 3181 nim
385 3148 424 3180 de
436 3149 652 3189 scseinvicem
665 3143 935 3190 impugnantibus
957 3142 1092 3179 Arianis
1112 3140 1183 3175 scri-

301 3195 353 3231 bit
366 3195 407 3229 ad
416 3198 487 3230 suos
499 3191 687 3232 Mon'achos
697 3206 836 3240 magnus
847 3193 981 3229 Bafilius
993 3206 1004 3229 .-
1030 3195 1062 3226 δι’
1079 3190 1183 3226 ortbm

133 3241 220 3283 Epist.
241 3250 287 3279 ⁷3·
301 3247 402 3285 donus
411 3244 445 3282 cll
458 3246 600 3286 Basilides
608 3271 618 3288 ,
644 3247 828 3288 quamobrem
838 3255 900 3278 cum
910 3245 925 3277 ἐ
936 3243 1183 3277 Dardania-redi-

305 3305 398 3336 rem,
416 3294 534 3327 Altaria
547 3296 630 3334 ipsius
639 3295 852 3337 subverterunt
873 3300 905 3327 in
925 3306 994 3338 agro
1016 3296 1184 3337 Gangrena-

306 3356 397 3386 rum.
429 3340 599 3385 mensasque
620 3343 690 3384 suas
722 3344 934 3386 substituerunt
955 3345 971 3378 ἓ,
1005 3343 1066 3378 Per
1092 3341 1184 3376 hasce

307 3396 436 3435 mensas
455 3392 582 3427 videtur
591 3391 732 3424 omnino
752 3394 934 3438 intelligere
953 3393 1122 3440 deportata
1143 3390 1184 3427 ab

310 3444 480 3493 Episcopis
491 3453 544 3490 pet
556 3441 643 3480 viam
655 3440 876 3490 Antimenfiag

1241 2755 1297 2776 nes
1311 2743 1421 2777 Cithri
1435 2743 1612 2784 Episcopus
1624 2742 1733 2775 denuo
1749 2738 1918 2783 respondet
1941 2740 2044 2774 valere
2063 2739 2133 2774 ubi·‘

1238 2805 1317 2835 que,
1336 2789 1676 2834 ficut&ipsumsacrum
1698 2795 1884 2834 Unguentum
1897 2814 1908 2830 ‚
1934 2791 1968 2824 Ca·
1991 2789 2053 2822 alia
2075 2791 2128 2822 Sa-

1238 2854 1311 2880 cra,
1334 2847 1473 2882 quamvis
1485 2852 1542 2874 uno
1563 2847 1596 2873 in
1616 2843 1672 2874 loco
1688 2839 1896 2884 sanclificata‚
1917 2838 2009 2883 s‘emel
2021 2847 2124 2872 tamen

1235 2890 1497 2935 sanc‘lificationem
1508 2892 1620 2932 adepta
1634 2916 1644 2931 ‚
1671 2891 1777 2933 ubique
1788 2902 1855 2924 eam
1866 2897 1994 2923 retinent
2001 2890 2036 2922 6*
2045 2886 2124 2930 exse-

1240 2951 1312 2974 runt
1335 2965 1342 2972 .
1371 2941 1415 2974 Et
1437 2941 1569 2974 sanetus
1591 2941 1801 2985 Nicephorus
1823 2937 2007 2974 partriarcha
2033 2938 2124 2970 Con-

1242 2991 1570 3034 stantinopolitanus:
1600 2990 1798 3033 Antimenfia,
1822 2990 1990 3031 ubicumque
2007 2993 2049 3020 eis
2055 2986 2126 3028 fue-

1242 3046 1282 3074 rit
1318 3049 1389 3083 opus
1415 3066 1426 3082 ,
1463 3047 1624 3075 mittuntur
1645 3068 1653 3076 .
1692 3047 1759 3075 Nec
1779 3041 1834 3074 bac
1855 3041 1907 3076 vel
1925 3039 1979 3071 illa
2012 3043 2126 3080 regione

1242 3090 1537 3134 circumscribuntur,
1559 3092 1658 3136 sedin
1684 3094 1776 3125 aliam
1800 3100 1911 3132 quoque
1937 3091 2127 3121 Provinciam

1243 3141 1491 3184 transferuntur,
1512 3142 1586 3184 ficut
1606 3146 1640 3177 (⁴5
1674 3142 1792 3185 sacrum
1828 3144 2014 3182 Unguentum
2038 3163 2044 3170 .
2083 3137 2128 3170 Et

1246 3191 1325 3226 hinc
1347 3192 1464 3227 Ariani
1488 3193 1538 3226 illi
1557 3205 1597 3227 ex
1613 3191 1779 3227 Dardania
1800 3199 1855 3232 per
1868 3188 2126 3233 Paphlagoniam

1246 3244 1280 3276 in
1302 3244 1391 3276 suam
1414 3243 1600 3287 Regionem
1636 3242 1805 3277 redeuntes
1840 3239 1994 3282 Episcopi
2029 3237 2128 3272 etiam

1247 3292 1346 3337 prope
1377 3295 1526 3337 Gangras
1555 3295 1687 3327 fuerunt
1722 3288 1767 3323 ufi
1791 3290 1854 3323 suis
1885 3285 2100 3323 Antimenfiis
2119 3310 2126 3315 -

1247 3344 1337 3386 Ipsos
1360 3354 1426 3376 non
1453 3344 1545 3377 fuiffe
1567 3339 1797 3385 Paphlagones
1833 3338 1941 3374 lucide
1973 3335 2127 3378 supponit

1248 3405 1387 3438 magnus
1409 3392 1564 3426 Basilius.
1587 3393 1632 3425 Et
1657 3401 1724 3423 non
1747 3389 1837 3431 quod
1848 3384 2127 3431 iplisufi-fixerint,

1249 3444 1300 3479 sed
1312 3444 1481 3481 dumtaxat
1488 3441 1574 3487 quod
1586 3443 1621 3477 in
1633 3440 1747 3476 alienis
1755 3435 1924 3475 ParochiIs
1933 3434 2070 3518 Astapa)
2071 3433 2129 3468 fibi

2029 3496 2046 3518 u
2074 3502 2083 3508 ⁸
