2352 3736
356 148 450 206 382

275 229 343 265 deri
365 229 537 276 negative.
566 228 610 259 Et
641 225 741 260 reae.
769 223 872 272 Qod
895 226 984 258 enim
1005 224 1167 267 quotidia-

215 284 220 288 '
276 293 319 316 na
341 281 451 325 populi
476 277 683 310 Communio
705 277 877 318 nunquam,
898 284 1050 317 praccepta
1075 299 1086 316 ,
1113 275 1166 319 sed

106 554 178 592 Cap.
196 562 222 583 2.

276 332 400 374 semper
422 327 528 361 libera
551 326 670 367 fuerit,
698 326 782 359 lucet
804 336 843 358 ex
856 324 957 368 priori
982 322 1167 367 SanstiA'u-

278 378 398 426 gustini
420 376 461 410 ad
485 371 674 421 Ianuarium
688 375 834 423 Epistola
848 399 858 414 ,
885 375 918 409 δε
942 373 1088 417 pluribus
1098 368 1171 509 als:k

277 430 411 463 Patrum
433 428 467 461 &
493 428 669 462 Canonum
692 424 911 459 testimoniis.
938 424 1019 470 Qae
1042 424 1122 460 liber
1137 437 1170 459 as

276 480 359 514 olim
381 478 446 513 fuit
467 479 567 513 etiam
588 478 621 510 in
645 476 780 520 publico
793 475 969 509 sacrificio.
996 473 1070 509 Nec
1080 475 1124 510 ob

276 528 332 563 hic
357 527 590 563 Antiochenus
618 527 738 560 Canon
766 538 773 557 :
801 530 911 559 Omnes
927 531 980 569 qut
1002 523 1172 570 ingredtun-

277 589 328 614 tur
352 577 506 620 Ecclefiam
531 603 542 619 ,
570 579 604 610 (9
622 579 790 619 Scripturas
811 575 919 619 sacras
949 577 1097 616 audiunt,
1123 586 1173 609 nec

278 636 495 663 communicant
518 633 550 660 in
571 634 701 660 oratione
719 635 776 670 pro
793 627 926 670 populo,
948 624 1008 669 sed
1018 635 1080 670 *pro
1102 635 1174 669 qua-

279 681 352 713 dam
370 684 607 722 intemperantia
614 677 647 722 se
658 680 678 710 ἰι
689 682 876 719 perceptione
895 675 1013 710 saneta
1038 680 1174 710 Commu·

280 734 377 764 nionis
390 739 538 764 avertunt
553 754 563 770 ‚
591 735 612 761 ιἰ·
624 731 661 761 de
672 725 797 769 Ecclefia
816 729 1048 767 removeantur-3
1073 737 1174 769 quam-

279 781 333 814 diu
350 788 407 823 per
427 779 622 822 confeffionem
653 784 841 821 poenttentiae
853 776 975 819 frullus
996 777 1150 818 ostendant
1163 801 1175 818 ‚

280 831 316 865 ὀ·
322 830 461 873 precibus
475 832 692 874 indulgentiam
703 826 935 871 consequantur.
966 827 1100 862 Etenim
1117 828 1175 862 do-

280 880 369 915 losus
391 881 436 915 est
461 881 520 915 iste
544 881 688 918 Canon,
714 878 747 912 ἀ
771 877 918 911 Arianus
934 901 942 909 .
970 877 1043 912 Nec
1064 877 1175 913 adver-

281 930 354 966 sum
371 928 581 980 Euciiaristiae
606 929 781 963 abstemios
801 926 868 971 agit
887 951 898 967 ,
925 926 979 960 sed
1003 926 1174 963 adversum

281 981 482 1017 abstinentes
502 980 543 1014 ab
564 979 753 1014 orationum
777 975 1015 1011 communione
1038 1001 1049 1018 ,
1076 979 1111 1012 δ(
1128 979 1177 1012 s0.

282 1032 353 1067 lum
377 1056 388 1074 ,
415 1022 469 1070 cili
490 1033 589 1065 etiam
615 1029 742 1073 Pagani
766 1038 804 1062 ac
826 1027 927 1071 Judaei
955 1027 1060 1062 adeffe
1086 1038 1177 1071 pote-

281 1093 379 1123 rant,
406 1081 560 1125 Episcopi
584 1088 639 1113 aut
651 1078 834 1122 Presbyteri
849 1080 1031 1112 sermonem
1045 1078 1177 1112 audien-

240 1146 244 1150 ·
281 1133 351 1175 tes'.
378 1131 533 1166 Plurimis
549 1141 627 1164 tunc
651 1140 704 1173 per
717 1130 891 1165 Orientem
907 1128 1058 1162 Ecclefiis
1073 1154 1083 1170 ,
1104 1139 1177 1172 qua-

281 1194 356 1218 rum
380 1180 599 1218 orthodoxos
623 1179 803 1223 Episcopos
825 1179 1002 1222 Imperator
1014 1179 1177 1214 Constan—

281 1235 350 1268 tius
361 1233 497 1276 ejecerat
511 1257 522 1273 ,
549 1230 755 1275 praesidebant
769 1228 908 1270 Ariani,
933 1229 1041 1273 eisque
1053 1228 1175 1264 Ortho-

282 1283 392 1320 doxus
415 1282 561 1327 Populus
587 1307 598 1322 ‚
625 1280 786 1325 quidquid
811 1279 966 1323 Princeps
988 1274 1177 1313 severissime

282 1344 418 1378 cogeret
438 1358 449 1375 ,
485 1331 619 1366 nolebat
655 1331 927 1364 communicare.
961 1330 1106 1364 Discreta
1136 1330 1177 1363 ab

285 1384 354 1419 istis
373 1383 569 1418 communio
594 1381 750 1425 plurimos
765 1380 860 1415 nobis
874 1392 928 1424 per
939 1379 1100 1415 horrenda
1112 1390 1176 1413 tor·

284 1446 395 1469 menta
425 1433 549 1478 peperit
571 1432 782 1466 Consessores
805 1432 838 1465 ὃ(
858 1430 1042 1474 Martyres.
1081 1431 1175 1464 Hinc

284 1482 569 1519 circumducendae
595 1482 729 1526 poenalis
747 1482 828 1525 legis
858 1481 967 1515 studio
1001 1480 1101 1524 aliqui
1129 1481 1175 1514 in—

279 1534 416 1570 trabant
440 1534 590 1568 Basilicas
605 1557 615 1573 ‚
636 1531 813 1566 audiebant
837 1531 990 1573 Episcopi
1012 1542 1067 1563 aut
1091 1531 1176 1563 Pres-

283 1584 393 1628 byteri
415 1586 599 1618 sermonem
625 1583 659 1616 &
681 1580 995 1615 catechumenorum
1019 1580 1175 1620 Missam,

284 1635 321 1672 ἇ
342 1646 423 1669 tunc
444 1633 579 1669 exibant
593 1657 603 1673 ,
627 1630 780 1665 maculosi
801 1629 964 1672 Praepofiti
991 1630 1176 1662 orationem

281 1686 339 1720 seu
365 1683 557 1721 sacrificium
580 1682 762 1714 aversantes
776 1702 783 1710 .
815 1680 869 1711 Sic
894 1677 1176 1718 sperabant&ser·

282 1747 359 1768 vare
378 1735 523 1767 animam
537 1755 547 1771 ,
571 1731 605 1763 &
631 1730 710 1772 legis
731 1737 860 1770 poenam
870 1725 1026 1760 evadere.
1050 1723 1176 1758 Verum

285 1786 349 1819 ista
372 1781 526 1828 synodus
548 1779 710 1814 intellexit
728 1787 830 1812 artem
845 1801 855 1817 ‚
878 1778 911 1810 &
924 1776 1073 1811 adversus
1087 1774 1177 1809 illam

284 1835 389 1870 emisit
401 1834 524 1868 dietum
538 1831 711 1864 Canonem
727 1852 733 1859 .
759 1829 839 1861 Non
852 1838 908 1860 eos
920 1851 930 1866 ,
950 1827 1005 1870 qui
1018 1827 1052 1860 δε
1066 1827 1177 1860 sermo·

283 1887 321 1920 ni
343 1886 376 1919 ὃς
399 1881 542 1917 orationi
568 1881 621 1914 seu
650 1878 829 1917 sacrificio,
862 1877 916 1911 sed
938 1875 1072 1910 damnat
1093 1876 1178 1910 solos

283 1935 385 1975 illos,
409 1934 465 1978 qui
489 1942 548 1966 nec
570 1929 716 1963 orationi
743 1928 899 1962 volebant
912 1926 1177 1961 communicare.

282 1986 362 2021 Sola
383 1983 546 2019 orationis
566 1979 806 2013 communione
817 1978 883 2011 fuit
905 1988 1085 2012 contenta.
1106 1978 1178 2012 Ho-

284 2037 337 2070 sce
350 2033 650 2069 communicatores
665 2041 725 2063 nec
736 2031 800 2072 ipsa
814 2029 976 2073 compulit
989 2028 1028 2063 ad
1053 2027 1179 2062 Eucha-

284 2086 379 2120 ristiae
401 2083 661 2128 perceptionem.
691 2081 735 2114 Et
757 2093 797 2114 ex
817 2078 882 2113 hoc
905 2091 1033 2113 canone
1055 2079 1181 2113 desum-

285 2148 360 2181 ptus
383 2137 427 2169 est
454 2132 626 2168 manifeste
647 2141 754 2164 nonus
780 2131 864 2164 inter
879 2130 1028 2174 vulgares
1040 2130 1180 2173 Aposto-

284 2189 390 2227 licos,
420 2185 475 2227 qui
491 2183 582 2217 addit
593 2182 632 2216 de
646 2183 731 2215 factae
752 2180 938 2221 oblationi,
967 2182 1019 2214 seu
1037 2180 1179 2214 orationi

285 2232 633 2273 communicantibus,
658 2231 771 2266 &non
786 2230 1040 2275 percipientibus
1058 2229 1181 2265 Eucha-

284 2286 430 2323 ristiam:
459 2282 647 2327 Autcausam
658 2284 764 2322 dicat,
791 2291 824 2315 ut
831 2281 858 2323 fi
866 2282 1053 2315 rationabilis
1057 2281 1177 2321 fuerit,

287 2343 412 2372 veniam
421 2333 632 2378 consequatur;
659 2342 711 2366 aut
719 2332 750 2374 fi
764 2343 821 2365 non
848 2333 982 2373 dixerit,
1008 2336 1181 2364 communio-

286 2396 325 2422 'ne
328 2394 470 2431 privetur
485 2410 495 2426 ,
522 2395 669 2427 tanquam
684 2389 735 2426 qui
743 2384 850 2425 populo
861 2381 949 2425 causa
959 2382 1081 2423 laefionis
1100 2381 1184 2422 exsti-

287 2446 359 2472 terit
374 2464 384 2479 ,
412 2439 491 2470 dans
499 2434 693 2478 suspicionem
704 2434 743 2466 de
754 2445 804 2474 eo,
834 2431 1189 2476 quisacrt'ficavit,quod

288 2500 347 2522 non
365 2488 444 2521 rec‘le
471 2486 623 2520 obtulerit.
651 2482 776 2517 Verum
799 2484 840 2517 de
861 2484 938 2517 solis
964 2483 1132 2527 Episcopis
1152 2482 1186 2516 δε

286 2538 362 2573 aliis
380 2537 517 2571 Clericis
540 2535 687 2578 loquitur
709 2559 719 2575 ‚
759 2533 900 2577 ideoque
921 2534 955 2567 &
979 2534 1098 2567 Laicos
1122 2532 1187 2576 ipse

288 2600 360 2623 non
374 2586 548 2628 adstringit
563 2604 579 2616 s
597 2583 702 2618 Porro
715 2594 822 2617 canon
837 2607 847 2622 ,
873 2583 931 2625 qui
956 2595 1024 2616 non
1037 2593 1181 2615 commu-

284 2638 440 2673 'nicantes
451 2633 664 2677 arcetapacis
676 2633 812 2672 osculo,
842 2644 909 2666 non
932 2632 973 2666 de
995 2631 1182 2675 spontaneis

285 2686 501 2723 'Eucharistiae
512 2683 675 2718 abstemiis
702 2683 867 2726 loquitur,
884 2680 947 2716 rsed
968 2681 1009 2716 de
1029 2681 1183 2716 abstentis

290 2729 328 2774 δέ
349 2737 500 2773 exclusis.
527 2732 678 2781 Qidam
701 2732 887 2766 existimant
910 2732 1006 2765 illum
1027 2743 1121 2777 agere
1143 2730 1184 2766 de

291 2789 369 2824 solis
389 2783 684 2822 excommunicatis
706 2808 714 2816 .
743 2781 835 2816 Male
855 2808 862 2815 .
902 2782 1036 2816 Etenim
1057 2781 1185 2816 nullum

292 2838 617 2874 excommunicatum
638 2858 648 2874 ,
677 2833 804 2867 nullum
831 2832 982 2867 Flentem
1007 2858 1018 2874 ,
1056 2832 1184 2866 nullum

292 2889 497 2924 substratum
508 2885 641 2928 antiqua
662 2883 834 2927 disciplina
855 2882 981 2916 admifit
1004 2882 1044 2916 ad
1066 2885 1187 2917 oratio-

295 2951 391 2979 nem,
419 2940 473 2972 seu
484 2935 639 2971 Sacrificii
663 2933 968 2971 consecrationem,
993 2932 1045 2966 sed
1070 2943 1186 2966 omnes

295 2988 475 3032 expellebat
488 2984 803 3025 anteOffertorium.
831 2983 951 3017 Canon
974 2993 1052 3027 ergo
1075 2982 1186 3016 statuit

295 3039 331 3071 in
353 3049 500 3083 quartam
525 3035 726 3081 poenitentiae
751 3033 880 3068 classem
901 3057 912 3073 ‚
940 3031 1185 3072 Confistentes‚

300 3088 356 3130 qui
378 3087 550 3123 tremenda:
571 3085 715 3119 orationi
747 3083 992 3117 communicare
1015 3092 1184 3126 poterant,

299 3136 412 3171 verum
441 3150 506 3171 non
535 3136 697 3179 percipere
725 3135 824 3178 ipsam
845 3145 904 3167 nec
926 3133 1040 3167 offerre
1060 3133 1100 3167 ad
1130 3133 1190 3167 Al-

300 3194 369 3220 tare
382 3209 393 3226 ‚
413 3188 465 3219 seu
486 3187 730 3220 communicare
751 3196 826 3219 cum
850 3182 1037 3217 oblatione.
1077 3183 1183 3217 Etiam

297 3235 444 3278 ipsorum
470 3247 588 3269 nomen
614 3235 723 3269 offerri
749 3246 817 3269 non
839 3244 965 3278 poterat
987 3259 998 3274 ,
1036 3235 1087 3267 seu
1110 3233 1186 3267 reci·

302 3285 370 3319 tari>
384 3283 424 3317 ad
446 3283 662 3318 Sacrificium.
685 3285 732 3318 Hi
761 3284 896 3328 proinde
922 3282 1074 3317 carebant
1097 3283 1185 3326 &iu-

303 3347 338 3369 re
361 3333 462 3367 osculi
486 3355 495 3363 .
528 3330 604 3362 Erat
626 3333 672 3372 jus
689 3335 834 3371 ,solorum
857 3334 1073 3368 Perfectorum
1095 3358 1103 3365 .
1142 3333 1185 3367 Et

304 3383 339 3418 hi
352 3409 362 3425 ‚
384 3383 458 3418 licet
479 3393 521 3415 ex
543 3380 640 3414 causis
660 3379 699 3412 de
728 3384 896 3417 Sacrificio
914 3384 1104 3426 participare
1118 3382 1197 3417 nol-·

304 3435 373 3471 lent
386 3457 398 3478 ‚
422 3430 582 3469 debebant
594 3439 702 3464 tamen
718 3428 818 3474 ipsum
838 3433 1050 3476 comprobare
1073 3434 1107 3468 δι
1126 3433 1195 3470 ob·>

1230 2623 1235 2805 l

885 141 1530 191 DlsserArxo

1229 227 1367 271 signare.
1407 226 1453 260 Et
1484 226 1563 263 hine
1587 231 2011 276 memoratosyspontaneos
2038 235 2115 281 jeju-

1231 287 1357 311 natores
1381 288 1450 311 non
1470 276 1511 311 de
1550 279 1756 315 Eucharistiae
1795 277 1993 319 abstinentia
2015 310 2026 327 ‚
2060 286 2115 321 sed

1228 326 1402 361 dumtaxat
1428 327 1468 361 de
1493 329 1612 365 omisso
1638 331 1751 366 osculo
1777 330 1859 365 reste
1896 333 2004 377 arguit
2037 335 2117 370 Ter-

1232 376 1407 411 tullianus.

1280 424 1392 460 Altera
1417 428 1548 473 quaestio
1570 430 1637 472 est,
1665 429 1722 467 An
1742 432 1848 475 plures
1870 432 1952 467 olim
1964 431 2059 474 Afri,
2081 445 2119 469 ac

1230 477 1297 520 ipse
1316 476 1416 511 etiam
1438 479 1667 516 Tertullianus
1689 483 1885 517 crediderint
1897 494 1951 526 per
1960 484 2121 527 sumptam

1232 526 1473 563 Eucharistiam
1499 531 1616 565 violari
1639 532 1799 575 jejunium
1823 533 1836 566 ?
1874 533 2005 568 Partem
2041 535 2122 568 affir-

1231 578 1385 613 mativam
1398 577 1532 614 suadent
1545 580 1613 616 haec
1623 581 1719 626 hujus
1743 584 1779 616 in
1802 583 1887 617 libro
1907 584 1949 618 de
1969 585 2120 619 oratione

1233 628 1331 681 verba
1355 641 1366 663 .-
1396 631 1416 662 5
1419 631 1538 664 imiliter
1562 633 1596 665 Θ
1618 635 1785 667 stationum
1806 634 1908 667 dicbus
1930 646 1987 667 non
2008 643 2121 676 putant

1231 680 1360 721 plerique
1380 681 1560 726 orationibus
1576 685 1833 718 interveniendum
1845 708 1855 725 ‚
1879 686 1958 727 quod
1968 683 2122 727 statiosol-

1233 729 1332 763 venda
1335 728 1375 772 fit
1386 739 1500 773 accepto
1512 740 1628 773 corpore
1641 736 1763 766 Domini
1773 759 1780 767 .
1802 737 1884 778 Ergo
1895 736 2038 768 devotum
2058 737 2122 769 Deo

1233 775 1399 823 obsequium
1410 780 1600 825 Eucharistiae
1621 782 1767 826 resolvit?
1787 788 1833 817 An
1855 792 1951 829 magis
1975 788 2033 819 Deo
2053 785 2123 818 obli-

1229 831 1308 873 gat?
1330 834 1403 864 Non
1409 829 1561 875 solemnior
1571 839 1629 867 erlt
1640 834 1807 876 mastatio,
1822 834 1891 877 fi&
1903 836 1947 867 ad
1954 848 2040 868 aram
2066 839 2121 869 Dei

1228 878 1373 918 steteris?
1394 885 1513 924 Accepto
1527 891 1640 925 corpore
1655 887 1773 918 Domini
1785 887 1819 919 (¹7
1840 883 1991 927 reservato
2009 894 2122 918 utrum-

1234 939 1289 972 que
1292 926 1416 973 salvum
1429 937 1506 971 erit,
1528 934 1767 976 &participatio
1786 935 1927 976 sacrificti
1939 960 1949 975 ‚
1971 937 2006 970 (ν
2025 946 2127 969 execu-

1235 985 1276 1012 tio
1299 979 1380 1022 officii
1402 1004 1408 1011 .
1442 981 1540 1014 Istam
1563 983 1754 1018 sententiam
1772 984 1828 1019 ille
1847 983 1980 1028 quidem
2007 986 2128 1029 impro-

1236 1029 1310 1067 bat,
1338 1039 1481 1064 attamen
1506 1041 1573 1064 non
1596 1031 1732 1067 damnat
1752 1046 1760 1067 ε
1799 1034 1952 1069 Affirmat
1972 1034 2127 1070 stationa'-

1235 1081 1317 1114 riam
1341 1077 1579 1115 Eucharistiam
1603 1083 1691 1126 posse
1711 1083 1816 1127 accipi
1837 1107 1848 1123 ,
1884 1095 1922 1118 ac
1941 1086 2020 1120 citra
2042 1085 2125 1120 sum-

1237 1129 1386 1175 ptionem
1405 1130 1575 1165 reservari.
1603 1132 1716 1181 Qam
1728 1133 1867 1168 formam
1880 1135 2016 1178 viguisse
2025 1136 2125 1171 etiam

1238 1181 1271 1213 in
1285 1179 1448 1223 Hispania
1465 1181 1665 1216 demonstrat
1685 1183 2001 1228 Caesar-Augustana
2021 1185 2138 1226 synoa

1236 1229 1318 1264 dus.-
1344 1230 1542 1271 Eucharistiae
1547 1239 1682 1276 gratiam
1688 1233 1721 1275 fi
1725 1239 1792 1276 quis
1811 1233 1956 1276 probatur
1975 1242 2128 1276 acceptam

1236 1287 1268 1313 in
1280 1280 1401 1323 Ecclesia
1411 1293 1468 1314 non
1476 1280 1619 1325 sumpfisse
1634 1307 1646 1324 ‚
1667 1283 1878 1326 Anatbemafit
1888 1289 2104 1327 inperpetuum
2116 1309 2125 1318 .

1238 1331 1366 1366 Lumen
1381 1332 1500 1366 hauriri
1511 1332 1607 1367 debet
1620 1344 1663 1367 ex
1678 1335 1869 1378 praecedenti
1888 1346 2016 1370 canone
2028 1348 2039 1368 .·
2073 1339 2126 1370 Ne

1237 1383 1427 1424 quisjeJ'unet
1435 1383 1485 1416 die
1498 1386 1654 1417 Dominica
1666 1407 1677 1425 ,
1702 1383 1791 1428 causa
1809 1389 1949 1427 temporis
1960 1409 1971 1426 ,
1996 1394 2050 1418 aut
2058 1393 2127 1427 per-

1233 1431 1374 1474 suafioms
1388 1456 1397 1471 ,
1420 1443 1474 1465 aut
1477 1431 1691 1476 superstitionis
1707 1460 1715 1468 .
1739 1439 1805 1468 Nec
1814 1433 2057 1480 ,Quadragefimae
2065 1436 2132 1470 die-⁴

1237 1481 1290 1515 bur
1309 1482 1348 1514 ab
1362 1481 1484 1524 Ecclefia
1492 1483 1601 1525 fideles
1613 1484 1705 1526 defint
1716 1509 1724 1518 .
1751 1490 1819 1520 Nec
1826 1485 1962 1519 habitent
1974 1491 2008 1519 in
2017 1485 2127 1520 latibu-

1236 1533 1275 1565 It's
1289 1532 1481 1566 cubiculorum
1491 1542 1544 1567 aut
1555 1542 1700 1569 montium
1709 1561 1720 1577 ‚
1749 1541 1844 1579 quiin
1854 1535 1902 1569 bis
1908 1534 2126 1579 suspicionibus

1234 1579 1447 1623 perseverant.
1473 1584 1534 1614 Sed
1543 1587 1711 1625 exemplum
1721 1588 1756 1619 ὢ·
1762 1595 1949 1628 praeceptum
1964 1585 2127 1628 custodiant

1236 1632 1443 1671 sacerdotum,
1470 1633 1505 1664 Gr
1522 1632 1568 1663 ad
1586 1633 1666 1666 allas
1689 1634 1782 1667 villas
1806 1638 1985 1678 agendorum
2004 1647 2130 1670 conven-

1237 1688 1321 1710 tuum
1331 1677 1418 1720 causa
1429 1690 1486 1711 non
1496 1688 1708 1723 conveniantss
1722 1684 1917 1719 statuuntur
1928 1683 1996 1719 haec
2015 1685 2128 1720 adver-

1238 1727 1309 1760 sum
1331 1726 1590 1762 priscillianistas
1611 1754 1622 1769 ,
1659 1731 1717 1772 qui
1737 1731 1806 1766 dies
1833 1734 2032 1768 Dominicos
2051 1758 2064 1775 ,
2087 1745 2128 1769 ac

1238 1776 1381 1810 Domini
1393 1803 1402 1817 ‚
1431 1788 1530 1821 quem
1542 1779 1613 1813 vere
1625 1780 1834 1823 Jncarnatum
1846 1782 2010 1828 negabant
2020 1808 2030 1825 ‚
2054 1795 2128 1827 prz-

1239 1827 1349 1870 cipuas
1361 1827 1548 1862 festivitates
1557 1830 1698 1874 agebant
1709 1830 1744 1865 in
1756 1831 1885 1868 tristitia
1896 1856 1907 1873 ‚
1917 1833 2127 1877 jejunabant,

1242 1877 1383 1919 ideoque
1395 1889 1455 1911 nec
1467 1881 1760 1917 communicabant
1769 1908 1776 1915 .
1807 1883 1851 1918 Et
1861 1882 1928 1928 quo
1939 1885 2056 1919 erroris
2065 1884 2130 1918 sus·

1241 1927 1406 1971 picionem
1416 1928 1589 1964 evaderent
1601 1954 1611 1970 ,
1634 1931 1651 1965 a
1663 1932 1836 1968 Sacerdote
1846 1934 2049 1977 accipiebant
2062 1934 2125 1968 Eu-

1239 1975 1423 2013 charistiam
1435 2004 1446 2021 ,
1474 1979 1527 2013 sed
1536 1981 1759 2017 reservabant.
1788 1983 1892 2032 Qod
1905 1983 2021 2028 nempe
2041 1995 2122 2018 tunc

1243 2030 1366 2075 vigeret
1380 2028 1439 2065 ista
1452 2028 1601 2065 libertas.
1631 2033 1722 2081 Qas
1734 2033 1870 2067 latebras
1879 2033 2048 2069 utdolosae
2066 2033 2125 2068 hae-

1239 2079 1295 2116 resi
1309 2082 1447 2116 auferret
1458 2083 1611 2125 synodus
1623 2107 1633 2123 ‚
1660 2083 1782 2117 avitam
1795 2083 1976 2119 libertatem
1987 2084 2127 2118 circum-

1240 2132 1337 2166 duxit
1350 2156 1357 2163 .
1384 2131 1466 2166 Non
1482 2132 1541 2166 soli
1559 2133 1660 2177 igitur
1669 2133 1920 2169 Priscillianissae
1930 2159 1940 2174 ‚
1953 2134 2005 2169 sed
2015 2134 2050 2167 δε
2063 2133 2127 2168 avi-

1239 2193 1270 2217 ta
1283 2180 1477 2228 orthodoxae
1487 2182 1654 2226 Hispaniae
1665 2183 1795 2218 libertas
1803 2183 2127 2220 omninocredebant

1239 2234 1256 2266 a
1270 2234 1396 2275 sumpta
1411 2230 1612 2268 Eucharistia
1624 2232 1694 2268 laedi
1715 2234 1751 2270 &
1772 2235 1853 2268 solvi
1875 2234 2034 2278 jejunium
2048 2260 2055 2267 .
2083 2235 2128 2268 Et

1240 2283 1337 2316 istum
1351 2282 1624 2328 Caesar-Augusta
1645 2292 1809 2319 canonem
1832 2284 1973 2325 firmavit
1987 2300 2001 2326 ,’
2023 2286 2058 2320 &
2075 2285 2128 2326 ad·

1242 2332 1368 2367 versum
1395 2344 1500 2367 novos
1519 2333 1615 2368 dolos
1636 2335 1806 2379 ampliavit
1839 2337 1942 2380 prima
1975 2335 2130 2379 Synodus

1244 2433 1337 2467 nullo
1349 2433 1452 2467 modo
1476 2434 1679 2478 proscribunt
1703 2437 1752 2470 isti
1778 2446 1940 2478 canones,
1966 2436 2022 2471 sed
2047 2434 2130 2471 solas

1244 2484 1310 2528 jam
1323 2483 1424 2517 dietas
1437 2483 1632 2520 priscilliani
1643 2484 1808 2521 haereticas
1822 2487 1967 2521 fallacias
1985 2512 1992 2520 .

1296 2533 1427 2567 Partem
1440 2533 1615 2579 negantem
1629 2536 1816 2571 constanter
1829 2546 1937 2572 tuetur
1957 2536 1992 2570 δε
2013 2536 2048 2569 in
2069 2532 2130 2578 pri·

1245 2596 1302 2618 mo
1338 2585 1546 2628 antiquarum
1580 2586 1845 2622 observationum
1880 2586 1964 2620 libro
1985 2608 1996 2624 ,
2021 2585 2055 2619 &
2093 2584 2129 2619 in

1246 2633 1389 2670 Scholiis
1413 2635 1453 2669 ad
1479 2634 1597 2671 librum
1607 2636 1649 2671 de
1660 2637 1813 2671 oratione
1823 2634 1968 2669 eruditus
1981 2633 2130 2668 Aurelia-

1246 2685 1393 2718 nensium
1409 2684 1588 2730 Episcopus
1599 2685 1733 2720 Gabriel
1756 2683 1995 2727 Albaspinaeus.
2022 2683 2128 2731 Qdd

1247 2733 1477 2768 Tertullianus
1512 2735 1700 2778 popularem
1722 2758 1733 2774 ,
1759 2732 1965 2779 quimodica
1983 2733 2131 2768 transub-

1247 2784 1391 2818 stantiati
1412 2783 1564 2817 elementi
1589 2785 1746 2827 particula
1767 2782 1919 2817 censebat
1955 2783 2062 2828 frangi
2087 2783 2131 2828 Je-

1244 2834 1371 2876 junium
1384 2857 1395 2872 ,
1417 2844 1556 2868 errorem
1569 2834 1739 2867 admififfet
1749 2843 1804 2867 aut
1815 2833 2037 2868 diffimulaffet
2048 2856 2060 2873 ,
2084 2834 2130 2868 vi-

1244 2883 1337 2916 detur
1359 2882 1408 2916 illi
1439 2884 1659 2926 paradoxum.
1688 2884 1801 2930 Qare
1824 2883 1974 2918 stationis
1997 2883 2130 2917 solutio·

1246 2944 1321 2967 nem
1344 2932 1398 2966 hic
1420 2935 1481 2967 effe
1505 2934 1594 2973 vult,
1622 2944 1691 2968 non
1715 2934 2011 2978 praevaricationem
2032 2957 2044 2974 ‚
2076 2931 2129 2966 sed

1245 2984 1344 3017 finem
1371 2984 1405 3017 δε
1441 2982 1665 3018 dissolutivum
1703 2985 1982 3028 complementum
2001 3007 2008 3015 .
2045 2981 2130 3016 Vult

1245 3033 1402 3076 quosdam
1416 3035 1595 3074 censuisse,
1622 3031 1710 3078 quod
1724 3034 1793 3078 post
1814 3043 1980 3078 acceptam
2004 3032 2131 3066 Eucha-

1247 3146 1305 3168 nec
1326 3134 1552 3169 continuanda
1575 3134 1800 3169 Ecclefiastica
1822 3134 1940 3173 statio,
1967 3131 2019 3167 sed
2041 3131 2132 3177 quod

1245 3193 1322 3218 tunc
1333 3185 1572 3228 cuiqueliceret
1596 3183 1637 3218 ad
1659 3185 1713 3218 sua
1733 3184 1855 3219 redire.
1886 3183 1972 3217 Vult
1994 3182 2063 3226 post
2084 3193 2133 3217 ac-

1245 3245 1372 3278 ceptam
1392 3233 1631 3269 Eucharistiam
1668 3234 1812 3269 mansisse
1836 3233 2000 3267 faciendas
2023 3232 2132 3266 nescio

1246 3296 1323 3327 quas
1348 3285 1513 3330 longiores
1533 3285 1715 3318 orationes:
1742 3283 1776 3316 ὅς
1800 3282 1839 3317 ad
1853 3281 1909 3317 has
1932 3283 1950 3317 ὲ
1973 3281 2130 3325 Septimio

1244 3336 1350 3379 urgeri
1375 3335 1553 3378 populum.
1581 3334 1714 3367 Textus
1734 3332 2032 3376 interpunctionem
2051 3330 2132 3363 affir-

1245 3395 1311 3418 mat
1323 3385 1470 3419 vitiatam
1485 3409 1496 3425 ,
1521 3385 1554 3418 ὅ(
1577 3383 1780 3417 formandam
1804 3382 1869 3418 hoc
1888 3380 1989 3415 modo
2012 3392 2019 3411 :
2046 3383 2132 3411 Non-

1246 3447 1281 3469 ne
1288 3434 1442 3479 solemnior
1453 3441 1510 3470 erit
1515 3433 1603 3476 statio
1615 3441 1668 3469 tua
1676 3458 1687 3478 ‚
1705 3432 1738 3476 st
1743 3434 1777 3468 (⁰5
1786 3434 1834 3467 ad
1838 3441 1924 3466 aram
1939 3432 1997 3465 Det
2012 3428 2130 3471 stet-eris

2036 3488 2084 3513 ac·

2138 615 2205 654 Cap.
2225 626 2265 650 14-

2151 2239 2224 2275 (Ἀρ.
2250 2245 2297 2275 13.

2145 2278 2177 2310 δὲ
2198 2288 2240 2314 14-

1241 2383 1431 2418 Toletana.
1460 2384 1687 2419 Domesticam
1713 2386 1829 2430 populi
1855 2387 2130 2421 communionem
2160 2399 2163 2402 ’

2147 2621 2220 2660 Cap.-
2234 2624 2279 2651 16.

1246 3084 1366 3117 ristiam
1379 3095 1444 3117 non
1458 3085 1536 3118 esset
1553 3084 1692 3127 amplius
1703 3085 1900 3119 manendum
1913 3084 1947 3116 in
1965 3082 2107 3116 Ecclesia
2120 3096 2153 3127 ,j
