2352 3736
150 671 223 710 Cap.
239 681 282 701 12.

142 1050 202 1082 Fol-
213 1062 276 1089 174·

143 1207 215 1246 Cap.
230 1218 244 1247 3
254 1220 276 1239 1.

140 1364 200 1395 1701.
213 1375 274 1403 197·

130 1983 207 2020 Cap.
229 1990 271 2017 ¹3-

142 2787 213 2824 cap.
228 2796 254 2815 2.

147 3262 176 3291 F·
190 3268 254 3298 543·

391 192 426 228 6
429 190 462 229 6
499 220 501 222 -

327 267 386 312 qui
407 278 466 311 pro
498 262 708 308 baptizandis-
718 265 857 310 proemia
888 260 1046 305 acceperit
1069 285 1080 302 ,
1105 261 1206 296 etiam

327 319 443 362 sponte
452 314 562 349 oblata
575 339 583 347 .
602 314 692 349 Dico
702 340 713 357 ,
729 316 866 348 videtur:
897 312 1030 355 Utique
1042 324 1082 346 ex
1095 312 1206 347 lectio-

326 379 370 402 ne
383 365 508 400 Garziae
520 365 661 408 Loayzae
673 391 680 397 .
707 364 840 398 Etenim
864 361 1004 406 antiqua.
1026 362 1124 397 lectio
1135 375 1203 397 non

325 415 446 455 habet,
471 418 579 449 Etiam
591 415 755 450 voluntarii
765 413 880 456 oblata3
911 412 985 454 sed,
1013 413 1085 456 Nili
1102 414 1205 448 volun-

322 467 403 500 taric*
412 464 530 499 oblata.

320 542 322 546 ,
371 515 544 563 Quidquid
557 515 616 551 fit,
639 512 732 555 Juxta
752 511 923 550 laudatum
947 514 1055 549 Sancti
1080 516 1201 552 Gelafii

322 566 496 601 Canonem
515 563 624 597 omnis
644 562 770 598 dudum
792 563 934 598 Ecclesia
960 565 1045 600 vixit
1063 590 1070 598 .
1097 563 1205 602 Hunc'

320 617 412 651 enim
434 615 469 648 in
481 613 609 646 sensum
628 612 782 658 intelligo
792 613 951 648 Carolum
974 615 1139 661 Magnum
1163 618 1198 652 in

320 663 503 708 Capitulari
515 662 775 707 Episcoporum:
787 666 901 699 Nullus
915 666 1069 705 Presbyter
1082 666 1200 711 Baptis-

318 719 409 750 matis
419 715 642 747 Sacramentum
649 721 706 756 pro
716 715 814 758 aliquo
827 721 926 757 pretio
937 718 1067 751 vendere
1085 717 1197 762 praesu-

317 772 399 798 mat.
430 763 475 798 Et
499 762 761 807 Hedenulphum
785 766 1038 802 Laudunensem
1064 767 1197 812 Episco-

317 826 397 858 pum
417 839 428 855 ‚
456 814 513 847 nisi
536 813 623 858 prius
643 816 819 858 professum
842 816 931 859 quod
953 817 971 850 a
992 816 1195 861 baptizandis

315 863 402 900 nihil
414 864 502 908 exigi
515 865 713 907 permitteret
726 865 760 899 in
770 867 824 901 sua
839 864 1018 909 Paroch-ia,
1030 870 1194 903 consecra-

314 926 349 954 re
362 914 469 948 noluit
481 915 681 949 Hincmarus
693 915 909 961 Metropolira
921 917 1097 954 Remensis:
1109 920 1192 954 Eam

312 966 376 1000 esse
399 963 485 998 dixit
500 965 645 1009 regulam
668 964 815 1000 Ecclefiae
841 966 1002 1002 Romanae
1022 993 1030 1000 .
1057 970 1191 1004 Etenim

312 1014 441 1058 antiqui
454 1015 603 1050 Romani
617 1015 754 1050 Ordinis
775 1017 815 1051 ad
829 1016 1037 1061 Presbyteros
1046 1019 1192 1054 admoni—

310 1065 363 1101 tio
374 1065 415 1099 fic
436 1063 558 1100 habet:
585 1066 696 1115 Nullus
716 1066 847 1108 vestrum
863 1076 924 1110 pro
940 1069 1135 1112 baptizandis
1147 1075 1191 1103 in-

305 1114 453 1157 fantibus
482 1121 640 1158 praemium
660 1118 715 1150 vel
730 1129 840 1151 munus
860 1124 963 1163 exigat
975 1145 983 1152 .
1007 1120 1052 1154 Et
1075 1120 1111 1153 in
1132 1121 1188 1154 suo

313 1164 497 1210 Capitulari
516 1166 628 1201 statuit
639 1167 806 1202 Herardus
828 1167 1103 1214 Archiepiscopus
1116 1170 1188 1204 Tu-

311 1216 476 1250 ronensis:
503 1220 542 1250 Ut
552 1218 651 1251 nullus
657 1223 787 1259 pretium
792 1226 849 1261 pro
862 1219 1018 1263 Baptismo
1042 1225 1167 1262 accipiat
1179 1245 1186 1254 .

312 1265 357 1300 Et
378 1266 413 1300 in
435 1267 491 1301 sua
511 1267 598 1311 apud
623 1267 842 1303 Guilielmum
867 1269 1185 1305 Malmesberiensem

310 1317 450 1359 Synodo
473 1318 608 1352 Sanctus
621 1318 799 1353 Cutbertus
820 1317 1094 1364 Archiepiscopus
1103 1320 1183 1356 Can·

308 1366 496 1401 tuarienfis:
522 1367 685 1406 Presbyteri
695 1379 752 1401 non
761 1374 910 1411 accipiant
922 1374 1056 1411 pretium
1071 1379 1128 1413 pro
1137 1371 1186 1404 ba-

304 1418 465 1459 ptizandis
481 1423 606 1459 pueris.
635 1418 678 1451 Et
692 1418 727 1452 in
753 1418 862 1454 suaad
884 1431 1003 1455 omnes
1021 1419 1187 1456 Parochos

307 1466 518 1501 instruffione
540 1467 610 1500 Leo
622 1467 709 1510 Papa
719 1467 782 1501 IV.
805 1470 916 1501 Nullus
926 1470 1055 1509 vestrum
1070 1480 1128 1513 pro
1139 1472 1187 1505 ba-

303 1517 461 1559 ptizandis
491 1516 661 1558 infantibus
678 1522 836 1557 proemium
857 1519 909 1551 vel
935 1530 1043 1552 munus
1064 1528 1183 1565 exigat.

307 1566 444 1611 Repetit
463 1565 558 1600 verba
568 1566 707 1602 Ordinis
718 1566 883 1602 Romani.
911 1568 956 1602 Et
967 1568 1001 1602 in
1032 1569 1185 1604 Remensi

307 1618 364 1652 sua
376 1616 513 1659 synodo
524 1618 656 1651 Sanetus
685 1616 756 1651 Leo
768 1627 893 1652 nonus:
917 1622 968 1651 Ne
977 1623 1043 1661 quis
1055 1618 1111 1663 suo
1124 1624 1186 1654 Ba-

302 1668 415 1713 ptismo
424 1668 589 1710 quidquam
599 1672 701 1710 exigat
711 1691 719 1699 .
741 1667 824 1716 Qae
834 1668 948 1702 omnia
958 1668 1099 1704 Decreta
1111 1672 1184 1705 sunt

307 1717 461 1752 Henrico
471 1727 586 1761 quarto
597 1716 759 1752 anteriora
771 1731 782 1751 .-
808 1717 998 1752 Ostendunt
1007 1720 1183 1755 exactionis

306 1766 396 1802 luem
406 1767 590 1811 frequenter
602 1767 636 1800 in
648 1766 791 1801 Ecclesia
803 1764 897 1802 fuisse
908 1793 915 1800 .

356 1816 522 1854 Adversus
543 1818 738 1863 grassantem
758 1816 816 1851 sub
840 1815 928 1853 dicto
946 1818 1099 1855 Henrico
1121 1822 1184 1856 sca-

307 1868 395 1904 biem
407 1868 519 1903 statuit
529 1868 616 1902 varia
627 1867 808 1911 Gregorius
818 1868 970 1912 septimus
984 1895 995 1911 ,
1021 1871 1102 1905 &in
1113 1871 1183 1906 Pla-

306 1917 441 1957 centina
459 1915 595 1961 Synodo
606 1918 808 1963 singulariter
818 1918 860 1953 de
873 1920 1045 1964 Baptismo
1063 1922 1182 1957 succes·

308 1971 361 2006 sor
378 1968 445 2012 ejus
456 1966 618 2004 Urbanus
642 1968 821 2003 secundus:
849 1972 909 2003 Pro
928 1970 1086 2014 Baptismo
1107 1972 1185 2006 nibil

303 2031 439 2064 unquam
449 2024 588 2064 exigatur
599 2043 606 2050 .
634 2019 718 2053 Eam
733 2030 835 2063 nuper
844 2019 1024 2063 publicavit
1037 2022 1181 2057 illustris-

303 2073 403 2108 fimus
424 2071 469 2104 D.
485 2070 576 2104 Luca
596 2068 790 2104 Holstenius
814 2070 983 2104 adversum
996 2071 1097 2111 illos,
1124 2073 1179 2116 qui

301 2122 375 2165 ejus
393 2120 529 2165 quidem
550 2120 690 2154 Decreta
710 2128 852 2161 norant,
878 2120 933 2154 sed
952 2119 1181 2165 adscripserant

305 2171 408 2207 tertiae
420 2170 582 2205 Romanae
603 2169 747 2212 ejusdem
758 2170 934 2205 Pontificis
953 2171 1109 2214 Synodo.
1136 2171 1180 2209 Et

302 2221 343 2256 in
365 2221 430 2255 suis
453 2231 512 2263 pro
533 2218 706 2254 Gallicana
726 2220 867 2254 Ecclesia
889 2221 1182 2256 constitutionibus

301 2270 420 2305 Gualo
443 2269 648 2310 cardinalis,
674 2268 839 2304 Paschalis
860 2270 993 2305 secundi
1010 2271 1182 2306 Pontificis

306 2321 477 2366 Legatus:
506 2318 696 2353 Prohibemus
713 2318 769 2361 fich
795 2327 1086 2364 excommunicatione
1108 2346 1119 2362 ,
1145 2334 1182 2356 ne

305 2372 477 2405 Sacerdotes
488 2369 654 2403 velclerici
664 2393 675 2409 ,
701 2367 837 2410 occasione
854 2371 982 2411 alicujus
1004 2370 1182 2415 consuetudi-

306 2426 378 2462 nis,
400 2429 458 2464 pro
467 2417 623 2462 Baptismo
634 2443 646 2459 ‚
667 2417 790 2461 aliisque
798 2421 997 2454 sacramentis
1010 2421 1182 2464 Ecclesiasti-

305 2475 371 2509 cis,
395 2471 515 2513 aliquid
527 2474 644 2513 exigere
653 2469 702 2502 vel
712 2478 880 2512 extorquere
896 2470 1106 2515 praesumant‚
1125 2471 1185 2515 sed

301 2531 344 2554 ea
351 2520 512 2554 liberaliter
532 2517 631 2559 &fine
645 2519 816 2560 difficultate
820 2519 964 2559 studeant
982 2524 1118 2556 canonice*
1129 2529 1179 2555 mi-

303 2569 432 2612 nistrare
453 2594 460 2601 .
487 2572 663 2602 Moneantur
684 2576 783 2601 tamen
801 2573 888 2602 Laici
923 2572 1080 2614 diligenter
1106 2596 1117 2612 ,
1145 2584 1181 2606 ne

303 2621 390 2662 quod
392 2628 449 2663 pro
458 2624 627 2652 reverentia
647 2619 897 2652 sacramentorum
910 2621 1025 2654 devotio
1045 2622 1180 2664 fidelium

305 2671 476 2704 introduxit
486 2682 504 2709 ,·
519 2680 558 2702 ex
568 2674 705 2702 avaritia
718 2670 813 2702 velint
823 2670 1011 2711 aliquatenus
1025 2683 1161 2705 revocare
1176 2696 1182 2703 .

306 2718 414 2767 Quod
433 2719 538 2762 ipsum
557 2717 592 2751 in
610 2718 664 2752 sua
682 2718 887 2753 Lateranensi
908 2720 1045 2763 Synodo
1067 2722 1179 2757 statuit

309 2769 522 2804 innocentius
541 2767 723 2810 secundus,
747 2769 960 2813 &adjunxit:
986 2775 1052 2805 Nec
1068 2770 1125 2815 sub
1135 2772 1180 2805 ob·

305 2827 393 2854 tenta
408 2820 534 2861 alicujus
544 2816 763 2861 consuetudinis
775 2829 846 2853 ante
858 2820 910 2853 vel
925 2821 988 2863 post
1001 2824 1022 2854 ᾶ
1036 2833 1179 2865 quoquam

304 2870 429 2913 aliquid
434 2875 593 2913 exigatur,
619 2870 672 2903 vel
678 2867 738 2912 ipse
750 2870 896 2904 initiatus
903 2872 977 2905 dare
990 2896 1001 2912 ‚
1026 2883 1127 2915 utque
1138 2872 1178 2907 ad

306 2919 454 2954 Ministri
463 2918 693 2959 exactionem,
714 2918 900 2962 prasumat,
927 2927 1068 2963 quoniam
1092 2925 1180 2955 simo-

306 2975 424 3003 niacum
436 2968 491 3010 est.
519 2969 660 3013 Ioannes
671 2968 713 3002 de
723 2970 862 3010 Crema,
889 2970 1178 3006 Honoriisecundi

312 3029 366 3061 per
387 3018 545 3063 Angliam
556 3018 740 3053 Cardinalis
753 3019 896 3064 Legatus
905 3043 917 3059 ‚
941 3022 977 3055 in
989 3020 1180 3057 Londinen-

309 3067 358 3107 (ἱ,
384 3067 533 3103 Calixtus
554 3068 711 3103 secundus
733 3069 769 3103 in
785 3070 938 3104 Remenfi
958 3070 1094 3115 synodo
1107 3096 1117 3112 ,
1145 3073 1179 3106 δε

311 3116 372 3150 alii
390 3115 494 3158 plures
514 3118 599 3152 idem
617 3128 697 3154 tunc
714 3120 973 3155 confirmarunt.
1003 3122 1048 3156 Et
1066 3122 1101 3155 in
1125 3123 1179 3157 sua

311 3164 402 3209 apud
414 3165 579 3209 Rogerum
591 3169 823 3204 Hovedensem
835 3170 980 3205 exstante
991 3171 1181 3207 Londinen-

314 3216 338 3249 fi
349 3214 485 3258 Synodo
501 3213 680 3251 Richardus
699 3220 825 3254 Primas
841 3221 1104 3256 Cantuariensis:
1130 3225 1182 3255 Di·

313 3265 395 3298 llum
404 3262 536 3307 estsolere
549 3271 582 3297 in
592 3266 765 3309 quibusdam
773 3271 842 3304 locis
864 3279 920 3313 pro
935 3270 1090 3316 Baptismo
1099 3283 1182 3306 num·

315 3326 379 3348 mos
400 3314 470 3346 dart
490 3338 497 3345 .
524 3314 652 3348 Desinit
672 3318 734 3350 esse
756 3319 959 3362 simoniam,
984 3322 1181 3367 damnatque

317 3362 536 3399 anathemate.
549 3363 603 3397 De
614 3366 766 3399 omnibus
777 3372 956 3410 generatim
969 3373 1182 3407 sacramentis

317 3414 407 3450 idem
426 3413 460 3446 in
482 3414 534 3446 sua
546 3412 752 3448 Lateranenfi
765 3418 900 3461 Synodo
921 3419 1029 3455 statuit
1040 3420 1181 3457 Alexan·

317 3463 439 3500 dedu·
460 3462 615 3498 &addin
641 3465 746 3499 Plures
762 3473 876 3508 putant
889 3467 945 3510 fibi
959 3482 997 3504 ex
1014 3472 1159 3509 boclicere
1171 3498 1181 3515 ‚

680 178 956 224 SECUNDA
991 177 1387 223 Paooamsus
1420 176 1847 240 stsen'rAuo,

1272 269 1343 307 quia
1353 265 1446 308 legem
1456 269 1561 298 mortis
1575 266 1613 300 de
1621 268 1709 312 longa
1718 272 1873 315 invalutffi·
1883 272 2085 317 conficetudine
2095 290 2146 312 ar·

1266 314 1421 349 birrantur
1431 339 1442 356 ‚
1467 325 1525 349 non
1531 313 1611 358 satis
1623 341 1633 357 ,
1642 324 1716 360 quia
1724 324 1889 364 cupiditate
1900 326 2122 371 excaecaeeifisnt
2127 354 2143 371 ,

1266 367 1453 400 attendentes
1476 389 1489 406 ‚
1513 368 1594 408 quod
1625 371 1713 402 tanto
1738 379 1881 413 graviora
1903 373 1967 416 fint
1992 383 2144 421 trintina,

1265 418 1379 457 quanti
1392 417 1508 450 diutius
1517 421 1653 451 animam
1671 426 1823 454 tenuerint
1837 426 1994 468 alligatam
2004 451 2013 459 .
2042 427 2141 464 Cim

1266 465 1388 501 Leonis
1399 466 1457 500 IX.
1471 475 1616 512 tempora
1629 467 1697 503 hax:
1710 471 1825 504 mortis
1833 471 2143 521 lezadedgrassaba-
2208 487 2211 490 ·

1265 525 1318 551 tur
1339 540 1351 557 ‚
1386 527 1423 552 ut
1441 518 1484 551 de
1503 519 1535 553 S.
1556 516 1768 554 Adelberone
1785 521 1931 557 Meteufi.
1944 526 2114 572 Episcopo
2126 553 2139 570 ,

1264 576 1431 610 tamquam
1440 568 1565 612 grande
1579 570 1771 605 miraculum
1783 572 1900 608 scribat
1916 575 2002 616 apud
2013 576 2139 623 Philip-

1264 628 1341 660 pum
1352 616 1527 653 Labbaeum
1539 620 1674 664 antiqua
1692 620 1763 663 ejus
1775 623 1839 656 vita
1854 635 1861 655 :
1891 626 2071 659 Mandatum
2081 632 2139 663 D·-

1262 673 1403 701 minicum
1413 692 1423 708 ,
1450 668 1630 706 GRATIS
1642 671 1916 707 ACCEPISTIS
1928 698 1938 713 ‚
1955 674 2137 717 GRATIS

1262 717 1413 758 DATE,
1427 717 1546 762 Praestd
1555 722 1735 756 venerabilis
1742 722 1942 765 persediiffime*
1951 726 2136 770 adimplens,

1261 769 1295 802 &
1315 769 1388 801 dum
1413 774 1495 802 vluit
1522 770 1662 810 veriffime'
1689 773 1845 813 custodiens
1867 796 1878 812 ‚
1903 786 2063 818 numquam
2077 785 2136 819 pro

1259 817 1460 860 Eccleſsasticis
1485 820 1582 861 officIIs
1602 846 1613 862 ,
1648 833 1799 865 nunquam
1816 832 1873 866 pro
1891 826 2068 859 ordinandis
2084 826 2136 870 sui

1259 869 1372 908 claustri
1381 869 1527 908 Ministris
1541 894 1552 911 ‚
1574 883 1611 904 ne
1624 873 1696 906 dum
1705 873 1869 907 abbatibus
1881 876 2134 918 monasteriorum,

1235 950 1237 953 .
1255 929 1326 959 quos
1348 917 1438 962 usque
1460 922 1504 953 ad
1522 922 1798 966 quadragenarium
1807 924 1877 966 fere*
1895 937 2049 959 numerum
2072 939 2135 960 con·

1252 965 1385 1010 ficravit
1398 994 1409 1011 ‚
1429 975 1591 1012 proemium
1614 981 1667 1006 aut
1684 976 1848 1016 quodpiam
1870 986 1977 1008 munus
2000 983 2135 1019 accepit,

1249 1017 1492 1063 fimoniacamque
1513 1021 1644 1065 barefim
1664 1046 1676 1063 ,
1702 1035 1736 1058 ut
1756 1036 1904 1059 venenum
1925 1025 2135 1069 mortiferum,

1254 1079 1431 1114 mortemque
1455 1081 1637 1106 venenatam
1657 1096 1669 1114 ,
1689 1072 1805 1118 seraper
1826 1075 1979 1110 exhorruit
1998 1078 2035 1110 t&
2048 1077 2136 1120 aufm

1247 1124 1295 1162 git
1306 1144 1313 1151 .

1301 1167 1461 1205 Notanda
1487 1172 1562 1206 sunt
1601 1171 1788 1207 Cardinalis
1814 1175 1978 1210 Gualonis
2014 1176 2130 1212 verba:

1253 1222 1429 1254 Moneantur
1441 1231 1544 1256 tamen
1564 1223 1817 1266 Laicidiligenter
1829 1248 1840 1264 ,
1867 1226 1925 1258 (vc.
1944 1225 2134 1261 continent

1249 1270 1384 1306 exordia
1408 1271 1510 1305 tertiae
1535 1272 1571 1305 in
1608 1273 1750 1307 Ecclesia
1774 1273 1954 1316 disciplina
1973 1299 1980 1306 .
2019 1274 2133 1311 Prima

1250 1319 1328 1362 quid
1339 1321 1438 1355 etiam
1450 1321 1551 1366 gratis
1567 1322 1678 1356 offerri
1701 1332 1759 1358 aut
1768 1323 1916 1357 oblatum
1934 1325 2063 1368 accipi,
2087 1326 2133 1361 so·

1250 1369 1357 1404 cunda
1370 1369 1449 1415 quid
1459 1371 1551 1416 exigi
1565 1372 1667 1406 vetuit
1678 1373 1713 1406 in
1727 1373 1894 1416 Baptismo
1907 1398 1918 1414 ,
1943 1376 2040 1409 tertia
2063 1374 2130 1410 hoc

1251 1420 1383 1455 tandem
1395 1422 1535 1464 permisit
1547 1446 1559 1461 ,
1585 1423 1699 1456 verum
1711 1422 1767 1456 sub
1777 1433 1864 1457 certo
1884 1423 2128 1467 moderamine,

1250 1469 1290 1503 de
1311 1481 1378 1514 quo
1403 1470 1596 1506 venerabilis
1616 1472 1750 1506 Orionis
1770 1498 1780 1513 ,
1805 1473 1862 1516 qui
1884 1472 1945 1508 sub
1961 1473 2131 1519 Gregorio

1250 1522 1365 1555 ostavo
1384 1519 1589 1555 parisiensem
1610 1522 1694 1556 rexit
1714 1523 1913 1562 Ecclesiam,
1938 1523 2131 1568 capitulare

1249 1569 1288 1604 ad
1298 1571 1431 1605 titulum
1453 1571 1495 1605 de
1517 1570 1705 1615 Baptismo:
1736 1576 1795 1606 Pro
1807 1571 1966 1616 Baptismo
1985 1574 2130 1609 nihilon-

1250 1627 1320 1653 nino
1343 1630 1414 1654 ante
1434 1628 1572 1665 exigatur
1584 1646 1595 1662 ,
1617 1621 1675 1666 sed
1689 1623 1750 1665 post
1768 1623 1935 1658 laudabilis
1954 1622 2129 1668 consuetudo

1247 1676 1326 1714 exigi
1335 1670 1426 1712 potest
1440 1696 1447 1703 .
1474 1673 1517 1705 Et
1533 1672 1567 1705 in
1580 1673 1762 1708 Oxoniensi
1773 1700 1783 1715 ‚
1809 1675 1867 1709 sub
1878 1674 2027 1709 Honorii
2040 1674 2128 1710 tertii

1251 1720 1450 1755 Pontificatu
1460 1721 1619 1758 celebrata
1633 1749 1642 1765 ‚
1655 1724 1792 1767 synodo
1806 1722 1987 1768 Stephanus
1995 1724 2123 1762 Primas

1247 1768 1508 1805 Cantuarienfis:
1535 1778 1680 1807 Firmiter
1690 1773 1877 1815 inhibemus,
1903 1786 1940 1809 ne
1944 1783 2002 1817 pro
2023 1777 2127 1819 aliqua

1243 1826 1368 1862 pecunia
1379 1822 1535 1866 denegetur
1560 1822 1756 1866 Baptismus,
1784 1826 1837 1859 vel
1843 1826 1966 1868 aliquod
1985 1825 2126 1867 Ecclcfia·

1241 1871 1347 1912 sticum
1357 1873 1376 1904 5
1376 1882 1576 1906 aeramentum
1589 1898 1596 1905 .
1624 1876 1775 1916 ,Quoniam
1781 1873 1814 1915 fi
1820 1875 1955 1917 quidpro
1969 1875 2127 1910 devotione

1241 1922 1376 1964 fidelium
1401 1921 1578 1966 consueverit
1599 1930 1713 1967 erogari
1734 1949 1745 1964 ‚
1767 1923 1855 1966 super
1872 1924 1924 1958 boc
1944 1924 2127 1966 postmodum

1246 1972 1381 2005 volumus
1389 1979 1446 2014 per
1470 1974 1666 2006 ordinarium
1677 1974 1728 2007 loci
1740 1973 2029 2015 Ecclefiaejustitiaem
2039 1974 2127 2007 enhi-

1245 2020 1307 2056 beri
1320 2045 1331 2060 ‚
1349 2021 1424 2063 ficut
1433 2028 1466 2055 in
1476 2023 1611 2066 generali
1622 2024 1754 2059 concilio
1773 2023 1927 2065 expreffius
1948 2023 2026 2056 &di
2050 2035 2069 2056 u
2107 2034 2127 2057 e

1246 2071 1436 2111 eststatutum
1452 2098 1458 2104 .
1487 2072 1620 2117 Utique
1633 2073 1667 2106 in
1679 2072 1822 2118 generali
1833 2073 2021 2107 innocentii
2035 2074 2124 2108 tertii

1246 2121 1419 2155 Pontificis
1429 2122 1639 2157 Lateranensi
1651 2123 1791 2167 Synodo
1802 2147 1814 2163 ,
1836 2122 1928 2165 cujus
1938 2120 1994 2157 hic
2003 2122 2049 2157 est
2063 2123 2126 2158 Ca—

1247 2181 1315 2205 non
1339 2172 1555 2216 sexagesimus
1576 2173 1701 2206 sextus:
1720 2173 1780 2205 'Ad
1794 2171 1982 2215 Apostolicam
2002 2174 2125 2206 audien-

1246 2226 1321 2254 tlam
1324 2221 1482 2264 frequenti
1495 2222 1637 2255 relatione
1641 2227 1784 2264 pervenit
1799 2247 1809 2262 ,
1835 2223 1916 2264 quod
1923 2223 2046 2266 quidam
2057 2223 2124 2257 Cle—

1245 2275 1300 2304 rici
1307 2279 1365 2313 pro
1376 2277 1510 2313 exequiis
1522 2281 1698 2305 mortuorum
1719 2274 1754 2306 6·
1763 2272 2010 2305 benedictionibus
2017 2272 2125 2306 rnaben-

1245 2326 1341 2361 tium,
1368 2321 1550 2363 &fimilt'bus
1563 2328 1720 2364 pecuniam
1740 2327 1866 2365 exigunt
1886 2323 2124 2365 &excoquam

1246 2371 1396 2413 &fisbrte
1420 2373 1579 2413 cupiditati
1597 2383 1696 2405 eorum
1716 2383 1776 2404 non
1792 2371 1887 2413 fuerit
1902 2367 2097 2416 satisfadum
2109 2394 2122 2412 ,

1244 2423 1454 2463 impedimenta
1468 2421 1580 2463 fidula
1596 2421 1808 2463 fraudulenter
1829 2429 1994 2463 opponunt.
2017 2424 2124 2454 Econ-

1245 2473 1294 2505 tra
1317 2473 1388 2505 vero
1422 2473 1545 2514 quidam
1568 2475 1655 2505 Laici
1686 2471 1867 2505 laudabilem
1888 2469 2121 2513 conficetudt‘nem

1243 2534 1314 2567 erga
1321 2520 1459 2564 sanilam
1470 2523 1626 2561 Ecclesiam
1635 2546 1646 2562 ‚
1667 2527 1724 2562 pia
1734 2522 1889 2553 devotione
1899 2520 2100 2553 inmundam
2110 2544 2122 2560 ,

1242 2583 1279 2605 ex
1289 2571 1437 2615 fermento
1461 2572 1605 2605 baerett'cae
1611 2575 1783 2612 pravitatis
1796 2575 1937 2603 nituntur
1960 2569 2122 2613 infringere

1238 2621 1295 2665 sub
1322 2631 1478 2665 pretextu
1496 2627 1642 2654 canonicae
1670 2625 1799 2662 pietatis
1818 2645 1825 2652 .
1861 2622 2058 2663 ‚Quapropter
2083 2621 2120 2654 Θ

1239 2681 1362 2715 pravas
1389 2672 1554 2705 exac‘lioncs
1577 2669 1666 2713 super
1683 2670 1730 2702 bis
1749 2670 1821 2712 fieri
1834 2668 2022 2711 probibemus
2042 2695 2054 2710 ,
2081 2671 2117 2704 &³

1238 2720 1537 2765 piasconsuetudines
1544 2725 1739 2763 praecipimus
1760 2718 1911 2762 observari
1924 2744 1935 2759 ,
1953 2719 2119 2760 statuentes

1241 2782 1274 2805 ut
1293 2772 1382 2806 libere*
1407 2771 1594 2813 conferantur
1620 2769 1814 2812 Ecclefiastt‘ca
1835 2771 2027 2803 Sacramenta
2048 2793 2059 2810 ‚
2083 2769 2119 2802 θ

1237 2831 1293 2865 per
1305 2820 1482 2864 Episcopum
1493 2821 1567 2861 loci,
1593 2825 1723 2853 veritate
1738 2825 1873 2863 cognita,
1899 2817 2116 2862 compescantur

1242 2873 1448 2915 quimalitiose'
1462 2877 1598 2904 nituntur
1621 2869 1800 2903 laudabilem
1822 2867 2054 2912 consuetudinem
2063 2872 2117 2899 lm·

1242 2931 1359 2956 mutare
1378 2946 1386 2954 .
1415 2920 1523 2955 Verba
1536 2945 1546 2962 ,
1570 2923 1624 2952 Ex
1638 2919 1790 2963 fermento
1813 2919 1958 2953 baereticae
1972 2922 2116 2960 pravita—

1241 2979 1282 3006 tis
1296 2995 1307 3011 ,
1331 2981 1450 3006 notant
1469 2983 1511 3006 eo
1532 2981 1677 3014 ternpore
1700 2971 1875 3015 grassantes
1895 2967 2090 3011 Albigenses
2103 2990 2117 3007 ,

1242 3023 1299 3066 qui
1319 3021 1541 3065 adduffisjam
1565 3032 1624 3064 pro
1639 3020 1739 3064 prima
1760 3017 1942 3054 &secunda
1963 3015 2113 3050 Ecclesia:

1244 3071 1341 3115 priori
1366 3071 1535 3115 disciplina
1564 3069 1758 3105 Canonibus
1780 3067 1853 3103 freti
1874 3091 1885 3107 ‚
1921 3077 2055 3100 omnem
2079 3066 2115 3100 in

1243 3122 1455 3156 Sacramentis
1466 3147 1476 3162 ‚
1501 3122 1600 3156 etiam
1609 3120 1681 3165 post
1703 3121 1768 3162 ipsa
1779 3116 1896 3152 collata
1913 3116 2017 3150 &sub
2037 3127 2115 3150 con·

1243 3172 1420 3206 suetudinis
1442 3172 1580 3207 obtentu
1601 3195 1613 3212 ,
1633 3170 1835 3205 exactionem
1855 3164 2051 3200 damnarunt
2071 3165 2117 3201 de

1241 3223 1389 3257 Simonia
1400 3246 1411 3263 ‚
1435 3222 1625 3257 blaterantes
1634 3227 1768 3254 omnem
1777 3215 2057 3251 christianitatem
2067 3216 2115 3250 esi-

1240 3274 1273 3307 se
1287 3273 1406 3316 lapsam
1417 3272 1452 3305 in
1470 3272 1557 3307 hanc
1568 3269 1729 3314 peffimam
1738 3263 1868 3300 haetefin
1884 3291 1895 3307 ‚
1920 3267 1953 3301 δε
1963 3266 2089 3310 periisse
2103 3290 2112 3297 .

1242 3323 1293 3357 Ex
1315 3321 1376 3357 hac
1394 3322 1502 3357 radice
1524 3328 1617 3355 natus
1627 3318 1767 3361 Ioannes
1786 3317 1826 3350 de
1837 3315 2001 3356 Purneie,
2025 3314 2112 3358 apud

1242 3372 1373 3418 Anglos
1398 3371 1502 3408 homo
1526 3366 1719 3402 Wicleffista
1739 3389 1751 3406 ,
1774 3378 1891 3401 omnes
1911 3366 2112 3411 generatim,

1241 3424 1329 3468 quod
1351 3434 1410 3467 pro
1431 3419 1643 3455 Ecclesiarum
1664 3415 1962 3452 consecrationibus
1986 3414 2112 3458 aliquid

1241 3475 1407 3520 exigerent
1453 3495 1467 3512 ,
1505 3468 1683 3512 Episcopos
1727 3467 1898 3503 blateravit
1953 3464 2114 3500 Simonia-
2128 3487 2260 3522 ,tx-¹3⁸2-

2006 3526 2064 3551 cos
