2352 3736
47 494 124 534 Cap.
143 505 185 534 ¹9-

39 1286 103 1319 An-
123 1296 205 1322 1127·

42 1892 120 1936 Cap.
133 1906 178 1928 ιο.

38 2494 115 2534 ‘3²1²-
129 2503 172 2532 ¹3·

39 2684 103 2718 tib.
121 2689 148 2723 3.
173 2693 201 2713 c.

43 2734 91 2759 η..

45 3143 118 3182 Cap..
134 3151 178 3174 10.

149 2183 156 2191 “
217 2181 315 2214 luerit
342 2205 352 2221 ,

535 171 599 201 De
633 148 833 206 RnoiA
867 157 1249 202 ANTISTITUM
1286 165 1741 202 ΝΟΜΙΝΛΤΙΟΝΕ.

228 240 429 286 fisEcclesiz
449 250 562 274 contra
576 239 745 274 Ricarium
764 240 973 274 contentiose
986 239 1096 272 Eleeio

229 290 340 326 scribit
350 288 496 325 laudatus
505 290 617 324 Abbas
626 291 654 323 F
655 290 805 323 olcuinus
818 302 825 321 :
853 291 1011 322 Hilduinus
1023 290 1097 328 Ept-

224 339 327 384 [oopus
349 341 388 374 ab
401 346 569 375 Hermanno
593 344 766 384 Agrippinae
783 339 863 381 sedis
886 334 1097 378 Archipraesule

226 389 409 434 consecratus
438 403 513 424 novo
533 390 710 431 &inufitato
722 400 830 432 genere
842 410 853 425 ‚
878 385 987 429 absque
1006 389 1094 429 Regls

225 441 430 474 &Procerum
442 445 535 484 Regni
551 439 717 483 sanfflone.
744 437 860 481 Longe
874 436 1010 478 plurima
1025 438 1098 469 sunt

224 490 409 525 istiusmodi
430 491 596 533 exempla,
625 489 667 521 Et
689 487 767 520 hinc
792 486 983 529 potestatem
1005 487 1098 520 istam

222 538 378 575 Henrico
401 540 518 584 quinto
550 537 738 580 Imperatori
769 536 875 578 quoad
917 537 1100 571 Germaniae

226 590 406 634 Episcopos
425 586 562 624 omnino
593 586 799 619 confirmavit
821 586 968 620 Calixtus
991 588 1100 620 secun-

225 640 304 674 dus:
333 641 400 674 Eos
421 640 509 672 enim
532 647 599 669 non
614 635 670 668 nisi
687 636 757 679 post
779 646 944 679 receptum
967 635 1008 669 ab
1031 636 1099 678 ipso

225 691 268 724 de
302 686 479 734 Regaiibus
510 685 733 720 investituram
765 687 870 720 voluit
899 686 1097 719 consecrari.

224 739 317 774 Dico
343 742 356 779 “,
385 737 497 780 ,Quoad
520 739 689 769 Germaniae
720 736 876 779 Eptfiopos
899 749 910 769 :
947 735 1098 769 Aliarum

224 789 316 823 enim
336 786 376 821 ad
397 786 572 830 Imperium
606 787 818 828 spectantium
848 785 1099 819 provinciarum

225 838 404 881 Episcopus
423 836 567 870 investiri
591 837 696 868 voluit
713 835 883 870 dumtaxat
909 835 977 879 post
989 836 1098 868 conse-

224 887 423 926 crationem,
452 895 549 927 atque
569 887 612 918 ita
627 897 740 919 eorum
762 886 956 919 elestionem
979 885 1099 919 Henri-

223 946 357 970 cusiion
371 937 479 978 potuit
490 946 659 970 evacuare.
691 936 733 969 Et
746 934 826 969 hinc
850 935 890 969 de
903 935 970 978 ejus
993 936 1098 978 primo

222 987 407 1026 Successore
419 985 578 1020 Lothario
598 986 668 1018 secu
675 985 740 1020 ndo
753 1010 763 1024 ‚
784 986 818 1019 &
831 987 944 1020 Samio
956 984 1100 1019 Norber-

221 1046 260 1069 ro
284 1035 573 1080 Magdeburgensis
595 1036 742 1069 Ecclesiae
754 1037 864 1070 Elefto
885 1035 1038 1069 scribitin
1053 1035 1098 1068 Si-

222 1084 347 1129 geberti
360 1084 601 1120 Gemblacensis
621 1085 846 1128 supplemento
857 1085 1022 1119 Robertus
1035 1084 1099 1118 Ab·

222 1135 280 1169 bas
301 1136 500 1170 Montensis:
529 1135 820 1176 Parthenopolitanae
844 1141 980 1168 civitatis
992 1135 1099 1168 Clerici·

222 1186 259 1219 o*
280 1191 360 1219 cives
385 1186 584 1226 Norbertum,
611 1186 853 1225 Praemonstratae
875 1183 1006 1224 Eccleliae
1039 1188 1098 1218 Pa-

222 1244 320 1274 trem,
345 1242 377 1268 in
399 1235 546 1275 Pastorem
564 1236 696 1278 eligunt,
723 1237 758 1268 (τ
785 1236 889 1278 Regali
906 1233 1098 1280 prosequente

222 1291 431 1318 convenientia
448 1286 493 1317 ad
513 1287 713 1318 Sacerdotium
728 1284 901 1326 provehunt
928 1311 935 1318 .
962 1285 1096 1320 Fastum

223 1335 258 1369 id
290 1335 355 1368 fuit
376 1335 410 1368 in
442 1335 603 1377 praesentia
642 1334 826 1369 Cardinalis
849 1335 981 1368 Gerardi
1003 1360 1014 1376 ‚
1041 1335 1096 1379 qui

220 1394 302 1418 tunc
315 1386 458 1428 Legatus
471 1409 482 1424 ‚
507 1384 614 1427 postea
624 1383 684 1418 fuit
693 1384 814 1418 Lucius
827 1385 914 1427 Papa
927 1385 1096 1419 secundus.

221 1434 335 1468 Etiam
353 1434 480 1478 quosvis
500 1434 582 1467 alios
603 1434 842 1468 Germanorum
865 1434 1034 1479 Augustos
1060 1435 1097 1467 li·-

219 1482 297 1519 bere
316 1484 408 1518 fuisse
430 1485 503 1518 usos
523 1483 581 1517 issa
605 1484 781 1527 potestate,
809 1484 903 1528 poffit
929 1483 1036 1518 lucide
1046 1483 1098 1518 de·

219 1534 410 1568 monstrari.
1045 1571 1048 1575 ⁴

271 1582 355 1618 Eam
365 1584 565 1618 Francorum
575 1583 652 1618 item
665 1583 811 1628 Regibus
823 1584 963 1619 Ecclesia
976 1584 1096 1627 semper

217 1632 354 1670 indulsit
366 1657 374 1665 .
402 1634 537 1668 Etenim
560 1633 669 1668 habita
692 1634 751 1668 sub
765 1634 986 1679 Merovingiis
999 1633 1097 1678 Regi-

217 1682 280 1718 bus
304 1684 420 1727 quinta
457 1683 701 1719 Aurelianensis
726 1685 882 1727 Synodus
920 1686 1097 1727 Epist-opos

217 1731 351 1778 quidem
362 1733 381 1767 ὸ,
394 1733 492 1768 Clero
512 1734 544 1767 &
556 1735 679 1777 populo
706 1735 837 1768 mandat
850 1734 928 1778 eligi
943 1734 1033 1776 juxta
1045 1745 1098 1768 an-

218 1783 328 1826 tiquos
337 1783 491 1818 Canones
503 1807 513 1823 ‚
542 1785 700 1826 permittit
715 1795 823 1818 tamen
835 1796 903 1820 non
916 1783 1093 1818 consecrari

217 1833 280 1866 nisi
300 1844 364 1867 cum
377 1834 527 1867 voluntate
549 1836 637 1877 Regis
649 1859 656 1865 .
684 1834 784 1881 Qiod
803 1834 909 1877 ipsum
926 1834 959 1867 in
982 1834 1098 1867 Edi-sto

217 1884 341 1926 quintae
358 1883 537 1918 parisiensis
547 1883 674 1926 synodi
698 1885 945 1918 confirmatorie
966 1883 1098 1919 manda-

218 1933 269 1966 vit
292 1933 365 1966 Rex
389 1933 553 1966 Clotarius
578 1933 733 1967 secundus
756 1959 767 1974 ,
793 1935 826 1967 &
857 1933 1005 1976 adjunxit
1025 1947 1035 1966 .·
1063 1936 1095 1966 51

217 1982 318 2016 Elem
336 1981 464 2026 personet
497 1983 642 2026 condigna
658 1983 755 2024 fuerit
778 2007 787 2021 ‚
810 1986 1099 2024 perordinationem

217 2035 368 2073 Principis
377 2034 547 2066 ordinetur.
579 2033 622 2065 Et
637 2032 713 2066 hinc
734 2032 898 2067 Catonem
911 2034 1095 2067 Arvernen-

216 2082 255 2115 sis
276 2083 421 2117 Ecclesiae
445 2083 615 2122 mestum,
643 2082 732 2126 quod
761 2083 825 2116 sine
854 2083 955 2127 Regis
981 2108 991 2123 ‚
1021 2082 1097 2117 licet

218 2131 325 2166 adhue
346 2133 458 2176 pueri,
485 2135 643 2167 consensu
666 2132 852 2166 inordinate
875 2131 1018 2167 ordinari
1041 2145 1096 2166 uo-

391 2181 499 2216 laudat
521 2185 652 2217 Sanctus
679 2183 857 2226 Gregorius
895 2183 1099 2218 Turonensis

217 2230 397 2274 Episcopus
410 2233 442 2265 in
456 2244 552 2275 opere
564 2233 605 2266 de
615 2233 714 2278 gestis
727 2234 927 2266 Francorum
941 2258 950 2272 ‚
962 2234 1099 2266 referens

216 2281 305 2313 varia
333 2280 512 2316 istiusmodi
548 2284 715 2325 exempla.
754 2281 866 2316 Refert
904 2282 1098 2326 degradatos

217 2329 419 2373 Episc0p0s‚
444 2332 532 2374 quod
555 2333 619 2364 sine
641 2333 700 2366 tasi
720 2333 877 2365 consensu
892 2332 992 2366 essent
1013 2333 1095 2365 ordi·

217 2379 309 2420 nati,
335 2391 390 2414 aut
409 2381 607 2415 ordinassent
633 2405 639 2412 .
679 2382 724 2415 Et
746 2382 789 2415 de
812 2381 973 2415 Carolinae
995 2382 1099 2425 stirpis

216 2429 371 2472 Principe
383 2430 525 2473 Pippino
539 2431 631 2475 Rege
643 2430 752 2465 scribit
761 2428 965 2468 Chronicouv
978 2432 1099 2466 Mona-

216 2479 301 2513 sterii
315 2479 589 2513 Fontanellensis:
619 2481 782 2522 Austrulfus
796 2481 895 2514 abbas
916 2481 1095 2522 constituitur

216 2540 279 2562 una
303 2540 367 2562 cum
392 2528 526 2573 consensu
552 2541 588 2563 ac
612 2531 745 2564 elec'lione
759 2532 922 2572 fratrum,
949 2542 1095 2565 annuente

217 2579 395 2613 ordinationi
420 2592 517 2615 eorum
539 2586 589 2622 pio
616 2583 751 2623 Principe
764 2584 910 2623 Pippino.
941 2581 983 2616 Et
1011 2582 1095 2625 apud

219 2626 438 2664 Flodoardum
451 2628 559 2664 scribit
571 2631 772 2666 Hincmarus
793 2632 1008 2675 Metropolita
1034 2633 1096 2667 Re-

222 2677 357 2710 menfis:
382 2681 426 2712 De
447 2681 613 2713 ordinando
623 2680 765 2724 Episcopo
784 2694 842 2715 non
860 2686 948 2725 Regis
975 2683 1026 2716 vel
1040 2685 1092 2715 Pa-

220 2727 379 2758 latinorum
388 2727 469 2762 debet
483 2731 532 2772 effe
543 2733 750 2764 commendatio
764 2757 774 2773 ‚
795 2732 854 2775 sed
874 2737 954 2766 Cleri
982 2734 1015 2769 (9·
1032 2733 1095 2774 ple-

218 2775 268 2807 bis
281 2775 378 2807 eleana
389 2798 399 2814 ,
426 2779 459 2810 et
472 2782 686 2822 Metropolitum
705 2788 739 2815 in
750 2782 885 2815 elee‘lione
899 2785 1073 2823 dijudicatio
1085 2808 1094 2823 ‚

218 2824 330 2857 deind?
344 2831 455 2857 terrem·
467 2830 611 2870 Prlnpipiff
621 2830 757 2874 conse-„fio
768 2856 779 2872 ‚
805 2832 883 2873 &fic
893 2833 958 2874 fier}
976 2832 1096 2876 Epist-0-

215 2883 323 2917 Porum
344 2886 450 2907 manat
471 2878 604 2917 impositio
622 2903 630 2910 -
672 2882 765 2915 Hinc
793 2883 918 2926 Agium
948 2884 1094 2917 Ecclesia:

220 2923 461 2958 Aurelianensis
471 2925 631 2967 electum,
657 2931 745 2973 quod
769 2931 977 2966 {Weljnone
999 2935 1095 2967 Seno-

221 2984 303 3007 num
323 2974 538 3016 Metropolita
561 2976 628 3009 fine
651 2980 703 3012 sua
732 2980 863 3016 licentia
890 2984 1095 3017 consecratus

219 3023 321 3061 esset,
345 3023 438 3065 ejecit
451 3025 524 3057 Rex
547 3025 686 3059 Carolus
698 3027 841 3070 Calvus,
867 3033 900 3065 ὅς
923 3031 1005 3077 aegre
1027 3042 1095 3066 tan-

219 3070 298 3106 dem
317 3073 417 3108 redire
440 3074 578 3116 permisit
603 3075 642 3108 ad
674 3087 778 3119 preces
799 3079 943 3115 secundae
965 3083 1094 3125 synodi

220 3121 395 3156 Vernenfis
409 3148 417 3156 .
445 3123 596 3158 Eundem
608 3126 820 3160 Welinonem
831 3151 840 3166 ‚
861 3130 950 3172 quod
963 3131 1095 3166 Tertol.

217 3172 301 3205 dum
316 3171 504 3207 Diaconum
518 3174 585 3208 fine
602 3175 656 3208 sua
668 3176 799 3210 licentia
813 3176 852 3210 ad
867 3179 1094 3222 Episcopatum

220 3221 432 3265 Bajocensem
455 3225 662 3265 promovisset
682 3249 693 3266 ,
718 3226 804 3259 idem
833 3226 906 3261 Rex
934 3230 1093 3264 accusavit

220 3271 400 3317 gravissime
420 3295 430 3310 ,
457 3271 491 3305 δε
512 3273 553 3307 ad
574 3274 839 3319 degradationem
860 3277 1031 3320 postulavit
1060 3280 1092 3312 in

219 3322 360 3356 secunda
376 3321 513 3364 synodo
526 3323 691 3357 Tullensi.
722 3326 764 3359 Et
785 3326 975 3370 privilegio,
1002 3330 1089 3372 quod

219 3371 324 3405 Sansti
337 3372 468 3406 carilefi
480 3371 658 3407 Monachis
668 3373 755 3410 dedit
766 3401 775 3416 ‚
802 3377 834 3410 N
840 3376 960 3411 icolaus
973 3379 1092 3421 primus

220 3419 377 3456 Pontifex
399 3421 532 3456 inseruit
553 3421 637 3459 hanc
650 3424 825 3462 clausulam
838 3440 850 3462 .·
876 3429 1092 3472 ‚Quemcumque

320 3470 508 3514 Christ.Lupi
520 3475 737 3516 opermomJV.

1881 166 1975 213 137

1162 238 1283 280 dignum
1311 244 1400 278 vita,
1429 237 1567 278 mortbus3
1594 248 1683 280 atque
1692 239 1827 272 doctrina
1836 237 2043 281 prospexerint

1164 286 1307 327 pastorali·
1323 289 1409 328 offlio
1432 310 1443 327 ‚
1468 286 1561 330 ipsiam
1583 288 1695 331 eligant
1714 312 1726 328 ,
1754 288 1895 332 Regisque
1917 294 1948 321 in
1968 290 2045 329 noti·

1161 343 1237 369 tiam
1256 336 1396 377 deferant
1419 361 1430 377 ,
1457 348 1491 370 ut
1515 340 1580 378 eJ‘us
1605 340 1639 372 (¹5
1664 338 1825 378 concessione
1850 341 1885 373 Θ·
1908 334 2045 381 consensu

1159 385 1330 428 potestatem
1354 390 1518 429 Regimi'm‘s
1540 394 1665 429 accipiat
1684 413 1692 420 .
1720 388 1762 422 Et
1788 399 1844 431 pet
1869 390 2021 432 antiquas
2030 409 2043 427 ‚

1163 436 1247 479 apud
1269 436 1428 480 Jacobum
1441 437 1653 473 Sirmondum
1673 447 1840 478 extantes,
1870 437 2045 480 Episcopa-

1163 486 1244 519 lium
1258 487 1502 530 promotionum
1523 488 1679 521 formulas
1693 487 1839 522 Elestum
1863 489 1957 523 suum
1970 487 2045 520 Cle-

1164 547 1216 569 rus
1226 536 1260 570 &
1272 537 1410 579 populus
1422 536 1727 581 praesentabatRegi
1742 562 1753 577 ‚
1779 538 1813 572 &
1836 537 1895 572 sibi
1919 539 1954 571 in
1966 535 2045 580 Epi-

1164 587 1295 629 scopum
1311 585 1448 619 concedi
1461 584 1672 628 supplicabat.
1702 587 1804 630 Cujus
1814 588 1891 629 juris
1901 586 1983 621 adeo
1997 596 2046 619 to-

1165 648 1228 669 nax
1240 637 1302 669 fuit
1314 636 1414 670 etiam
1426 635 1565 668 Carolus
1575 634 1709 678 simplex
1720 660 1732 676 ,
1742 647 1778 671 ut
1789 637 1973 672 Bertarium
1985 636 2046 670 Cae

1164 686 1354 720 talaunensis
1366 684 1513 719 Ecclesiae
1524 684 1670 718 Electum
1683 710 1695 725 ,
1722 696 1790 718 non
1819 688 1837 721 a
1861 689 1892 721 se
1903 712 1913 728 ,
1940 685 1993 721 sed
2003 685 2046 720 ab

1162 735 1284 770 Odone
1297 735 1407 779 Regni
1435 734 1841 776 invasoreconfirmatum,
1868 734 2048 772 consecrari

1166 785 1307 819 noluerit
1317 810 1327 825 ‚
1340 786 1373 818 δε
1385 795 1619 828 provocantem
1628 785 1672 819 ,ad
1685 783 1802 819 Sedem
1817 784 2048 828 Apostolicam

1164 836 1234 878 capi
1247 836 1281 868 in
1294 836 1450 870 Romano
1463 834 1578 869 itinere
1604 843 1701 878 atque
1718 836 1868 868 carcerari
1882 836 2001 868 curarit
2014 836 2049 868 fi-

1162 884 1222 918 dus
1235 884 1309 918 dieii
1324 885 1423 929 Regis
1434 884 1600 925 Minister,
1612 886 1748 919 ,Sanstus
1758 885 1863 919 Fulco
1876 884 2050 927 Archiepi-

1165 936 1278 978 scopus
1306 935 1478 969 Remensis
1489 959 1496 967 .
1526 934 1639 978 AEque
1667 944 1765 971 tenax
1792 935 1855 969 fuit
1878 935 2050 979 progenies

1164 985 1332 1029 Capetina.
1362 985 1495 1020 Etenim
1510 985 1737 1028 Radulphum,
1750 985 1921 1021 'Remeusis
1936 983 2051 1018 Eccle-

1164 1036 1212 1068 siae
1221 1035 1368 1076 electum,
1379 1036 1445 1068 sine
1455 1035 1509 1069 sua
1524 1036 1619 1069 venia
1634 1038 1858 1070 consecratum
1866 1034 1960 1077 eiecit
1974 1035 2050 1070 Rex

1165 1085 1350 1119 Ludovicus
1361 1086 1495 1120 Grossus
1508 1111 1517 1125 ,
1529 1086 1697 1121 &intrusit
1711 1086 1840 1121 Gervasi
1847 1097 1902 1119 um
1917 1110 1924 1117 .
1952 1084 1999 1119 Ita
2013 1085 2050 1117 in

1164 1136 1237 1169 dieii
1248 1135 1350 1179 Regis
1363 1137 1428 1169 vita
1442 1135 1552 1169 scribit
1563 1137 1715 1180 Sugerius
1727 1136 1838 1170 Abbas
1848 1137 1951 1170 Sansti
1966 1135 2051 1168 Dio·
2067 1154 2138 1191 Cap,
2157 1161 2199 1187 ¹3-

1167 1186 1246 1228 nysii
1258 1209 1266 1217 .
1294 1187 1336 1219 Et
1351 1185 1516 1221 Robertus
1528 1185 1642 1220 Abbas
1653 1186 1840 1221 Montensis
1854 1200 1864 1219 .-
1877 1190 1912 1218 In
1926 1190 2051 1219 Remen-

1156 1235 1186 1277 fi
1195 1237 1345 1278 Metropoli
1352 1236 1411 1277 post
1424 1238 1580 1279 ManasJen
1594 1261 1604 1276 ‚
1631 1237 1792 1270 exturbato
1803 1235 1942 1278 Gervasi‘o
1955 1260 1965 1275 ,
1992 1238 2052 1267 Ra-

1164 1286 1292 1327 dulphus
1310 1285 1447 1329 succeffit.
1477 1286 1608 1328 Nempe
1633 1287 1673 1320 ad
1697 1288 1849 1320 omnium
1876 1287 2052 1329 Episcopo-

1163 1346 1234 1369 rum
1257 1347 1364 1379 preces
1378 1335 1556 1379 Radulpho
1579 1338 1718 1380 gratiam
1747 1338 1837 1371 suam
1864 1337 1897 1369 ὅ(
1920 1335 2052 1378 Episco-

1166 1395 1274 1428 patum
1299 1386 1372 1420 Rex
1394 1386 1527 1422 tandem
1540 1385 1686 1420 reddidit
1702 1411 1712 1426 ‚
1739 1387 1786 1422 uti
1801 1387 1842 1420 ad
1858 1385 2052 1422 Paschalem

1165 1436 1342 1468 secundum
1354 1435 1554 1468 Pontificem
1566 1436 1677 1469 scribit
1695 1438 1831 1470 Sanstus
1847 1435 1906 1469 lvo
1923 1436 2054 1478 Episco-

1163 1496 1221 1528 pus
1234 1486 1456 1519 Carnutensis.
1488 1485 1623 1519 Enati-at
1649 1486 1682 1518 <Sc
1693 1484 1839 1527 ejusdem
1853 1484 1955 1529 Regis
1971 1486 2054 1518 iram

2071 1271 2121 1298 An.
2138 1277 2219 1302 iios.

1164 1547 1202 1568 ex
1213 1534 1325 1569 eadem
1346 1534 1439 1568 causa
1461 1534 1609 1567 adversus
1626 1533 1816 1568 Gualonem
1836 1534 1973 1568 eleflum
1995 1534 2055 1567 Be·
2075 1537 2228 1577 Epis-{⁴³92

1165 1585 1348 1626 luacensem
1364 1597 1370 1616 :
1399 1584 1522 1627 Jurarat
1533 1583 1608 1617 Rex
1619 1584 1809 1618 Gualouem
1834 1586 1864 1618 se
1880 1583 1957 1617 vivo
1971 1595 2054 1618 nun-

1164 1646 1263 1678 quam
1285 1634 1354 1668 fore
1366 1634 1512 1669 Belluaci
1537 1634 1758 1677 Episcopum,
1787 1645 1883 1678 atque
1898 1634 1944 1668 ita
1968 1633 2022 1668 hic
2043 1657 2054 1674 ,

1166 1695 1205 1717 ne
1215 1684 1282 1726 ejus
1297 1684 1411 1727 periret
1423 1684 1540 1721 electio
1551 1708 1563 1725 ‚
1577 1684 1744 1720 transferri
1754 1684 1868 1723 debuit
1888 1684 1928 1723 ad
1943 1685 2055 1719 Eccle-

1164 1735 1240 1768 siam
1269 1733 1480 1770 parisiensem
1494 1760 1504 1769 ‚

1213 1783 1358 1830 Qaestio
1379 1784 1446 1825 est,
1472 1785 1627 1822 anetiam
1653 1786 1685 1819 in
1702 1785 1961 1831 Longobardico
1987 1786 2052 1819 Re·

1164 1845 1232 1878 gno
1246 1833 1386 1869 Carolus
1400 1835 1551 1879 Magnus
1571 1847 1608 1869 ac
1619 1836 1687 1878 ejus
1700 1837 1899 1870 Successores
1922 1838 1980 1869 sint
2006 1835 2055 1869 usi

1165 1885 1221 1918 iiia
1248 1884 1484 1918 consuetudine
1494 1887 1513 1918 ?⁴
1535 1885 1588 1919 De
1601 1884 1725 1920 Carolo
1745 1887 1881 1928 quidam
1909 1895 2053 1930 negant-

1166 1935 1298 1967 Etenim
1313 1933 1552 1978 Longobardos
1567 1936 1760 1970 inTliuscia
1788 1948 1825 1970 ac
1849 1937 1943 1970 Italia
1975 1936 2054 1979 Epi-

1166 1986 1279 2027 scopos
1292 1985 1459 2024 consuesse
1471 1984 1510 2018 ad
1525 1986 1629 2018 solum
1646 1986 1734 2019 Cleri
1760 1987 1794 2020 <Sc
1807 1986 1920 2030 populi
1945 1986 2053 2021 decre-

1163 2044 1233 2067 tum
1262 2035 1442 2067 consecrati
1469 2035 1487 2068 a
1516 2035 1673 2069 Romano
1702 2036 1888 2077 Ponrifice,
1916 2037 2053 2078 septima

1165 2082 1301 2117 Adriani
1325 2085 1419 2127 primi
1446 2084 1486 2118 ad
1501 2084 1658 2121 Carolum
1688 2087 1832 2128 Epistola
1846 2086 1961 2119 diserte
1971 2086 2053 2118 affir-

1163 2144 1250 2166 mat.
1278 2134 1371 2167 Hinc
1383 2145 1418 2167 ut
1432 2136 1515 2177 ipsos
1536 2135 1723 2168 simoniace
1744 2137 1861 2168 elestos
1883 2147 1951 2170 non
1975 2146 2054 2168 con·

1165 2183 1293 2223 firmet,
1319 2194 1375 2216 aut
1386 2185 1574 2223 consecret,
1603 2184 1697 2217 illum
1723 2184 1775 2218 hic
1789 2195 1904 2229 rogat:
1933 2196 2053 2229 nequa-

1163 2244 1259 2274 quam
1283 2257 1293 2273 ,
1333 2233 1430 2276 Regii
1455 2234 1629 2267 consensus
1654 2236 1892 2269 consuetudine
1920 2236 2051 2276 fruens,

1162 2293 1339 2327 rogaturus.
1369 2282 1520 2317 Eundem
1544 2294 1670 2318 morem
1686 2285 1717 2317 in
1732 2284 1925 2319 Ravennate
1939 2286 2051 2319 Eccle-

1163 2334 1200 2366 sia
1212 2333 1335 2376 semper
1348 2333 1485 2376 viguisse
1497 2333 1639 2367 ostendit
1652 2335 1777 2369 decima
1791 2335 1876 2379 apud
1890 2335 2051 2379 jacobum

1162 2383 1373 2417 Sirmondum
1390 2382 1553 2425 Epistola.
1584 2384 1613 2415 A
1630 2384 1774 2428 Pippino
1786 2387 1911 2419 nonita
1924 2386 2049 2429 pridem

1163 2433 1275 2477 Rege,
1301 2445 1341 2466 ex
1356 2445 1421 2476 quo
1436 2432 1586 2475 exemplo
1607 2433 1753 2478 Regium
1777 2437 1934 2470 assensum
1964 2437 2049 2471 inter

1163 2483 1307 2518 Romani
1332 2483 1528 2517 Patriciatus
1550 2483 1617 2525 jura
1639 2486 1701 2518 esse
1716 2485 1933 2527 praetendebat
1947 2486 2048 2520 Caro-

1163 2534 1231 2571 lus,
1254 2533 1295 2566 ad
1317 2533 1449 2566 laudatae
1474 2533 1669 2575 Metropolis
1690 2534 1882 2569 elesiiouem
1904 2536 2047 2581 dirigen-

1161 2584 1235 2616 dam
1250 2583 1359 2616 missos
1372 2583 1513 2627 Legatos
1525 2584 1569 2617 air
1580 2583 1673 2618 fuisse
1696 2596 1762 2618 rem
1782 2586 1974 2631 singularem
1990 2611 1999 2627 ,
2026 2587 2046 2621 a

1163 2633 1317 2667 Romano
1330 2644 1409 2666 tunc
1421 2633 1587 2668 Pontifice
1598 2633 1794 2677 postulatam
1815 2636 1856 2670 ad
1880 2637 2041 2680 expellen-

1159 2682 1237 2716 dum
1253 2682 1470 2717 Michaelium
1483 2708 1493 2724 ,
1519 2683 1681 2720 Desiderii
1695 2685 1798 2730 Regis
1817 2687 1966 2721 violento
1991 2684 2045 2719 ad-

1157 2733 1282 2776 jutorio
1310 2733 1468 2767 intrusum
1484 2759 1491 2765 .

1209 2782 1407 2826 Respondeo
1419 2783 1719 2828 Longobardorum
1734 2787 1767 2820 in
1781 2786 1872 2820 Italia
1887 2785 2046 2821 Ecclesiae

1159 2833 1251 2867 fuisse
1273 2833 1418 2876 duplices
1433 2857 1440 2865 .
1468 2834 1625 2881 Qiaedam
1646 2836 1686 2870 ad
1715 2837 1859 2871 Romani
1889 2836 2043 2879 Episcopi

1160 2884 1442 2926 Metropoliticam
1481 2909 1491 2924 ,
1531 2885 1613 2919 olim
1663 2886 1763 2930 longe
1801 2887 2004 2920 vastissimam
2027 2910 2043 2926 ‚

1158 2935 1303 2977 quaedam
1327 2933 1366 2967 ad
1389 2933 1641 2969 patriarchalem
1665 2937 1836 2970 dumtaxat
1855 2935 1924 2977 eius
1951 2945 2042 2978 pote-

1160 2984 1269 3017 statem
1295 2984 1498 3026 spectabant.
1526 2985 1725 3028 Huiusmodi
1754 2995 1854 3019 erant⁴
1871 2985 2038 3020 Mediola-

1158 3034 1259 3067 nensis
1273 3033 1466 3073 Provincia,
1499 3035 1530 3067 ὃ(
1548 3035 1777 3077 Aquilejenfis.
1808 3036 1934 3068 Harum
1957 3047 2038 3069 con-

1158 3083 1343 3121 firmandis,
1370 3094 1426 3116 aut
1447 3084 1546 3117 etiam
1572 3084 1750 3127 dirigendis
1772 3083 1983 3122 electionibus
2005 3088 2036 3119 se

1158 3133 1355 3166 miscuerunt
1365 3131 1725 3176 Longobardorum‚aut
1735 3134 1834 3167 etiam
1845 3132 2036 3169 Gothorum

1158 3183 1286 3226 Reges,
1314 3182 1443 3215 istarum
1466 3182 1752 3216 confirmationem
1775 3183 1831 3217 sibi
1856 3184 1914 3218 soli
1939 3184 2034 3227 juxta

1157 3232 1310 3265 Canones
1322 3231 1474 3264 Romana
1497 3231 1636 3265 Ecclesia
1651 3234 1772 3276 semper
1786 3234 1922 3267 servavit
1935 3260 1941 3266 .
1969 3235 2038 3270 Ra*-

1158 3293 1275 3315 vennas
1290 3281 1427 3315 Ecclesia
1439 3304 1449 3320 ,
1473 3280 1560 3323 quod
1573 3281 1612 3314 ad
1631 3281 1852 3318 Valentiniani
1865 3285 1948 3318 tertii
1963 3284 2031 3318 Au-

1157 3331 1236 3374 gusti
1277 3341 1384 3373 preces
1418 3342 1474 3373 pei·
1503 3332 1654 3365 Sanstum
1680 3332 1828 3368 Leonem
1861 3334 2027 3378 Magnum

1155 3380 1349 3414 Pontificem
1370 3391 1410 3414 ex
1435 3380 1590 3420 Romanae
1610 3381 1817 3427 Suffraganea
1857 3382 2026 3427 profecerit

1157 3432 1187 3463 in
1201 3429 1435 3475 Metropolim,
1460 3430 1571 3466 eadem
1597 3430 1744 3469 libertate
1764 3434 1904 3478 gaudere
1926 3443 2026 3474 perre-

1643 3482 1667 3528 ,5
1913 3481 1973 3516 xit,
