2352 3736
134 378 198 410 Lib·
219 391 249 410 2·
266 390 292 411 c.

135 429 183 454 27.

133 534 164 565 Ι..
185 544 235 573 5.c

119 1186 180 1218 Lib.
202 1201 227 1219 2.
249 1198 273 1220 c.

117 1237 166 1264 39·

116 1316 143 1338 t.
167 1317 211 1338 11.

116 1423 177 1456 Lib.
202 1436 246 1455 11.

116 1475 142 1495 c.
169 1474 211 1502 ¹3·

115 1507 187 1543 Cap·
227 1517 271 1537 11.

117 1619 183 1651 Lib.
207 1623 231 1650 i.

112 1663 169 1693 Sat.
188 1669 213 1691 c.
240 1670 267 1699 3.

113 2304 189 2349 Cap.
207 2319 226 2340 2
235 2319 256 2340 x.

392 175 487 221 180
693 173 1029 217 SANer1

289 1415 364 1439 tem.
396 1407 628 1454 Qamlegem
640 1409 734 1443 fuisse
747 1408 834 1452 prius
856 1410 874 1444 a
899 1411 1046 1445 Claudio
1070 1410 1170 1444 latam

288 1457 426 1490 affirmat
439 1456 617 1491 Cornelius
627 1457 769 1493 Tacitus
785 1462 819 1493 in
837 1459 1023 1495 Annalibus
1036 1486 1044 1493 .
1072 1460 1117 1494 Et
1130 1460 1170 1494 de

285 1505 469 1542 Antonino
481 1506 544 1540 Pio
554 1506 751 1551 Imperatore
772 1508 880 1544 scribit
891 1511 992 1553 Julius
1009 1510 1170 1553 Capitoli-

290 1567 350 1591 nus
367 1570 374 1590 ε
401 1561 515 1590 Foenus
524 1564 718 1593 trientarium
733 1584 743 1601 ,
769 1559 822 1593 boc
832 1560 870 1600 est
882 1585 893 1601 ,
904 1567 1037 1593 minimis
1046 1559 1144 1606 uficris
1156 1585 1168 1603 ‚

284 1613 418 1641 exercuit
438 1617 475 1642 ut
498 1614 680 1650 patrimonio
714 1608 766 1653 sito
798 1611 945 1652 plurimos
979 1613 1166 1652 adjuvaret..

289 1658 402 1693 Usura
412 1659 584 1693 centesima
598 1659 722 1693 solebat
733 1660 812 1694 solvi
825 1661 961 1705 singulis
981 1660 1145 1695 mensibus
1157 1685 1167 1701 ,

284 1718 421 1751 eratque
446 1708 556 1742 annue
582 1708 759 1742 duodecim
795 1710 832 1743 'in
870 1720 1004 1744 centum
1028 1734 1035 1742 .
1073 1711 1167 1744 Hinc

283 1757 377 1792 enim
401 1758 504 1791 Poeta
518 1758 698 1792 Horatius:
725 1758 829 1798 Tristes
855 1759 958 1803 misero
984 1771 1096 1794 venere
1107 1762 1167 1792 Ca-

289 1809 402 1842 Iendae.
431 1807 652 1842 Calendarum
677 1810 729 1842 seu
759 1811 1007 1845 neomeniarum
1032 1810 1103 1844 dies
1126 1809 1166 1843 ab

289 1858 436 1893 usurariis
463 1857 607 1892 redditos
631 1859 725 1893 fuisse
761 1860 920 1894 nefandos
946 1862 978 1895 ὅς
1005 1859 1167 1894 execrabi-

288 1910 355 1950 les,
379 1909 482 1943 etiam
503 1908 698 1944 Plutarchus
719 1911 894 1945 asseverat.
921 1911 1034 1957 Qare
1060 1910 1166 1944 foenus

288 1960 492 1995 trientarium
503 1968 593 2000 erat,
612 1958 704 2003 quod
717 1960 852 2004 singulis
863 1959 1035 1994 dumtaxat
1057 1961 1165 1994 trime·

287 2010 404 2045 nribus
432 2009 616 2044 solvebatur
634 2035 646 2052 ,
686 2021 817 2054 eratque
834 2010 946 2044 annue
968 2021 1108 2055 quatuor
1130 2011 1162 2043 in

289 2071 425 2095 centurn
449 2085 455 2092 .
493 2061 546 2094 Ex
569 2071 636 2103 quo
663 2059 753 2095 vides
778 2061 968 2104 posteriores
991 2061 1165 2096 Romanos

288 2112 330 2145 ab
365 2111 501 2156 antiqua
532 2110 658 2155 justitia
680 2134 690 2151 ,
714 2121 786 2155 quae
805 2120 1018 2146 memoratam
1040 2109 1162 2146 Valerii

288 2162 399 2196 Flacci
411 2161 581 2196 castiorem
602 2159 708 2205 legem
730 2160 828 2194 duxit
851 2161 1086 2204 turpissimam,
1114 2171 1164 2203 pe-

290 2212 450 2246 detentim
462 2210 822 2245 admodumreceffiffe..
850 2210 945 2245 Hinc
958 2211 999 2244 de
1023 2211 1165 2244 Alexan-

289 2260 351 2295 dro
373 2261 523 2305 Augusto
547 2261 654 2294 scribit
673 2262 775 2296 etiarn
797 2260 912 2295 AElius
937 2260 1163 2303 Lampridius:

290 2315 323 2346 F
325 2323 408 2344 oenus
415 2311 568 2353 publicum
579 2316 772 2344 trientarium
785 2317 914 2344 exercuit
924 2336 935 2351 ,
958 2317 1006 2345 ita
1016 2319 1049 2344 ut
1056 2319 1165 2352 paupe-

291 2362 373 2394 ribus
383 2362 532 2404 plerisque
542 2360 608 2402 fine
627 2360 723 2404 usuris
741 2368 883 2403 pecunias
894 2363 1007 2395 dederit
1018 2363 1062 2394 ad
1069 2373 1162 2394 emen·

291 2413 344 2445 dos
356 2423 442 2455 agros
454 2435 464 2451 ‚
487 2412 660 2444 reddendas
671 2413 707 2444 de
724 2412 893 2453 frudlibus.
916 2413 1040 2447 Foenus
1062 2412 1163 2455 publi-

291 2473 367 2496 cum
378 2471 444 2495 erat
455 2461 591 2504 publicae
602 2462 656 2495 seu
668 2462 804 2496 fiscalis
814 2463 958 2505 pecuniae
968 2463 1074 2497 foenns
1088 2487 1099 2503 ‚
1109 2463 1161 2495 cui

291 2510 465 2547 debebatur
477 2512 568 2544 usura
581 2511 740 2551 femellis,
764 2512 799 2546 id
810 2512 855 2545 est
866 2537 879 2553 ,
898 2511 953 2546 sex
964 2513 1141 2546 incentum
1155 2535 1164 2551 ,

291 2563 433 2604 ideoque
445 2560 631 2594 Alexander
642 2585 652 2599 ,
679 2563 733 2604 qui
747 2561 853 2594 solum
867 2572 1010 2605 quatuor
1030 2563 1142 2605 exegit
1157 2584 1165 2599 ‚

291 2611 408 2648 merito
432 2609 603 2644 laudatur.
631 2611 744 2654 Pergit
769 2610 976 2653 Lampridius
997 2625 1009 2644 .·
1036 2613 1163 2644 Alexan-

292 2664 342 2696 der
363 2660 467 2705 usuras
480 2700 482 2702 ‚
483 2660 704 2702 faeneratorum
726 2666 878 2693 *contraxit
903 2662 948 2694 ad
956 2667 1081 2694 trientes
1090 2669 1176 2709 pen-1

287 2713 400 2755 fimes,
423 2717 518 2745 etiam
538 2710 723 2752 pauperibus
745 2709 896 2754 consulens
914 2735 925 2743 ..
962 2711 1061 2745 Adeo
1086 2721 1164 2744 tunc

292 2764 385 2796 usura
411 2761 497 2804 apud
524 2761 694 2795 Romanos
716 2759 896 2794 invaluerat
916 2785 930 2801 ,
964 2771 1003 2794 nt
1036 2759 1163 2794 Valerii

291 2812 399 2846 Flacci
420 2812 523 2855 legem
549 2810 737 2844 Alexander
764 2822 832 2846 non
859 2811 1003 2855 potuerit
1022 2810 1175 2856 restitue-¹

293 2872 327 2896 re
349 2887 356 2894 .
392 2861 625 2894 Nihilominus
658 2863 814 2894 Senatores
837 2885 848 2901 ,
877 2860 908 2902 fi
917 2860 1164 2903 foenerarentur,

296 2911 398 2955 usuras
420 2918 553 2953 accipere
560 2917 658 2952 primo
675 2916 770 2944 vetuit
783 2936 792 2951 ,
818 2908 873 2951 nisi
892 2912 1012 2952 aliquid
1035 2915 1164 2943 muneris

297 2961 382 3004 causa
399 2969 568 3006 acciperent
588 2986 595 2993 .
622 2960 726 3002 Postea
751 2969 851 2994 tamen
876 2961 954 3003 juffit
979 2966 1011 2993 in
1031 2958 1164 3003 semeffes
1207 2998 1209 3000 Ι

1207 3010 1208 3014 ’
1227 3008 1366 3051 piscopis
1376 3007 1450 3040 iniit
1462 3007 1665 3041 Francorum
1683 3007 1756 3040 Rex
1782 3006 1951 3048 Philippus
1973 3005 2100 3038 sextus:

296 3016 459 3051 acciperent
475 3014 589 3045 donum
612 3036 622 3051 ‚
647 3023 755 3045 munus
781 3020 883 3045 tamen
910 3009 1024 3052 sustulit
1045 3035 1052 3043 .
1088 3010 1164 3043 Mu·

300 3069 361 3092 nus
380 3060 463 3094 istud
475 3063 584 3096 insuis
591 3061 635 3095 ad
646 3062 812 3096 decimum
822 3063 972 3096 ostavum
992 3059 1166 3104 Prophetae

303 3107 483 3143 Ezechielis
491 3122 587 3154 caput
606 3112 853 3147 commentariis
870 3110 1012 3154 exponit
1028 3111 1166 3146 =Santstus

303 3158 528 3199 Hieronymus
542 3172 549 3191 :
572 3164 712 3203 ,Quidam
719 3172 774 3204 pro
778 3162 933 3203 foenerata
939 3166 1067 3203 pecunia
1066 3158 1166 3206 solent

301 3205 469 3248 munuscula
485 3214 615 3249 accipere
636 3212 744 3253 diversi
755 3218 874 3256 generis
886 3237 900 3253 ‚
918 3213 958 3247 «ἓν
975 3223 1036 3246 non
1053 3211 1165 3244 entelli-

295 3264 374 3303 gunt
383 3254 502 3298 usuram
512 3259 656 3298 appellari
676 3260 1025 3303 &superabundantiam
1035 3286 1046 3301 ‚
1076 3261 1165 3303 'quid-

298 3306 461 3351 quiaillud
469 3305 506 3345 est
517 3330 527 3346 >
547 3305 620 3346 1ῑαῦ
631 3319 662 3339 θο
670 3332 682 3347 ‚
702 3314 786 3351 ,quod
795 3314 951 3352 dederint,
967 3314 1042 3356 plus
1053 3319 1165 3353 accepe-

298 3364 384 3392 rint.
410 3356 605 3390 Munuscula
617 3356 715 3390 'latius
727 3360 781 3393 illa
793 3362 931 3396 edisserit
942 3364 977 3396 in
994 3373 1165 3397 commen-

299 3406 440 3442 tariisad
460 3414 557 3448 caput
577 3405 766 3448 vigesimum
783 3411 927 3451 ¹primum
948 3413 1057 3446 Sanffl
1079 3412 1166 3446 Mat·

300 3457 379 3493 ‹haei
390 3479 398 3490 ·
424 3455 528 3504 Quod
539 3454 773 3500 inexplicitum
792 3461 925 3502 pastum
942 3472 1011 3496 non
1033 3462 1167 3497 deduce-

1100 172 1475 218 Lxxorrls.

313 257 431 302 pendi,
457 256 502 290 est
510 254 592 290 ade&
604 256 736 299 antiqua
748 281 755 288 .
782 256 892 289 Etiam
907 252 1063 287 Porcium
1085 253 1189 289 Cato-

311 319 410 348 nem,
434 305 797 347 PraetoremSardiniae,
823 302 913 346 quod
922 312 1042 337 ornnes
1054 305 1184 339 foenera—

310 368 396 392 tores
419 356 554 399 fugaffet
573 367 616 390 ex
635 357 765 393 Insula,
789 352 884 389 ,fuisse
906 353 1013 388 virum
1031 355 1186 390 Sanctum

308 405 394 441 idem
417 405 533 442 Livius
552 407 588 440 in
611 415 721 448 quarta
742 402 878 439 Decade
898 404 1023 441 affimat
1040 429 1052 440 ,.
1079 404 1185 440 Addit

307 456 419 493 multis
435 455 634 490 foenebribus
655 453 782 497 legibus
802 453 907 488 etiarn
927 454 963 488 in
984 453 1065 490 urbe
1092 456 1190 496 fuifl'e,

305 507 511 542 constristam
522 504 691 539 avaritiam
702 528 714 544 ,
738 515 777 538 ac
796 502 1018 540 nihilominus
1036 504 1183 541 adversus

234 555 243 565 “
259 545 287 570 ⁷⁶
299 555 372 602 ejus
382 555 588 590 astutiffimos
598 552 696 588 dolos
706 555 803 592 novis
813 554 924 588 froenis
944 557 1067 598 semper
1091 556 1185 590 fuine

299 618 401 650 opus.
430 604 472 637 Et
480 604 606 639 Valerii
617 604 731 641 Flacci
743 604 948 641 consularem
962 606 1068 650 legem
1082 630 1092 646 ,
1115 617 1186 649 quae

300 653 515 691 creditoribus
525 652 737 698 quadrantem
747 655 827 690 solvi
836 655 927 703 vjuffit
940 666 951 695 3
963 656 1057 689 fuiffe
1069 657 1182 702 turpis-

299 705 412 739 simam
425 728 437 745 ‚
463 704 605 748 ideoque
617 705 760 748 Syllanis
771 705 973 750 temporibus
984 705 1002 739 ὲ
1015 707 1091 741 Deo
1113 707 1183 743 vin-

296 755 441 790 dicatam
452 756 593 789 affirmat
617 754 763 791 Velleius
788 757 997 791 Paterculus.
1026 756 1179 801 Exponit

297 807 333 840 in
342 806 407 839 suis
417 805 460 839 ad
469 804 680 841 Paterculum
704 806 837 842 scholiis
857 806 965 841 Aldus
986 807 1179 844 Manutius:

289 859 323 902 J
325 856 430 899 usserat
440 865 474 888 ut
483 854 573 900 usura
585 868 691 890 annua
700 859 871 900 quadrante
878 856 1044 901 solveretur
1054 882 1062 889 .
1091 860 1180 901 ,Qua-

295 908 392 939 drans
404 914 491 939 erant
499 917 563 942 tres
590 906 765 948 centefimae.
796 911 907 943 Ternos
931 913 1023 951 igitur
1045 918 1179 941 nummos

295 968 332 990 ex
344 962 472 990 centenis
489 959 585 999 pendi
606 955 705 1001 usurae
723 964 843 992 nomine
854 960 979 991 Flaccus
996 959 1107 992 voluit.
1135 957 1178 992 Et

296 1007 392 1049 istam·
402 1006 507 1051 legem
519 1008 567 1042 uti
579 1007 793 1053 turpissimam
805 1009 897 1045 fuiffe
907 1007 1019 1043 divina
1031 1009 1066 1042 in
1081 1008 1178 1042 Rem·

294 1056 462 1100 publicam
475 1057 617 1091 vindicta
639 1057 775 1102 dignam
800 1059 929 1105 Pagani
950 1054 1103 1093 homines
1128 1058 1177 1100 ju-

291 1106 442 1141 dicarunt
453 1131 460 1138 .
490 1107 533 1140 Et
545 1107 587 1141 de
598 1108 780 1143 Ostaviano
805 1109 957 1155 Augusto
977 1107 1085 1143 scribit
1099 1107 1177 1142 Sve-

292 1157 426 1190 tonius:
453 1160 589 1191 Notavit
599 1160 731 1200 aliquos,
759 1161 839 1202 quod
853 1167 997 1202 pecunias
1014 1157 1174 1195 ,levioribus

287 1206 390 1249 usuris
402 1214 532 1241 mutuat!
544 1232 555 1248 ,
575 1214 711 1252 graviori
718 1209 831 1251 foenore
841 1211 1015 1253 collocassent
1029 1234 1038 1240 .
1066 1209 1111 1244 Et
1134 1209 1174 1242 de

120 1266 180 1298 ij,
205 1279 247 1300 10,
292 1256 493 1300 Vespasiano
505 1257 684 1301 Augusto.-
710 1258 886 1298 Acallorfuit
910 1261 1112 1299 decernendi,
1138 1270 1174 1292 ne

280 1307 562 1351 filiorumfamilias
569 1307 803 1348 faeneratoribus
829 1312 973 1353 exigendi
994 1311 1099 1343 crediti
1114 1311 1171 1349 jus

285 1368 420 1398 unquam
432 1357 496 1399 esset
508 1381 518 1396 ,
545 1357 663 1398 bocest,
695 1371 730 1392 ne
734 1359 798 1401 post
806 1362 933 1393 Parrum
955 1362 1079 1404 quidem
1095 1371 1172 1394 mor-

1210 1633 1211 1636 *
1232 1608 1429 1652 nopolitanae
1443 1609 1551 1643 Urbis
1570 1608 1758 1650 Praefestum
1770 1636 1781 1652 ,
1801 1611 2013 1646 Senatoribus
2034 1623 2120 1647 cen-0

1510 175 1748 225 N0N1

1251 265 1382 295 rentur,
1409 253 1444 287 δε
1461 256 1607 290 carnales
1625 257 1728 299 Judaei
1745 260 1778 294 &
1801 262 1953 297 Gentiles
1973 262 2126 299 Romani

1247 305 1457 339 crediderunt
1476 317 1548 340 non
1566 305 1634 339 effe
1648 308 1798 343 usuram.
1827 311 1971 347 Modum
1994 312 2031 347 in
2056 313 2130 358 ipsis

1250 355 1366 392 excedi
1376 353 1516 390 advertit
1531 355 1699 402 Augustus
1709 359 1917 403 Alexander,
1939 362 2078 405 ideoque
2092 363 2129 398 δε

1246 405 1396 449 sustulit,
1421 405 1632 442 Senatoribus
1640 408 1833 450 permittens
1856 411 2055 447 trientalium
2082 414 2128 447 se-

1247 455 1354 489 misses
1365 457 1475 491 usuras
1486 481 1498 497 ‚
1522 455 1611 492 idest
1622 483 1633 498 ‚
1644 457 1754 492 annue
1763 459 1830 492 duo
1850 461 2028 497 incentum
2043 488 2050 496 .
2071 463 2126 498 Li-

1246 515 1298 539 cet
1306 506 1440 542 modica
1449 529 1460 546 ‚
1485 516 1553 542 erat
1564 517 1673 541 tamen
1685 510 1860 543 Senatoriae
1873 510 2049 555 diguitatis
2059 523 2128 548 ma-

1224 587 1226 607 3
1244 556 1318 589 cula
1337 580 1350 597 ,
1377 554 1516 600 ideoque
1536 559 1648 592 nescio
1668 559 1746 601 *quis
1768 559 1924 603 posterior
1940 561 2123 603 lmpexator

1243 606 1342 640 etiam
1355 606 1430 639 istas
1441 609 1549 644 usuras
1561 608 1774 643 Senatoribus
1786 609 1955 645 interdixit
1963 635 1970 643 .
1982 612 2027 647 Et
2035 611 2124 651 hane

1245 655 1350 700 legem
1362 658 1396 690 in
1410 657 1676 701 quinquagefima
1688 661 1778 696 sexta
1791 661 1885 704 super
1904 661 2013 695 sancti
2038 663 2127 700 Μαι,

1244 704 1319 740 thaei
1332 706 1550 752 Evangelium
1561 707 1714 743 Homilia
1725 711 1873 752 praedicat
1885 712 1923 745 Sa
1929 713 2018 746 nctus
2028 713 2128 756 Joans

1244 767 1301 790 nes
1313 755 1587 799 Chrysostomus:
1615 760 1711 802 ,Quod
1709 759 1743 801 fi
1748 770 1890 798 externos
1903 763 2061 807 arelsaecull
2082 765 2125 799 le·

1237 816 1309 849 gum
1316 809 1480 843 conditores
1492 814 1672 852 interrogare
1684 810 1811 844 volueris
1828 835 1838 851 ‚
1859 810 1958 854 ,dtjl‘ces
1969 814 2050 855 quod
2057 814 2126 848 illis,

1240 867 1349 899 quoque
1361 868 1504 893 extremae
1515 860 1961 904 inverecundiaefignumfoenus
1975 865 2098 898 videtur
2110 890 2121 898 .

1241 908 1345 949 ,Quare
1377 908 1537 949 constitutis
1556 914 1592 947 in
1610 911 1811 954 dtgnitatibus
1825 935 1836 951 ‚
1862 913 1897 946 (ι’
1914 919 2067 954 coaptatis
2086 920 2121 947 in

1239 967 1377 1000 magnum
1388 958 1528 1000 confilium
1535 982 1548 999 ,2
1556 971 1644 1003 quem
1653 963 1794 994 Senatum
1805 972 1915 995 vocant
1924 987 1936 1003 ,
1940 962 2000 1004 fas
2011 974 2070 997 non
2079 964 2120 1004 est

1238 1003 1333 1050 hujus
1326 1010 1405 1040 modi
1414 1010 1504 1042 lucris
1516 1009 1646 1051 foedarl.
1663 1013 1686 1048 ‚5
1687 1012 1727 1045 ed
1735 1011 1783 1045 lex
1793 1014 1879 1054 apud
1886 1011 1963 1056 ipsias
1971 1012 2064 1055 post'ta
2078 1013 2118 1055 est

1237 1055 1403 1099 hujusmodi
1419 1058 1668 1100 lucraprobtbens
1684 1084 1692 1092 .
1722 1063 1901 1105 Acceptum
1927 1062 2118 1099 Christiana.

1215 1139 1217 1142 Α
1237 1107 1485 1150 regeneratione
1497 1108 1692 1152 dignitatem
1703 1111 1854 1145 asseverat
1863 1113 2005 1149 saeculari
2019 1114 2118 1149 Sena·

1236 1157 1318 1193 toria
1328 1157 1392 1190 effe
1402 1156 1503 1202 longe
1514 1157 1670 1192 maiorem
1683 1180 1694 1197 ,
1719 1158 1858 1205 ideoque
1868 1161 2052 1197 damnabili
2065 1164 2113 1198 lu-

1235 1217 1290 1241 cro
1301 1207 1401 1252 longe
1408 1208 1520 1242 minus
1529 1208 1711 1242 faedandam
1724 1233 1731 1240 .
1759 1208 1912 1244 Eandem
1925 1211 2032 1255 legem
2043 1213 2115 1256 sup-

1238 1257 1411 1299 ponuntin
1424 1258 1596 1302 Rescripto
1617 1259 1660 1293 ad
1679 1258 2128 1308 Eutychianutn-Praetorio⁴

1235 1308 1426 1342 Praefestum
1436 1333 1447 1349 ‚
1457 1307 1607 1345 exstante
1618 1310 1653 1342 in
1663 1309 1784 1348 codice
1795 1307 2035 1347 Theodofiano
2045 1336 2058 1353 ,
2073 1313 2111 1348 ἀ

1234 1357 1368 1392 laudant
1378 1358 1478 1392 etiam
1489 1358 1689 1394 Arcadius&
1702 1359 1877 1396 Honorius
1889 1360 2116 1406 Imperatores,

1233 1408 1426 1444 definientes
1441 1410 1542 1454 ipsam
1554 1407 1595 1442 ad
1608 1410 1786 1445 Senatoriae
1807 1410 1947 1455 originis
1973 1411 2116 1456 pupillos

1234 1469 1300 1492 non
1312 1459 1467 1500 extendi,
1493 1458 1879 1503 ideoquehisconsuetas
1903 1461 2115 1506 pupilianam

1233 1509 1444 1552 pecuniarum
1455 1509 1564 1543 usuras
1574 1509 1691 1544 debere
1702 1510 1845 1545 omnino
1856 1512 1938 1547 solvi
1952 1536 1959 1543 .
1987 1510 2120 1550 Verum
2134 1504 2194 1551 ¹:³¹³·
2224 1518 2252 1537 ²·

1232 1559 1332 1593 iidem
1343 1558 1511 1602 Principes
1521 1559 1555 1593 in
1571 1559 1676 1603 legem
1689 1561 1729 1594 ad
1743 1562 1905 1605 Optatum
1917 1561 2109 1600 Constanti·
2129 1552 2247 1624 ’ἔρξ’

1230 1660 1345 1693 telimae
1356 1660 1456 1693 nsurae
1468 1659 1678 1694 medietatem
1689 1685 1701 1702 ‚
1725 1661 1759 1695 id
1770 1660 1814 1695 est
1824 1684 1835 1701 ‚
1861 1663 1916 1697 sex
1927 1663 1962 1696 in
1975 1672 2116 1697 centum.

1230 1709 1443 1751 permiserunt
1453 1734 1463 1742 .
1478 1710 1607 1753 Nempe
1618 1710 1689 1753 post
1702 1712 1809 1746 Sanffi
1822 1712 1959 1754 joannis
1968 1711 2110 1748 exilium
2128 1699 2202 1738 ΩΨ·
2227 1707 2259 1736 ⁴⁴

1230 1758 1293 1793 lata
1305 1757 1350 1793 est
1364 1759 1422 1792 ista
1440 1759 1495 1792 lex
1509 1783 1519 1799 ,
1545 1770 1673 1794 extorta
1697 1771 1753 1804 per
1777 1761 1900 1795 dictum
1923 1763 2086 1806 Optatam
2099 1788 2112 1804 ,

1230 1806 1432 1851 hostemejus
1446 1809 1692 1843 infenfiffimum
1706 1834 1717 1850 ,
1742 1811 1801 1852 qui
1823 1820 1859 1845 ut
1872 1811 2119 1847 Sanstiffimum,

1229 1858 1333 1892 virum
1358 1881 1369 1898 ,
1391 1858 1546 1893 adversus
1568 1860 1678 1894 usuras
1696 1861 1893 1896 consuetum
1918 1861 2118 1896 calidissime

1228 1909 1419 1943 concionari
1441 1933 1453 1949 ‚
1487 1909 1590 1942 etiam
1608 1909 1741 1945 exulem
1760 1911 1882 1945 faceret
1906 1911 1995 1956 plebi
2012 1910 2117 1947 odio-1

1230 1958 1298 1991 sum
1310 1982 1321 1999 ,
1346 1955 1576 2003 laudatumque
1603 1959 1672 2001 ejus
1690 1970 1805 1993 contra
1819 1960 1929 1994 usuras
1938 1971 2115 2004 argumen-.

1229 2017 1298 2041 tum
1307 2008 1511 2047 exinaniret,
1537 2007 1781 2052 imprudentem
1801 2008 1980 2045 Arcadium
1994 2010 2029 2044 iu
2044 2011 2112 2045 sor-

1228 2057 1442 2092 didamistam
1456 2058 1563 2101 legem
1585 2059 1849 2103 circumscripsit.
1878 2059 2006 2094 Eodem
2027 2070 2112 2095 tem·

1229 2119 1307 2151 pore
1317 2118 1432 2141 natum
1454 2107 1612 2141 existimo
1630 2109 1764 2144 abusum
1778 2133 1788 2149 ,
1812 2108 1964 2144 adversus
1984 2120 2083 2153 quem
2097 2134 2110 2151 ,

1228 2156 1483 2202 quinquagesimi
1496 2160 1600 2199 quarti
1616 2158 1736 2194 Psalmi
1748 2160 1870 2193 versum
1881 2184 1893 2201 ,
1911 2164 1986 2194 Non
1996 2160 2107 2202 desem

1227 2209 1264 2241 de
1272 2208 1382 2249 plateis
1396 2209 1462 2248 ejus
1473 2205 1564 2250 usura
1576 2211 1610 2243 ζ’]
1621 2210 1708 2242 dolus
1723 2233 1734 2248 ,
1758 2221 1931 2252 exponens
1943 2209 2106 2243 declamat

1227 2258 1359 2291 Samstus
1371 2257 1578 2302 Augustinus
1590 2271 1596 2290 :
1612 2257 1707 2301 Usum
1717 2261 1752 2294 (5
1762 2260 1845 2292 dolus
1855 2271 1912 2292 non
1924 2258 2114 2302 abscondita-x

1227 2318 1274 2340 tur
1289 2306 1402 2352 saltem
1414 2332 1424 2347 ,
1448 2313 1522 2350 quia
1534 2310 1616 2342 mala
1620 2307 1693 2351 sunt
1707 2333 1718 2348 ‚
1737 2309 1798 2353 sed
1811 2310 1928 2351 publice*
1941 2308 2086 2353 *seviunt
2095 2332 2111 2343 ..

1228 2362 1353 2391 Etenim
1376 2365 1431 2401 qut
1455 2364 1487 2391 in
1512 2360 1598 2392 >domo
1616 2360 1736 2402 aliquid
1758 2361 1830 2392 mali
1840 2359 1924 2402 facit
1948 2384 1959 2401 ,
1992 2361 2047 2394 vel
2067 2360 2109 2393 de

1227 2409 1302 2440 malo
1320 2407 1373 2451 suo
1393 2407 1550 2451 erubescit.
1575 2413 1616 2442 In
1636 2412 1748 2451 plateis
1771 2411 1834 2450 ejus
1854 2409 1944 2455 usura
1956 2409 2082 2443 &dolus
2094 2432 2105 2440 .

1229 2462 1341 2491 Foenus
1354 2458 1591 2501 &proftffionem
1600 2459 1711 2493 habet.
1737 2464 1957 2494 Foenurettam
1976 2470 2030 2491 ars
2052 2469 2105 2491 vo-

1225 2519 1313 2542 catur
1333 2523 1346 2542 ,·
1373 2515 1487 2550 Corpus
1510 2511 1621 2543 dicitur
1638 2534 1648 2541 ,.
1674 2513 1791 2550 Corpus
1809 2508 1896 2550 quast
1915 2508 2102 2549 necessarium

1227 2565 1376 2592 crvitan:
1406 2563 1453 2592 Et
1474 2561 1513 2591 de
1528 2558 1693 2600 prffeffione
1708 2556 1765 2601 sua
1787 2558 1918 2601 weliga!
1933 2559 2079 2598 impendit
2091 2581 2100 2590 .

1227 2607 1320 2652 Usque
1330 2611 1407 2642 adea
1419 2615 1451 2641 in
1455 2607 1562 2651 platea
1571 2608 1611 2648 est
1624 2633 1633 2648 ‚
1656 2610 1738 2650 quod
1746 2606 1855 2650 saltem
1866 2605 2102 2651 abscondendum

1226 2669 1310 2692 erat.
1337 2659 1527 2693 Adeorunc
1547 2656 1744 2702 grassabatur
1768 2658 1881 2696 usura,
1907 2666 1943 2690 ut
1967 2657 2104 2691 usurarii

1225 2710 1324 2743 essent
1336 2720 1404 2743 non
1418 2707 1545 2741 modica
1557 2708 1695 2742 societas
1705 2731 1715 2746 ‚
1738 2707 1793 2740 sed
1808 2708 1969 2751 integrum
1988 2707 2104 2746 civita-

1227 2760 1267 2791 tis
1277 2770 1393 2802 corpus
1404 2783 1414 2798 ‚
1441 2758 1475 2791 &
1486 2757 1526 2791 de
1540 2758 1603 2790 suis
1616 2757 1735 2801 rapinis
1755 2756 1901 2799 Principi
1923 2756 2104 2805 penderent

1226 2808 1367 2841 solemne
1385 2807 1520 2850 vectigal
1542 2832 1549 2839 .
1589 2808 1782 2841 Etiamnum
1801 2805 1900 2840 hodie
1919 2807 1940 2842 a
1964 2803 2103 2850 publicis

1226 2858 1374 2892 usurariis
1385 2857 1488 2900 ipsum
1500 2857 1685 2900 accipiunt,
1710 2858 1748 2891 i&
1768 2867 1828 2900 pro
1851 2857 1913 2890 illo
1933 2854 2101 2890 adversum

1227 2908 1407 2951 Episcopos
1418 2905 1498 2940 'dant
1511 2908 1655 2941 criminis
1668 2906 1895 2950 impunitatem
1919 2904 2099 2940 Christiani

1226 2958 1357 3002 Reges,
1377 2956 1473 3000 juxta
1483 2956 1751 2996 concordatum,
1777 2957 1952 3000 quodcum
1974 2955 2038 2988 suis
2060 2954 2101 2987 E-

1226 3059 1548 3101 ,Qut'ntumicapttulum
1556 3057 1593 3097 est
1607 3083 1617 3098 ,
1653 3059 1733 3100 quod
1754 3053 1889 3098 Episcopi
1914 3055 1966 3087 vel
1986 3055 2102 3093 Archia·

1206 3127 1208 3154 ;
1222 3107 1401 3151 piscopi'non
1414 3108 1518 3140 debent
1543 3114 1687 3150 requirere
1706 3109 1727 3139 ἅ
1749 3103 1963 3147 Burgenfibus,
1984 3106 2037 3138 vel
2055 3104 2101 3138 ab

1206 3159 1208 3163 ’
1226 3161 1293 3192 aliis
1307 3183 1317 3198 ‚
1344 3160 1422 3200 quod
1431 3170 1592 3200 numquam
1601 3158 1814 3200 praestaverint
1827 3156 1871 3187 ad
1878 3153 1997 3199 usuram
2007 3179 2022 3197 ,
2042 3166 2101 3190 nec

1221 3209 1408 3251 praestabunt
1422 3234 1428 3241 .
1441 3208 1507 3242 Res
1523 3210 1617 3242 faeda.
1645 3202 1830 3242 Laudandae
1844 3205 1992 3240 civitates
2001 3230 2014 3246 ,
2024 3216 2100 3247 quas

1225 3259 1473 3302 rapinamistam
1484 3258 1704 3293 exercerinon
1714 3255 1909 3299 permittunt
1922 3278 1937 3296 ,
1962 3255 2020 3289 nist
2039 3265 2098 3301 per
2118 3230 2157 3258 ὼ
2181 3237 2278 3266 ¹3⁸9‘

1203 3338 1205 3340 .
1225 3310 1351 3353 Judaeos
1363 3335 1370 3342 .
1594 3335 1598 3342 ,

1269 3359 1378 3394 Porro
1390 3359 1513 3394 dudum
1520 3364 1599 3390 ante
1608 3355 1760 3389 Sannum
1770 3356 1931 3399 joannem
1949 3353 2099 3397 :Chryso-

1224 3411 1366 3445 stomum
1393 3413 1484 3443 usura
1502 3405 1633 3450 grassari
1645 3406 1741 3450 caepit
1763 3406 1848 3441 inter
1867 3404 2097 3444 Christianos,

1226 3461 1294 3496 imo
1314 3462 1347 3495 &
1365 3460 1449 3494 inter
1465 3456 1615 3492 clericos
1632 3480 1645 3498 ,
1686 3456 1828 3499 ideoque
1854 3453 2095 3512 antiquissimos

2011 3515 2047 3539 ΙΙ
