2352 3736
146 3284 208 3320 Lib.

237 3284 266 3321 50⁴

329 283 472 314 temusin
481 272 637 316 fratribus
651 297 659 307 .
683 270 735 307 Ita
756 271 828 307 fieri
842 270 980 305 affirmat
1002 280 1072 305 non
1095 272 1223 308 tantum

332 328 369 363 in
405 324 580 361 Parasceve
598 348 609 365 ,
635 322 689 358 sed
709 323 811 358 etiam
835 321 871 356 in
895 318 1064 356 Sabbatho
1086 322 1225 358 Saudo.

332 377 420 413 Aliis
432 375 512 408 item
522 374 556 408 in
567 373 781 410 Sacramentis
790 383 828 406 ac
839 369 967 406 divinis
991 370 1112 406 officiis
1135 374 1225 409 oscu-

331 428 400 460 lum
411 424 632 467 frequentavit
641 424 778 467 antiqua
789 421 965 466 disciplina
978 447 988 456 .
1018 421 1146 458 Verum
1157 420 1224 460 haec

329 478 404 513 sunt
417 476 550 510 alterius
564 473 646 509 loci.
674 471 718 507 Et
729 472 864 518 quidem
873 470 923 507 uti
933 471 1036 515 aliqui
1045 473 1158 510 Latini
1170 485 1226 509 an-

328 526 387 568 te,
413 524 652 569 ita&quidam
669 524 775 559 Gtaeci
796 522 868 567 post
899 524 1048 558 confecta
1071 523 1228 560 Euchari-

328 578 395 614 fliz
405 576 561 619 mysteria
571 574 733 610 dederunt
744 574 834 619 pacis
856 573 1008 608 osculum
1021 599 1029 607 .
1056 574 1163 611 Lucet
1183 586 1225 611 ex

328 625 470 663 secunda
510 626 620 660 Sancti
643 624 804 668 Martyris
829 623 948 669 Justini
973 623 1142 671 Apologia
1162 639 1173 660 .·
1200 631 1226 660 A

324 677 464 723 precibus
473 676 571 720 finitis
586 700 596 716 ‚
607 682 721 709 mutuis
732 686 785 709 nos
797 673 900 718 osi-ulis
909 671 1096 717 salutamus.
1124 674 1226 712 Uter-

325 738 391 771 que
402 727 484 761 ritus
499 726 544 761 est
567 726 695 770 bonus,
721 726 847 759 sanstus
859 747 870 764 ‚
896 725 995 759 nixus
1017 726 1203 761 rationibus
1217 751 1225 759 .

324 777 438 824 Qre
454 776 603 812 nostrum
611 776 681 811 -sme
691 774 909 812 fundamento
919 774 1063 822 culpavit
1074 775 1223 813 Michael

323 827 513 864 Cerularius
528 851 538 862 .

441 1037 984 1089 CALUMNIA
1057 1040 1117 1086 X.

317 1168 551 1219 ‘Latinorum
562 1162 742 1234 Episcopi
744 1162 893 1232 gaestemt
904 1163 1056 1214 atmtdos
1068 1169 1106 1213 in
1131 1183 1218 1212 nia.

390 1241 494 1288 nibus
511 1276 525 1300 ,
562 1234 746 1300 Ecclefias
772 1236 878 1301 quasi
890 1254 1024 1284 uxores
1035 1239 1216 1305 acciln'm-

387 1326 439 1358 tes
454 1346 468 1371 ‚
503 1313 563 1356 (9⁴
575 1303 819 1354 arrhabonem
826 1304 925 1372 ftrre
947 1305 1072 1356 dicunt
1082 1340 1096 1354 .

398 1434 533 1471 Andem
561 1433 775 1470 Calumniam
797 1431 932 1467 adducit
955 1439 1099 1475 repertus
1122 1430 1212 1464 Con-

423 1484 643 1530 stantinopoli
679 1483 767 1528 apud
791 1483 857 1517 PP.
883 1482 1112 1516 Praedicatores
1129 1480 1211 1514 Tra-

319 1539 440 1571 Ratus:
469 1540 650 1570 Latinorum
661 1532 803 1576 Episcopi
814 1539 847 1565 in
856 1532 972 1575 fignum
982 1532 1100 1564 sanavae
1114 1531 1212 1565 Eccle-

309 1585 363 1628 Ji‘ae
377 1585 616 1629 desponsationis
633 1585 758 1616 annulos
766 1590 892 1624 portant
903 1583 936 1615 Θ
946 1580 1128 1619 chyrothecas
1141 1604 1148 1611 .
1176 1584 1211 1612 ln

313 1637 444 1670 dextera
454 1635 590 1679 scribunt
603 1659 613 1675 ‚
641 1637 775 1667 Dextera
790 1635 912 1664 Domini
924 1655 936 1671 ,
961 1636 994 1663 in
1006 1629 1124 1670 fimflra
1137 1653 1148 1668 ,
1175 1635 1208 1661 A·

308 1696 389 1729 gnus
412 1689 472 1718 Dei
492 1709 501 1717 .
529 1684 641 1718 Etiam
666 1680 908 1714 Constantinus
927 1677 1114 1716 Cabafilas,
1140 1677 1211 1709 Me-

312 1734 471 1779 tropolita
492 1729 742 1776 Dyrrachienlis
763 1753 773 1769 ,
799 1726 973 1762 Demetrio
999 1723 1210 1759 Chomateno

308 1784 533 1831 'Bulgarorum
560 1779 820 1823 Archiepiscopo
834 1776 1003 1821 proposuit
1024 1775 1111 1810 hanc
1129 1787 1211 1819 quae-

312 1836 457 1870 Rionem
471 1834 487 1865 ἓ
516 1836 562 1866 An
572 1829 797 1873 consentaneum
807 1827 839 1866 sit
851 1828 993 1860 annulum
1003 1827 1023 1858 a
1034 1829 1210 1860 Latinorum

313 1883 473 1929 Episcopis
480 1882 589 1928 gestari
599 1881 616 1912 ,ἓ
643 1878 828 1923 Respondit
854 1875 930 1912 veto
951 1877 1066 1911 Petrus
1087 1875 1208 1911 Antio·

310 1935 393 1971 chiae
404 1926 610 1969 patriarcha:
643 1931 732 1972 ,Quid
741 1930 786 1961 ad
797 1939 851 1961 nos
864 1952 875 1968 ‚
901 1928 983 1970 quod
996 1931 1101 1960 Latini
1111 1939 1207 1961 annu-

311 1987 358 2020 los
364 1984 482 2030 gestant
492 1989 525 2017 in
532 1980 693 2026 simbolum
709 1977 852 2012 contrabit
863 1988 928 2011 cum
938 1977 1049 2010 samia
1072 1980 1130 2011 Dei
1152 1981 1209 2011 Ec-

310 2036 394 2079 clefia
403 2033 542 2069 connubii
556 2034 569 2066 ?
594 2034 664 2064 Nos
675 2035 785 2065 etenim
797 2036 890 2062 eiiam
901 2039 1035 2062 coronam
1057 2033 1089 2060 in
1111 2033 1210 2071 capite

308 2086 456 2133 gestamus
472 2111 483 2127 ,
506 2093 563 2128 pro
572 2086 763 2117 veneratione
772 2079 959 2123 proculdubio
969 2082 1119 2121 Principis
1134 2084 1210 2121 Apo·

307 2138 444 2181 stolorum
457 2140 566 2176 Petri,
576 2133 663 2178 super
672 2143 759 2177 quem
773 2134 830 2165 Dei
842 2129 968 2173 Ecclesia
979 2128 1016 2170 est
1025 2127 1207 2172 superaedifi-

311 2197 397 2223 cata.
427 2191 504 2222 Auro
516 2192 609 2221 etiam
620 2194 801 2219 exornamur
812 2184 846 2216 Θ
858 2193 927 2215 nos:
943 2179 1136 2220 chyrothecas
1149 2205 1160 2222 ,
1174 2183 1208 2215 θ

311 2242 483 2281 manipulos
496 2262 506 2279 ‚
544 2237 578 2270 ὁ·
595 2235 689 2277 stolas
707 2245 781 2268 auro
791 2242 947 2267 contextas
971 2230 1114 2265 habemus
1128 2257 1135 2264 .
1164 2231 1207 2265 Et

311 2290 464 2334 praefatus
476 2286 668 2322 Demetrius
680 2284 924 2320 Chomatenus:
943 2282 1092 2315 Annulum
1099 2279 1183 2323 ferre
1196 2306 1207 2323 ,

310 2346 351 2374 r‘is
367 2341 488 2383 quidem
498 2343 551 2382 qui
558 2335 719 2382 secundum
726 2333 870 2379 spiritum
883 2333 1039 2367 ambulant
1051 2356 1062 2372 ,
1081 2330 1210 2376 spirita-

312 2391 383 2424 liter
394 2396 538 2432 accipitur
550 2414 557 2421 .
585 2387 846 2431 ‚Quemadmodum
860 2389 939 2418 enim
954 2382 1089 2423 Christus
1110 2384 1209 2415 Eccle-

308 2440 381 2483 fiae,
409 2441 643 2481 mundanamque
655 2439 690 2471 Θ
701 2441 909 2480 virgineorum
928 2439 1098 2467 animarum
1119 2438 1210 2466 nomi-

314 2500 406 2524 natur
414 2489 541 2534 sponsus
557 2488 609 2530 ,fic
621 2493 672 2530 qui
689 2487 798 2529 ubique
803 2484 876 2529 sunt
886 2483 1077 2526 Ecclefiarum
1093 2481 1210 2526 Praesu-

312 2541 357 2574 les
369 2565 379 2580 ,
403 2539 504 2583 sponsi
509 2539 702 2581 appellantur
715 2562 726 2577 ,
755 2536 865 2570 annulo
875 2543 991 2577 accepto
1003 2558 1014 2574 ,
1039 2543 1072 2567 ut
1079 2532 1208 2577 spiritus

311 2589 419 2633 figillo.
449 2591 546 2633 ,Quod
556 2591 589 2621 Θ
601 2591 744 2621 salvator
764 2593 797 2618 in
823 2587 916 2627 digito
927 2609 937 2624 ,
963 2585 999 2616 id
1013 2583 1052 2623 est
1061 2607 1072 2623 ,
1096 2586 1208 2624 Spiritu

311 2639 416 2684 serneio
429 2663 439 2680 ,
446 2638 479 2683 se
490 2640 636 2672 daemonia
646 2638 750 2677 ejicere
761 2635 920 2668 incredulis
931 2633 1049 2666 dicebat
1052 2636 1084 2677 J
1086 2634 1181 2665 udaeis
1194 2657 1204 2672 ,

315 2695 368 2734 qui
377 2701 442 2722 eum
451 2694 579 2722 convitio
587 2709 597 2729 ,
623 2685 707 2729 quast
716 2684 881 2718 Beelzebub
893 2683 1015 2717 haberet
1028 2706 1039 2722 ,
1063 2682 1205 2718 consella-

316 2740 445 2773 bantur.
473 2742 517 2771 Et
523 2738 683 2781 prodigum
690 2735 788 2778 filium
811 2733 964 2777 reversum
985 2743 1072 2766 aureo
1094 2733 1205 2766 annulo

315 2795 479 2825 exornavit
488 2814 499 2831 ‚
512 2798 605 2823 totum
616 2787 754 2820 videlicet
764 2783 964 2826 buncfaciens
971 2781 1142 2825 spiritalem
1149 2791 1205 2825 pro

315 2842 432 2875 carnali
444 2866 450 2873 .
481 2844 520 2872 At
533 2842 654 2872 Latinis
667 2847 725 2870 non
734 2834 913 2879 spiritaliter
925 2858 936 2874 ‚
957 2832 1016 2876 sed
1023 2836 1182 2866 carnaliter
1192 2858 1203 2873 ,

316 2904 376 2925 non
383 2889 655 2935 super-mundans,
675 2885 734 2930 sed
745 2885 896 2919 mundane*
911 2884 1014 2916 annuli
1031 2884 1204 2925 appellatio·

317 2954 385 2975 nem
396 2938 611 2983 accipientibus
629 2961 640 2977 ‚
662 2935 759 2977 fludio
770 2945 875 2978 magno
886 2933 1055 2974 affellatum
1065 2932 1101 2970 el}
1110 2945 1204 2966 annu·

319 2993 361 3024 los
369 2991 479 3035 gestare
489 3015 500 3031 ‚
512 2996 611 3032 utpote
622 2985 814 3028 Ecclefiarum
822 2982 932 3028 sponfis
941 3008 949 3015 .
977 2984 1101 3025 ideoque
1113 2994 1204 3026 neque

321 3041 370 3075 hoc
383 3043 441 3075 illis
456 3034 557 3075 notam
567 3043 680 3072 inurit.
708 3037 745 3069 ln
759 3034 944 3078 Evangelio
957 3033 1128 3067 laudatum
1148 3045 1202 3067 an-

320 3092 390 3124 nuli
403 3093 496 3125 usum
508 3090 646 3125 affirmat
658 3087 722 3121 effe
733 3086 910 3129 mysticum
923 3084 957 3116 &
969 3083 1181 3128 allegoricum
1191 3107 1203 3122 ‚

323 3139 460 3181 ideoque
477 3139 659 3184 spiritaliter
669 3136 911 3180 accipiendum.
942 3131 1047 3167 Addit
1069 3133 1203 3167 Latinos

321 3188 394 3222 solo
408 3190 567 3224 intellectu
580 3200 649 3224 non
660 3195 836 3222 contentos
848 3193 982 3218 externo
1014 3183 1112 3218 etiam
1123 3184 1202 3226 sym-

323 3236 404 3274 bolo
415 3236 579 3273 delectari.
603 3238 676 3272 Nec
688 3235 764 3271 ideo
775 3234 955 3279 culpandos
967 3258 974 3266 .
1001 3233 1116 3268 Exstat
1129 3233 1201 3275 Epi—

320 3286 409 3323 'ssola
419 3287 503 3329 apud
516 3288 673 3328 loannem
684 3286 920 3322 Leunclavium
932 3285 965 3318 in
985 3283 1054 3327 jure
1078 3284 1206 3318 Gtaeco-

326 3337 505 3373 Romano-

376 3383 557 3420 Calumniae
590 3383 730 3416 radicem
744 3384 875 3429 'detegit
895 3385 929 3419 in
953 3385 1010 3418 suo
1029 3381 1069 3417 ad
1091 3381 1204 3417 Photii

326 3438 615 3474 Nemo-canonem
625 3435 862 3466 commentario
884 3433 1082 3469 Theodorus
1102 3434 1205 3467 Balsa·

929 183 1571 238 Dissna'rATxo

1286 286 1409 320 magno
1421 275 1648 312 Constantino
1665 279 1911 315 communicata
1927 283 2041 321 Saneto
2058 271 2172 330 Sylvii

1285 326 1350 361 stro
1360 349 1371 365 ‚
1395 338 1433 360 ac
1443 326 1513 370 ejus
1523 327 1557 361 in
1570 328 1725 363 Romana
1736 328 1898 365 Cathedra
1908 331 2145 372 Successoribus
2154 361 2167 380 ,

1285 386 1382 420 atque
1393 376 1574 423 adjungens
1585 404 1592 411 .
1606 381 1691 423 ‚Quia
1698 377 1831 423 secunda
1841 382 1969 420 synodus
1981 382 2168 429 archiepisco.

1279 433 1322 469 po
1331 430 1357 461 C
1360 426 1659 471 onstantinopolitano'
1664 430 1748 463 dedit
1757 436 1856 464 omnia
1864 434 1959 473 Papae
1969 435 2099 466 Romani
2104 441 2169 476 pri-

1284 477 1417 523 vilegia,
1439 484 1536 513 conati
1559 477 1630 523 sunt
1655 480 1786 514 nonnulli
1811 480 2000 516 Patriarcbae
2019 507 2030 524 ‚
2066 492 2102 517 ut
2121 485 2169 519 ille

1284 528 1454 564 cerulase
1465 532 1608 563 Dominus
1619 529 1751 565 Michael
1763 554 1775 572 ,
1797 533 1896 566 &alii
1914 533 2017 566 eadem
2030 532 2088 575 fibi
2103 539 2171 576 pri-

1284 578 1395 624 vilegia
1408 570 1547 623 itrrogare
1556 603 1568 621 ,
1589 579 1649 625 sed
1655 586 1696 614 eis
1708 592 1766 615 non
1777 581 1853 616 recle*
1861 583 1932 624 ceffit
1942 607 1950 615 .
1977 583 2079 618 Hanc
2101 584 2170 619 Mi-

1284 626 1407 663 chaelis
1418 629 1579 664 Cerularii
1591 631 1761 667 audaciam
1783 631 1883 667 edicit
1903 633 2045 677 Ioannes
2063 632 2171 677 Schy-

1285 678 1358 714 litza
1371 690 1379 711 :
1406 679 1538 715 Michael
1547 683 1692 726 aggreffus
1704 681 1743 723 est
1753 688 1846 716 etiam
1856 693 1931 716 cocco
1942 683 2168 718 tinffainduere
2213 718 2220 727 ‚

1283 730 1479 765 calceamenta
1490 755 1501 772 ,
1515 737 1634 775 antiqui
1646 733 1805 766 sacerdotii
1817 745 1923 767 morem
1933 732 2010 768 hunc
2018 734 2145 778 assi-rens
2156 759 2170 777 ,

1280 780 1315 813 ὁ·
1336 788 1466 823 oportere
1485 780 1533 815 bis
1559 787 1604 815 uti
1627 794 1738 816 novum
1763 794 1874 826 quoque
1895 782 2166 828 Arcbiepiscopum.

1282 833 1368 864 Nam
1376 836 1452 865 inter
1462 833 1662 866 Sacerdotium
1673 835 1706 867 ἐν
1718 836 1856 877 Regnum
1868 833 1945 868 nihii
1953 835 2086 879 intereffe
2095 859 2107 876 ‚
2117 836 2170 869 vel

1281 881 1441 916 admodum
1450 891 1561 925 parum
1576 907 1587 924 ,
1612 884 1647 917 (5
1665 889 1698 916 in
1708 884 1794 917 rebus
1802 881 2017 927 pretiqfioribus
2036 886 2167 927 amplius

1272 929 1398 974 sonasse
1419 933 1453 965 o·
1474 937 1572 976 magis
1592 933 1739 973 colendum
1761 935 1978 968 Sacerdotium.
2004 933 2067 969 Per
2084 935 2170 969 anti-

1281 990 1384 1023 quum
1419 980 1645 1015 Sacerdotium
1670 982 1819 1018 Michael
1839 984 1982 1018 omnino
2002 984 2166 1020 intellexit

1280 1030 1472 1065 Romanum
1483 1030 1718 1066 Pontificatum
1730 1057 1738 1064 .
1764 1033 1867 1081 Qod
1885 1033 1930 1069 ob
1941 1034 2094 1069 translata
2102 1035 2165 1069 lm-

1279 1080 1409 1124 perialia
1420 1081 1590 1126 privilegia
1617 1082 1760 1116 censeret
1780 1085 1881 1118 etiam
1902 1083 2008 1128 ipsum
2030 1085 2166 1121 transla-

1279 1141 1353 1165 tum
1376 1142 1473 1175 atque
1497 1131 1714 1173 exstincium,
1740 1132 1888 1167 titulavit
1912 1134 2087 1178 antiquum
2104 1137 2161 1170 seu

1276 1180 1501 1226 antiquatum.
1525 1180 1664 1217 Hinc&
1676 1183 1707 1216 se
1726 1182 1813 1217 dixit
1834 1193 1960 1217 novum
1978 1182 2163 1232 Arcbiepis-

1275 1243 1414 1276 copum.
1440 1233 1524 1268 Non
1536 1232 1637 1267 solam
1650 1232 1805 1276 Papalem
1816 1231 2009 1277 potestatem
2021 1255 2033 1275 ,
2059 1233 2112 1269 sed
2131 1244 2164 1268 e-

1275 1281 1354 1316 tiam
1364 1282 1497 1327 Papalia
1503 1293 1696 1318 ornamenta
1704 1282 1873 1319 blateravit
1885 1283 2044 1327 pertinere
2055 1283 2096 1318 ad
2106 1282 2167 1318 P·-

1276 1333 1362 1376 palia
1377 1334 1566 1379 privilegia,
1596 1331 1861 1378 ideoqueomnii
1883 1333 2165 1378 Constantinopo-

1276 1383 1333 1417 lim
1357 1384 1523 1429 migraffe.
1554 1382 1683 1419 Verum
1695 1382 1744 1418 illi
1756 1394 1824 1419 non
1837 1382 1921 1418 bene
1931 1384 2033 1418 ceffit.
2064 1385 2163 1434 Qe-

1275 1434 1376 1468 modo
1388 1435 1428 1468 ab
1449 1434 1648 1478 Imperatore
1668 1435 1792 1470 lsaacio
1812 1434 1990 1470 Comneno
2012 1434 2168 1469 sraenatus-

1273 1485 1306 1518 ὅ(
1318 1487 1473 1519 tractatus
1482 1486 1578 1520 fuerit
1589 1509 1601 1527 ,
1617 1484 1762 1529 pluribus
1772 1484 1866 1519 refert
1877 1482 1966 1519 idem
1975 1483 2140 1527 Schylitza
2151 1509 2161 1518 .

1273 1534 1404 1576 Nempe
1432 1535 1588 1580 Augustae
1608 1537 1671 1570 suae
1689 1536 1886 1581 dignitatis,
1911 1534 2009 1578 quam
2031 1534 2162 1570 Hierat-

1271 1583 1370 1617 chicae
1383 1585 1417 1616 in
1431 1584 1571 1619 Ecclesia
1581 1586 1717 1620 unitatis
1728 1584 1897 1620 zelofiores
1907 1585 2020 1630 paffim
2030 1584 2163 1620 fixerunt

1270 1632 1483 1675 Imperatores
1529 1633 1895 1678 Constant-inopolitani
1926 1658 1939 1676 ‚
1969 1644 2070 1679 atque
2114 1635 2161 1670 itu

1272 1690 1440 1724 utramque
1457 1682 1592 1716 tandem
1612 1685 1804 1718 amiserunt.
1833 1683 1900 1718 Uti
1918 1684 2002 1728 ergo
2013 1683 2162 1719 Michael

1271 1724 1608 1768 Romano'Pontifici
1629 1742 1805 1776 purpureos
1828 1743 2007 1778 compagos
2033 1734 2068 1768 δι
2092 1734 2160 1769 alia

1270 1779 1401 1823 Imperii
1428 1790 1639 1823 ornamenta,
1668 1781 1713 1816 ita
1740 1791 1854 1817 aureos
1877 1782 2019 1816 annulos
2040 1783 2161 1817 invidit

1269 1830 1396 1864 cunctis
1423 1830 1540 1865 nostris
1563 1831 1733 1876 Episcopis
1747 1857 1759 1874 ‚
1783 1841 1885 1877 atque
1903 1830 1948 1867 ita
1961 1830 1997 1866 in
2008 1831 2163 1870 frivolam-

1269 1877 1354 1928 hanc
1372 1880 1571 1915 calumniam
1594 1883 1639 1916 est
1661 1883 1858 1918 devolutus.
2099 1885 2101 1887 ’

1319 1930 1376 1964 Est
1387 1932 1530 1966 omn'ind
1540 1932 1655 1967 frivola
1667 1958 1677 1969 .
1706 1933 1808 1981 Qdd
1816 1934 1906 1968 enim
1919 1932 2005 1968 inter
2025 1932 2159 1978 Episco-

1270 1993 1349 2025 pum
1373 1982 1428 2030 &1
1445 1982 1623 2017 Ecclesiam
1658 1982 1836 2018 intercedat
1855 1984 2021 2027 spirituale
2038 1984 2153 2027 conju-

1268 2034 1387 2076 gium,
1413 2037 1481 2066 non
1505 2032 1563 2066 sbli
1587 2045 1648 2068 nos
1669 2033 1805 2074 Latini,
1831 2033 1885 2067 sed
1899 2033 2061 2068 &omues
2071 2035 2150 2068 sem-

1268 2094 1324 2127 per
1334 2083 1519 2117 docuerunt
1531 2083 1635 2118 Graeci
1644 2108 1652 2116 .
1678 2083 1829 2118 Lucetex
1841 2080 2028 2117 orthodoxa
2051 2084 2154 2118 totius

1269 2133 1415 2178 AEgypti
1436 2134 1575 2176 synodo
1596 2159 1607 2176 ,
1634 2145 1705 2178 quae
1724 2133 1870 2168 adversus
1892 2131 2068 2167 Eusebium
2092 2132 2155 2167 Ni-

1265 2185 1504 2218 comediensem
1522 2184 1720 2229 Episcopum
1733 2209 1744 2225 ,
1769 2184 1811 2218 ad
1821 2182 2056 2218 eminentiores
2076 2183 2156 2218 sem·

1266 2246 1321 2278 per
1330 2233 1497 2269 cathedras
1507 2235 1718 2279 adspirantem
1730 2246 1767 2269 ac
1784 2234 1983 2279 migrantem
1995 2258 2004 2275 ‚
2033 2233 2154 2277 scripsit

1267 2285 1308 2319 ad
1344 2295 1460 2320 omnes
1499 2285 1556 2330 sub
1578 2285 1676 2320 Coelo
1702 2285 1877 2320 Ecclefias:
1916 2282 2061 2326 Eusebius
2082 2291 2155 2326 prae

1266 2337 1354 2370 oculis
1378 2347 1436 2369 non
1457 2334 1545 2374 babet
1567 2337 1642 2370 illud
1664 2339 1848 2378 Praeceptum
1865 2357 1876 2374 ,
1912 2333 2081 2379 Alligatus
2117 2344 2153 2367 es

1266 2386 1384 2428 uxori,
1412 2385 1484 2420 noli
1505 2397 1643 2432 quaerere
1658 2387 1856 2421 solutionem
1869 2410 1876 2417 .
1903 2383 2032 2428 ‚Qubdfi
2046 2383 2097 2417 hoc
2115 2384 2152 2417 de

1265 2448 1355 2471 uxore
1368 2436 1481 2470 dilium
1499 2436 1558 2478 est,
1585 2445 1695 2480 quanto
1714 2442 1812 2479 magis
1831 2436 1869 2469 de
1891 2433 2036 2476 Ecclefia,
2062 2444 2151 2476 atque

1266 2489 1339 2520 adeo
1350 2487 1387 2520 de
1398 2484 1580 2529 Episcopatu
1591 2512 1603 2528 ‚
1629 2494 1749 2521 cuicum
1758 2491 1826 2529 quis
1838 2486 1978 2529 alligatas
1989 2483 2027 2525 est
2036 2508 2047 2525 ‚
2059 2484 2150 2517 alium

1266 2548 1396 2579 quaerere
1407 2549 1465 2570 non
1485 2538 1570 2571 debet
1580 2561 1591 2578 ‚
1617 2549 1654 2571 ne
1675 2538 1795 2570 adulter
1813 2542 1846 2569 in
1859 2534 1956 2578 sacrls
1972 2536 2080 2567 litteris
2097 2533 2150 2565 de·

1261 2586 1487 2629 prehendatur?
1515 2589 1558 2621 Et
1576 2587 1617 2622 de
1631 2587 1782 2622 Eustatio
1800 2583 2003 2628 Pamphyliae
2023 2582 2151 2616 Metro-

1265 2638 1369 2682 polita
1379 2660 1390 2676 ‚
1417 2638 1472 2680 qui
1485 2638 1561 2672 Sedi
1575 2637 1814 2672 renuntiaverat
1828 2658 1839 2675 ,
1865 2631 1906 2667 ad
1916 2630 2058 2675 ejusdem
2069 2631 2150 2665 Pro-

1265 2688 1381 2722 vinciae
1393 2688 1571 2731 Episcopos
1581 2687 1697 2730 scripsit
1712 2682 1872 2728 Ephefina
1897 2681 2052 2725 Synodus
2064 2694 2075 2716 .·
2103 2685 2152 2714 In-

1248 2725 1252 2778 Ι
1265 2739 1388 2782 dignum
1391 2739 1491 2781 fuiffirt
1503 2739 1627 2771 viduam
1638 2745 1754 2768 manere
1765 2731 1922 2773 Ecclesiam
1933 2751 1940 2763 t
1952 2731 1997 2765 Et
2009 2729 2152 2766 Chalce-

1247 2781 1250 2828 ἶ
1264 2786 1517 2828 donensis,cujus
1528 2786 1710 2820 condendis
1721 2781 1915 2817 Canonibus
1926 2780 2035 2815 nullus
2042 2780 2149 2816 adsuit

1247 2836 1401 2888 :Latinus
1419 2836 1619 2879 Episcopus,
1645 2832 1896 2878 Congregatio:
1921 2833 2068 2866 Redditus
2087 2834 2145 2866 Ec·
2163 2852 2283 2883 canon:

1246 2884 1349 2927 ¹‚clefiae
1359 2887 1515 2918 viduatae.
1543 2887 1654 2933 Qem
1673 2885 1848 2919 Canonem
1867 2881 2038 2927 insigniter
2058 2891 2147 2915 com-⁴
2165 2894 2196 2921 X.

1245 2927 1428 2979 ⁴{mentatur
1442 2937 1645 2969 Hincmarus
1658 2933 1849 2968 Rhemenfis
1864 2931 2054 2975 Episcopus:
2079 2929 2150 2971 Nisi
2166 2933 2217 2978 Aip-
2249 2938 2298 2966 45.

1246 2980 1249 3020 l
1264 2990 1324 3018 viri
1336 2987 1370 3019 <5
1380 2992 1482 3018 uxora's
1493 2986 1596 3030 legalis
1609 2984 1773 3026 conjunctio
1784 2984 1829 3016 ad
1837 2979 1975 3025 Episcopi
1999 2981 2032 3013 ὦ*
2045 2981 2148 3013 Eccle-
2163 2975 2232 3008 ωΡ·
2254 2972 2299 3000 ¹⁶⁸
2321 3014 2335 3019 s

1245 3026 1249 3055 ¹
1258 3035 1309 3077 ſsae
1315 3035 1368 3077 fibi
1378 3037 1541 3077 conjunc‘lae
1551 3036 1708 3076 mysterium
1716 3040 1879 3077 pertineret
1886 3057 1896 3072 ,
1908 3041 2047 3075 magnum
2057 3030 2147 3063 Chal-

1263 3085 1421 3128 cedonense
1434 3088 1597 3119 Concilium
1609 3084 1744 3126 defhntYo
1751 3083 1804 3128 suo
1824 3081 1966 3124 Episcopo
1986 3082 2148 3114 viduatam

1264 3135 1417 3178 Ecclcfiam
1429 3149 1486 3169 non
1499 3146 1616 3171 vocaret
1626 3161 1633 3168 .
1645 3135 1755 3169 Etiam
1767 3132 1988 3167 Alexandrina
1997 3131 2149 3174 Synodus

1263 3186 1296 3220 &
1307 3187 1411 3230 plures
1423 3187 1607 3220 Gtaecorum
1622 3194 1763 3220 canones
1775 3182 1983 3225 illegitimam
1998 3178 2148 3225 Episcopi

1264 3237 1511 3271 translationem
1529 3248 1597 3272 non
1620 3243 1771 3270 vocarent
1792 3232 1987 3266 adulterium
1999 3256 2006 3263 .
2036 3230 2144 3264 Etiam

1265 3286 1550 3322 schismaticorum
1565 3288 1750 3321 Graecorum
1763 3283 1794 3316 in
1807 3283 1876 3325 jure
1900 3282 2013 3315 Graeco
2024 3281 2145 3313 Roma-

1266 3349 1310 3371 no
1322 3338 1479 3372 Doctores
1504 3338 1700 3380 Episcopum
1725 3332 1835 3376 paffim
1859 3341 1978 3366 vocant
2000 3327 2146 3362 Ecciefiae

1265 3389 1324 3422 suae
1338 3388 1491 3429 sponsum
1507 3396 1563 3419 aut
1574 3385 1744 3418 maritum.
1772 3382 1865 3430 Qid
1886 3379 1965 3423 ergd
1986 3377 2148 3420 delinqui-

1265 3448 1336 3471 mus
1346 3462 1356 3477 ,
1368 3436 1456 3480 quod
1468 3435 1628 3480 spirituale
1639 3433 1704 3468 hoc
1714 3431 1907 3474 conjugium
1914 3429 1990 3461 dato
2000 3427 2031 3460 ἃ
2044 3427 2146 3471 gesta-

326 3497 410 3525 mon
426 3509 439 3530 ,
465 3483 578 3521 omnia
597 3480 779 3526 Imperialia
800 3491 990 3518 ornamenta
1001 3484 1163 3521 affirmans
1187 3483 1205 3519 ὲ.
1264 3497 1300 3522 to
1312 3487 1434 3523 annulo
1444 3486 1582 3534 figamus
1594 3487 1630 3522 in
1638 3477 2147 3525 contiuaEpiscopimemoriam-

2037 3537 2099 3569 que
