2352 3736
75 379 136 410 Lib·
161 393 188 415 4.

75 429 138 458 cap.
161 431 186 456 ς.

93 2835 169 2862 Part.
192 2843 218 2861 ι.

785 99 1112 143 Lrouls

256 196 332 224 enim
344 187 435 228 refert
445 186 489 218 ad
493 183 621 225 justitia
631 194 688 216 non
699 191 820 218 tantum
827 181 1035 224 perfec'lionem
1046 202 1056 218 ‚
1083 190 1132 212 ve-

252 242 316 273 rum
325 242 417 270 etiam
428 234 638 269 inchoationem
649 232 750 266 barba
771 231 894 274 detonfio
914 240 965 264 aut
986 227 1133 272 conserva-

249 289 317 322 τέο.)
344 285 554 321 Demonstrat
572 283 677 318 hacin
691 295 723 317 re
735 280 818 316 nihil
839 283 856 315 ὲ
880 281 975 321 sacris
1002 278 1134 313 Litteris

251 347 309 373 aut
337 335 539 380 Apostolicis
564 332 793 368 traditionibus
814 330 877 365 effe
898 330 1131 365 constitutum,

252 376 344 422 {ddit
361 386 488 429 reperiri
513 385 615 418 varias
638 382 798 417 Gentium
809 380 1082 418 consuetudines,
1103 378 1135 411 &

253 437 457 481 prosequitur
466 449 477 469 .-
504 436 580 467 Aliis
591 433 661 474 inest
671 444 733 466 mor
745 430 868 463 barbam
874 429 926 473 seu
939 436 1027 471 caput
1040 429 1138 462 tonde·

253 498 285 520 re
299 511 309 526 ‚
334 487 477 519 nonnullis
489 483 614 517 barbam
626 484 744 525 quidem
755 492 811 513 non
822 481 941 512 tondere
951 504 962 519 ‚
988 487 1076 520 caput
1087 488 1138 510 ve·

253 540 286 569 νό
298 546 390 569 totum
399 537 512 569 nudare
522 558 533 574 ,
559 534 706 565 nonnullis
718 539 816 563 autem
835 531 932 571 placet
943 529 1056 571 faciem
1062 528 1136 569 pilis

255 587 387 618 omnibus
393 583 523 627 spoliare
533 606 543 621 ‚
567 587 710 615 verticem
718 585 824 622 capitis
849 580 1021 622 capillorum
1043 575 1137 617 tonsio·

516 117 603 145 De
673 101 712 144 S.

256 648 293 669 ne
303 637 434 678 detegere
445 658 454 672 ,
480 632 582 665 relic‘la
592 631 760 672 capillorum
767 638 860 672 parte
872 653 882 670 ,
908 639 975 671 quae
986 633 1064 660 inter
1087 637 1138 658 nu-

255 688 324 718 dati
334 690 455 717 verticis
462 691 568 723 partes
583 682 617 714 dt
630 688 762 722 tempora
769 678 887 720 confistit
899 702 907 710 .
934 680 972 709 At
981 678 1052 709 vero
1074 682 1137 718 qui-

256 738 328 767 dam
340 733 463 766 barbam
472 743 536 764 cum
545 731 702 763 attondent
715 755 726 771 ‚
744 738 836 772 caput
845 734 979 769 exparte
993 727 1115 759 tondent
1127 750 1138 767 ‚

255 786 290 817 (9·
302 780 453 824 detonfiim
467 790 602 823 exparte
612 781 781 822 relinquunt
794 804 802 811 .
827 776 990 820 Loquitur
1009 775 1051 810 de
1064 776 1139 809 Cle-

254 831 346 867 ricis.
375 832 419 865 Et
431 829 471 865 de
493 831 603 865 Laicis
628 829 673 863 est
687 828 802 862 eadem
820 827 923 860 ratio.
949 825 1087 860 Photius
1106 826 1139 859 &

256 883 325 926 ejus
337 881 500 916 Successor
512 877 657 913 Michael
678 876 862 911 Cei-ularius
873 876 936 909 suis
959 876 1053 920 nugis
1080 887 1140 908 nos

257 941 383 976 cogunt
404 930 444 962 ad
464 926 699 962 examinandas
722 926 815 960 hasce
834 926 1041 969 quisquilias.
1071 926 1139 960 Cur

257 980 368 1014 Latini
381 978 500 1012 Clerici
529 976 639 1020 passim
666 976 798 1011 barbam
822 976 954 1012 raserint
966 1000 978 1016 ,
1003 976 1076 1010 dixi
1098 975 1138 1012 ad

257 1031 404 1063 ostavam
425 1028 617 1071 Synodum,
837 1045 840 1047 v

343 1237 866 1287 CALUMNIA
935 1239 1043 1283 111.

386 1361 524 1405 Latini
558 1355 747 1405 comedunt
781 1355 1002 1404 immunda.

349 1478 473 1513 Ertiam
484 1478 525 1513 de
539 1475 692 1513 Sabbathi
705 1476 826 1520 jejunio
837 1476 1036 1511 calumniam
1047 1474 1144 1508 omit-

373 1539 412 1563 to
430 1553 437 1560 .
466 1529 610 1563 Abunde
637 1529 736 1570 ipsam
758 1528 893 1570 exposui
924 1525 966 1559 ad
995 1525 1142 1557 oaavam

256 1578 428 1621 synodum
448 1588 544 1621 atque
567 1578 780 1610 Truiianam.
812 1574 868 1607 An
892 1573 1089 1607 mundorum
1104 1583 1141 1605 ac

256 1628 503 1661 immundorum
520 1624 713 1659 animalium
734 1624 907 1657 discrimen
940 1623 1037 1657 fuerit
1062 1633 1142 1655 con-

254 1675 471 1711 suetudinaria
493 1685 569 1710 ante
591 1675 751 1708 diluvium
770 1675 821 1706 lex
843 1696 854 1710 ‚
893 1672 1071 1714 disceptant
1107 1670 1141 1702 &

255 1727 384 1767 antiqui
402 1728 436 1760 δε
459 1726 535 1759 novi
557 1725 738 1757 Dostores.
764 1721 936 1769 Qidquid
949 1720 986 1753 fir
1003 1745 1013 1760 ,
1041 1720 1140 1762 ipsam

256 1775 365 1809 statim
393 1775 463 1818 post
490 1773 651 1808 diluvium
677 1783 733 1806 aut
763 1771 896 1805 induxit
922 1779 979 1804 aut
999 1769 1141 1803 firmavit

255 1826 381 1860 Divina
402 1823 575 1866 Majestas,
600 1824 634 1857 δε
660 1834 715 1866 per
740 1821 831 1856 datas
858 1820 969 1863 Moysi
1010 1820 1145 1853 sanctio-

255 1886 316 1910 nes
342 1874 519 1909 firmiffime
549 1872 754 1907 confirmavit
776 1896 788 1912 ,
822 1882 863 1904 ex
887 1868 1067 1904 rationibus
1093 1881 1145 1903 va-

256 1926 331 1959 riis.
359 1924 404 1958 Et
423 1925 500 1958 licet
518 1922 561 1957 ab
581 1922 675 1956 omni
703 1921 767 1955 hoc
790 1921 952 1955 servitutis
977 1920 1056 1964 jugo
1084 1932 1144 1954 nos

254 1975 388 2009 solverit
413 1973 614 2017 Evangelica
639 1972 764 2016 gratia,
790 1972 824 2004 δε
851 1970 961 2003 Graeca
987 1970 1144 2003 tamen&

254 2024 376 2059 Latina
396 2023 629 2057 Christianitas
654 2023 775 2064 semper
796 2018 890 2054 duxit
901 2017 1053 2063 quasdam
1079 2031 1146 2053 car-

255 2085 314 2107 nes
334 2073 395 2106 effe
417 2083 486 2106 non
508 2071 648 2113 amplius
659 2070 867 2113 ceremoniali
882 2070 1143 2114 significatione,

256 2123 312 2157 sed
333 2122 474 2156 naturali
495 2121 536 2156 ad
560 2120 696 2155 humani
709 2120 853 2164 corporis
862 2120 1143 2153 alimentationem

256 2174 500 2217 incongruitate
518 2171 704 2207 immundas
730 2194 742 2211 ,
778 2169 917 2211 ideoque
954 2181 1022 2203 non
1049 2169 1145 2203 eden-

257 2221 334 2256 das.
363 2223 406 2255 Et
427 2219 559 2263 quidem
585 2221 690 2255 Graeci
714 2221 749 2254 in
774 2222 833 2253 suo
857 2218 1070 2263 Euchologio
1091 2216 1144 2253 h-a-

259 2273 337 2306 bent
360 2269 456 2305 hosce
479 2271 593 2305 titulos
611 2283 623 2304 .·
660 2271 740 2304 ordo
768 2267 870 2313 solitus
909 2267 1091 2311 observari,
1121 2267 1151 2310 fi

259 2327 408 2365 contigerit
429 2322 553 2363 aliquod
571 2321 765 2354 execrandum
786 2344 796 2360 ‚
835 2320 1043 2361 qualecumque
1068 2319 1148 2352 illud

1185 95 1420 140 NON}
1491 97 1787 141 Acrxs.
1913 107 1998 151 361

1195 188 1287 211 mum
1309 175 1508 218 comederit,
1535 188 1598 211 nee
1616 187 1746 210 carnem
1766 176 1918 211 caninam
1928 180 2071 220 gustave-

1193 228 1256 267 rit,
1282 227 1340 261 nifi
1361 226 1445 261 forte
1467 238 1585 272 magna
1598 227 1745 270 quaedam
1766 226 1929 260 necessitas
1939 237 2070 271 urgeat.

1193 277 1293 322 Qod
1315 275 1445 321 quidem
1471 278 1494 310 fi
1517 278 1576 311 usu
1599 275 1708 310 veniat
1734 300 1746 316 ,
1774 275 1858 309 nihil
1880 272 1944 309 hoe
1969 276 2074 310 modo

1195 328 1322 360 vescens
1342 327 1521 371 delinquit.
1543 329 1732 370 ,Quapropter
1739 325 1816 368 [ξένε
1827 324 1913 358 debes
1926 337 1976 358 nos
1986 321 2075 368 opera

1195 376 1268 409 data
1291 389 1337 411 res
1349 383 1456 410 noxias
1483 375 1642 419 aversari,
1668 377 1702 409 (9
1728 381 1766 408 ils
1793 377 1915 418 quidem
1938 377 2075 409 animali-

1195 426 1249 458 bus
1273 426 1371 470 vesci,
1397 432 1584 469 quaecumqu'e
1611 427 1678 459 boni
1693 424 1764 468 fient
1770 424 1870 468 succi,
1897 425 1936 457 ab
1946 427 2076 458 aliisatb

1197 485 1254 508 tem
1264 476 1418 509 abhorrere
1429 500 1439 516 ‚
1465 489 1532 518 quae
1537 476 1620 517 forte
1629 476 1829 510 valetudinem
1838 477 2077 516 incommodant,
2122 489 2124 492 ’

1196 527 1246 558 vel
1258 527 1374 568 aliquid
1380 527 1467 559 aliud
1474 531 1602 569 ingratae
1611 532 1654 559 rei
1673 526 1755 558 nobis
1774 524 1846 568 sunt
1869 525 2075 558 conciliatura.

1245 576 1448 623 Qapropter
1461 574 1526 610 hoc
1549 587 1615 609 non
1639 575 1684 610 est
1705 576 1880 619 pofitivum
1903 574 2075 619 Evangelii

1197 628 1385 659 mandatum
1398 650 1409 665 ,
1437 625 1491 659 sed
1505 636 1624 660 naturae
1636 626 1689 660 lex
1699 626 1856 670 generalis
1869 650 1879 666 ‚
1890 637 1952 669 qua
1964 635 2078 659 omnes

1196 675 1343 718 jubemur
1366 677 1529 718 proprium
1544 686 1659 719 corpus
1673 687 1739 709 non
1752 676 1874 716 odisse,
1900 675 1951 709 sed
1965 675 2083 719 dilige-

1198 735 1230 757 re
1249 736 1286 759 ac
1309 726 1420 758 fovere
1442 748 1449 755 .
1494 724 1587 758 Hinc
1614 725 1713 758 etiam
1741 726 1823 767 apud
1846 725 1995 759 Gentiles
2015 726 2081 759 fue-

1196 784 1273 807 runt
1294 773 1462 809 immunda
1476 773 1650 807 animalia:
1679 773 1780 808 Varia
1792 775 1877 817 apud
1890 774 2012 808 varios.
2043 775 2085 808 E·
2103 764 2163 845 {³11}-
2192 805 2224 832 Π

1198 824 1302 858 renim
1327 823 1368 858 de
1388 825 1531 868 antiquis
1557 823 1748 858 Britonibus
1769 848 1780 865 ,
1807 822 1895 867 quod
1922 823 2083 867 Lepores,

1198 874 1347 908 Gallinas
1363 899 1374 915 ,
1403 874 1436 908 &
1461 875 1603 909 Anseres
1620 874 1755 917 quidem
1776 875 1879 909 animi
1901 876 2005 918 gratia
2025 875 2085 908 ale-

1198 934 1286 965 rent,
1314 933 1347 960 at
1372 925 1574 959 comedenda
1598 936 1666 960 non
1687 925 1863 966 ducerent,
1891 924 2023 959 testatur
2049 924 2085 957 in

1200 974 1289 1009 libris
1311 975 1352 1009 de
1372 975 1461 1009 bello
1485 976 1617 1010 Gallico
1640 975 1743 1019 Julius
1767 976 1889 1010 Caesar.
1919 975 1966 1007 Er
1987 975 2026 1009 de
2038 973 2083 1006 A·

1201 1026 1277 1065 fris,
1305 1035 1444 1068 quorum
1462 1035 1542 1060 tunc
1563 1026 1738 1060 Amilcaris
1758 1025 1790 1059 &
1811 1024 2002 1059 Asdrubalis
2028 1025 2085 1057 Pa-

2196 772 2222 799 ς.

1201 1086 1247 1109 tet
1270 1076 1379 1120 Mago
1400 1087 1466 1109 erat
1486 1075 1585 1115 Rex,
1612 1075 1721 1110 scribit
1748 1075 1909 1119 Justinus:
1939 1079 2046 1119 Legati
2067 1076 2087 1105 ῐι
2114 1084 2172 1114 Lib.
2198 1089 2244 1116 19-

1202 1129 1287 1159 Dana
1310 1124 1470 1169 Persarum
1494 1130 1571 1170 Rege
1592 1125 1803 1169 Carthaginem
1824 1131 1949 1159 veniunt
1971 1150 1982 1166 ,
2019 1124 2089 1166 affe·

1202 1185 1300 1209 rentes
1323 1177 1466 1209 Edic‘lum
1489 1201 1500 1216 ,
1538 1177 1618 1219 quod
1644 1179 1730 1209 Poeni
1766 1182 1875 1209 canina
1900 1187 1987 1210 carne
2009 1175 2090 1218 vesei

1200 1225 1446 1267 prohibebantur.
1475 1227 1518 1260 Et
1540 1226 1581 1261 de
1601 1227 1756 1262 Orator-es
1778 1226 1957 1261 Hortensio
1979 1224 2089 1259 scribit
2117 1243 2190 1281 Cap·
2221 1243 2248 1277 55

1204 1276 1236 1309 in
1264 1275 1346 1309 libro
1367 1276 1410 1310 de
1430 1276 1540 1311 Pallio
1553 1276 1783 1312 Tertullianus
1792 1290 1807 1310 :-
1835 1280 1956 1309 Primus
1972 1279 2092 1309 Pavum

1203 1326 1258 1358 cibi
1277 1324 1366 1368 causa
1382 1327 1484 1360 oceidit
1506 1351 1513 1358 .
1549 1327 1651 1375 Qod
1676 1327 1779 1370 ipsum
1803 1327 1838 1360 in
1868 1326 2004 1360 naturali
2029 1327 2093 1359 Hi-

1203 1375 1299 1410 storia
1321 1376 1431 1411 scribit
1445 1376 1587 1410 Plinius.
1614 1376 1657 1411 Et
1677 1376 1717 1410 de
1738 1377 1907 1411 Ismaelitis
1926 1378 1980 1411 seu
2003 1376 2092 1409 Sara-

1203 1427 1292 1460 cenis
1305 1451 1315 1466 ,
1342 1438 1397 1469 per
1408 1427 1598 1460 Simeonem
1612 1425 1859 1461 Anachoretam
1872 1425 1912 1460 ad
1927 1426 2096 1469 JESUM-

1204 1475 1468 1510 CHRISTUM
1481 1477 1638 1510 converfis
1651 1501 1661 1515 ‚
1688 1475 1785 1510 habet
1798 1477 1832 1509 in
1844 1477 2034 1510 Monastica
2048 1475 2094 1509 hi·
2120 1484 2191 1520 Cap.
2211 1483 2258 1511 ιθ.

1202 1523 1299 1557 storia
1312 1522 1567 1558 Theodoretus:
1598 1529 1723 1558 Divinis
1747 1525 1885 1565 Mysteriis
1907 1530 2095 1566 initiantur,

1199 1577 1339 1615 paternis
1378 1573 1505 1606 moribus
1537 1576 1761 1615 valedicentes,
1788 1575 1986 1618 asinorumque
2011 1587 2097 1620 agre·

1195 1622 1285 1662 stium
1297 1625 1332 1656 (θ’
1349 1624 1522 1656 camelorum
1535 1623 1620 1666 esum
1628 1623 1796 1667 respuentes
1808 1652 1815 1658 .
1846 1627 1889 1659 Et
1903 1628 1935 1660 in
1949 1627 2019 1660 secu
2027 1627 2093 1660 ndo

1203 1671 1353 1705 adversus
1365 1671 1577 1713 Iovinianum
1590 1673 1675 1706 libro
1686 1675 1820 1708 sanetus
1842 1677 2094 1718 Hieronymus:
2119 1682 2187 1720 Cap.
2203 1683 2231 1711 6-

1204 1723 1285 1764 ‚Qun
1297 1727 1411 1764 ignoret
1421 1733 1659 1765 unamquamque
1664 1734 1786 1766 gentem
1796 1750 1807 1766 ,
1834 1736 1891 1757 non
1903 1733 2046 1758 communi
2056 1729 2093 1760 le-

1198 1782 1237 1815 ge
1249 1779 1366 1805 naturae
1377 1796 1387 1811 ,
1413 1771 1515 1814 sediis
1529 1797 1539 1812 ,
1567 1785 1689 1815 quorum
1700 1776 1785 1815 apud
1791 1773 1823 1818 se
1837 1783 1918 1817 copia
1926 1776 1965 1816 est
1978 1801 1986 1816 ‚
2013 1776 2093 1819 vesci

1203 1819 1318 1862 solitam
1337 1823 1350 1855 ?
1385 1822 1474 1855 Verbi
1493 1829 1599 1867 gratia
1621 1847 1632 1863 ‚
1670 1824 1783 1856 Arabes
1803 1826 1838 1858 Θ
1864 1828 2004 1859 saraceni
2018 1851 2027 1865 ‚
2057 1829 2091 1860 Θ

1204 1878 1297 1905 omnis
1323 1875 1430 1905 Eremi
1445 1873 1794 1907 Barbaria‘Camelorum
1804 1874 1881 1908 lac‘le
1893 1878 1926 1908 (9
1951 1877 2088 1909 carnibus

1179 1962 1181 1965 ἁ
1204 1926 1287 1955 vivit
1299 1935 1309 1955 .·
1337 1924 1438 1966 ,ῼΜ
1440 1922 1607 1965 hujusmodi
1613 1925 1728 1956 animal
1735 1932 1792 1965 pro
1805 1934 1935 1967 tempore
1947 1926 2091 1966 &sterili-

1205 1979 1267 2005 tate
1286 1972 1549 2015 Regionumfacile*
1555 1973 1639 2015 apud
1647 1983 1695 2005 eos
1704 1974 1739 2006 0&
1746 1979 1882 2016 gignitur
1892 1976 1925 2008 (ν
1937 1983 2072 2009 nutritur
2081 2004 2089 2011 .

1206 2026 1247 2054 Hi
1258 2021 1346 2063 nefas
1357 2022 1544 2055 arbitrantur
1570 2026 1725 2056 Porcorum
1739 2021 1816 2066 vefiti
1826 2025 1967 2057 carnibus
1985 2051 1991 2058 .
2017 2029 2090 2060 Sues

1203 2076 1282 2104 enim
1300 2095 1310 2111 ‚
1331 2078 1380 2113 qut
1387 2074 1498 2115 glande
1509 2097 1518 2112 ,
1545 2072 1689 2112 castaneis
1705 2097 1715 2113 ,
1742 2073 1889 2107 radicibus
1898 2076 2007 2116 filicum
2018 2102 2028 2117 ,
2055 2079 2090 2111 (5

1203 2120 1306 2154 hordeo
1327 2123 1368 2154 alt
1381 2121 1478 2164 solent
1496 2145 1507 2160 ‚
1544 2131 1597 2156 aut
1618 2125 1688 2155 raro
1709 2125 1795 2165 apud
1818 2135 1866 2157 eos
1890 2135 1945 2159 aut
1967 2133 2088 2168 penitus

1204 2182 1261 2204 non
1283 2177 1498 2211 inveniuntur,
1521 2174 1554 2205 (θ’
1571 2171 1601 2213 si
1622 2178 1740 2206 inventi
1755 2173 1877 2215 suerint
1903 2200 1914 2217 ‚
1941 2178 2088 2211 alimenta

1203 2233 1260 2254 non
1282 2219 1393 2255 habent
1414 2234 1481 2265 qua
1504 2223 1637 2256 diximus
1663 2248 1670 2255 .
1708 2227 1738 2255 Ε
1764 2230 1877 2269 regione
1900 2229 2087 2268 septemtrio-

1204 2271 1289 2304 nales·
1308 2273 1412 2313 Populi
1436 2296 1445 2311 ‚
1465 2270 1494 2313 fi
1507 2274 1548 2304 ad
1566 2271 1644 2315 esum
1667 2273 1814 2315 Afinorum
1846 2279 2088 2321 camelorumque

1203 2322 1356 2360 compellas
1371 2346 1380 2361 ‚
1400 2321 1494 2363 simile
1509 2322 1660 2365 putabunt
1668 2324 1852 2369 eorumve-sci
1865 2327 2005 2361 carnibus
2020 2353 2030 2368 ‚
2053 2340 2087 2362 ac

253 2371 313 2413 fit,
340 2377 373 2404 in
394 2379 614 2413 aquaeputeum
628 2371 755 2413 demergi
767 2394 775 2401 .
800 2370 880 2402 Ordo
887 2367 1007 2411 servari
1015 2368 1120 2412 solitus
1135 2394 1144 2409 ,
1195 2370 1226 2412 fi
1230 2372 1328 2412 lupum
1338 2374 1627 2416 comederecogantur
1639 2383 1693 2407 aut
1712 2386 1849 2409 corvum.
1875 2381 1912 2409 In
1936 2381 2031 2411 Ponto
2053 2382 2087 2413 o·

254 2420 285 2463 fi
299 2426 448 2465 contigerit
469 2422 589 2463 aliquid
606 2421 804 2453 execrandum
829 2424 861 2451 in
885 2425 952 2452 vini
964 2428 1017 2452 aut
1029 2421 1124 2453 mellis
1137 2444 1146 2460 ‚
1203 2420 1330 2464 Phrygia
1351 2433 1469 2456 vermes
1490 2423 1570 2457 albos
1591 2426 1625 2458 (9
1646 2421 1743 2467 obesas·
1759 2450 1770 2466 ‚
1795 2431 1849 2468 qui
1865 2428 1968 2470 nigello
1990 2415 2092 2470 capite¹

260 2479 315 2503 aut
337 2472 461 2504 alterius
483 2469 687 2514 cujuscumque
710 2482 770 2503 vas
782 2477 874 2511 nuper
885 2469 974 2501 incidi
996 2481 1029 2502 e.
1057 2469 1143 2504 Vasa
1186 2507 1188 2511 y
1196 2470 1267 2514 sunt
1279 2496 1289 2511 ,
1312 2474 1346 2506 Θ·
1372 2471 1532 2515 nascuntur
1554 2479 1587 2507 in
1605 2475 1750 2517 lignorum
1767 2482 1869 2516 carie,
1894 2486 1949 2519 pro
1966 2485 2085 2522 magnis

259 2519 330 2554 haec
355 2521 388 2554 &
412 2530 527 2563 puteos
547 2519 794 2554 accensiscereis
808 2543 818 2559 ‚
845 2519 920 2552 sacri
932 2517 1035 2552 thuris
1048 2521 1144 2553 fumi·
1186 2517 1346 2595 'reditibus
1368 2525 1461 2556 Pater
1474 2523 1615 2565 familias
1635 2530 1744 2568 exigit.
1775 2530 1821 2559 Et
1843 2530 1982 2569 quomodo
2003 2531 2088 2570 apud

261 2570 398 2614 gatione
411 2594 422 2610 ,
448 2571 533 2604 fitcra
545 2567 847 2613 Theophaniorum
860 2580 967 2612 aqua,
992 2570 1025 2603 &
1046 2571 1139 2604 variis
1203 2582 1254 2603 nos
1264 2579 1386 2615 attagen
1396 2573 1586 2616 &ficedula,
1608 2575 1716 2607 mullus
1740 2576 1774 2608 (3¹
1791 2575 1896 2617 scarus
1920 2584 1952 2610 in
1973 2580 2084 2612 deliciis

263 2619 410 2661 precibus
421 2620 555 2664 expiant
566 2630 664 2663 atque
676 2628 858 2664 expurgant
871 2644 878 2651 .
905 2619 1018 2665 Qtem
1041 2621 1139 2653 ritum
1203 2628 1409 2662 computantur
1425 2647 1435 2662 ‚
1457 2628 1502 2656 ita
1525 2624 1608 2664 apud
1627 2625 1694 2657 illos
1715 2626 1906 2670 Xylopbagon
1918 2630 2060 2671 comedisse
2073 2654 2083 2669 ‚

262 2668 443 2711 aliquifine
455 2669 668 2704 fundamento
685 2680 825 2713 arguunt
838 2668 975 2712 Judaicae
1000 2670 1142 2711 supet-sti·
1203 2672 1324 2703 luxuria
1346 2671 1403 2711 est.
1427 2671 1553 2715 Rursum
1574 2676 1736 2707 Orientalis
1758 2678 1792 2708 (a
1816 2677 1913 2714 Libya·
1937 2680 2083 2719 Populos»,

263 2716 382 2750 tionis.
409 2717 487 2750 Hac
496 2718 536 2752 de
549 2731 584 2754 re
595 2730 662 2754 non
679 2719 763 2753 male
778 2719 887 2752 scribit
900 2717 1047 2752 Michael
1060 2720 1143 2762 Gly-
1187 2739 1189 2745 ·
1205 2725 1276 2761 quia
1282 2728 1338 2761 per
1350 2720 1495 2764 desertum
1506 2725 1539 2756 (⁸2⁶
1551 2725 1679 2755 calidam
1699 2730 1799 2758 Eremi
1823 2726 1990 2764 vastitatem
2011 2728 2085 2761 locu-

263 2778 318 2800 cas
332 2791 342 2806 ,
369 2767 530 2800 affirmans
551 2767 615 2809 jam
636 2770 751 2803 cessare
773 2779 907 2804 omnem
933 2769 1068 2813 legalem
1085 2771 1145 2803 im·
1188 2782 1190 2789 .
1197 2769 1311 2809 starum
1333 2771 1425 2804 nubes
1449 2778 1653 2813 reperiuntur,
1684 2773 1794 2814 locustis
1820 2774 1896 2818 vesci
1915 2783 2003 2808 moris
2026 2778 2083 2818 est.

262 2815 459 2850 munditiam
482 2839 494 2856 ,
520 2815 553 2850 &
579 2818 799 2860 prosequens:
827 2823 931 2861 Neque
957 2830 1064 2852 novum
1090 2820 1144 2852 tibi
1188 2810 1268 2854 {Hoc
1287 2830 1393 2853 verum
1410 2821 1460 2863 effe
1478 2826 1623 2866 Joannes
1662 2834 1773 2866 quoque
1795 2825 1929 2867 Baptista
1950 2828 2059 2867 probat
2074 2854 2082 2861 .

263 2868 408 2899 videatur
433 2871 524 2899 etiam
549 2867 632 2898 modo
657 2869 796 2908 quaedam
817 2876 872 2908 pro
906 2871 1069 2902 inmundis
1093 2869 1145 2902 ba·
1206 2871 1351 2911 compelle
1367 2870 1507 2914 Phrygem
1529 2874 1561 2906 (τ
1587 2875 1762 2914 Ponticum,
1788 2884 1821 2907 ut
1842 2876 1973 2915 locustam
1998 2865 2085 2911 come-

263 2917 325 2949 bert
337 2941 346 2955 ,
373 2916 456 2949 verbi
461 2921 567 2959 gratia
578 2939 589 2955 ‚
618 2919 736 2957 Lupum
748 2940 758 2955 ‚
784 2919 913 2949 Leonem
924 2941 933 2956 ‚
965 2920 1120 2952 Pardaltm
1135 2945 1143 2952 .
1206 2921 1261 2952 dat
1273 2944 1282 2959 ,
1314 2921 1405 2962 nefas
1422 2922 1561 2962 putabit.
1582 2927 1656 2965 Coge
1672 2926 1771 2962 syrum
1782 2950 1792 2964 ‚
1821 2925 1926 2966 Afrum
1937 2951 1946 2966 ,
1965 2928 1999 2960 (9⁴
2011 2932 2084 2961 Ara-

265 2968 386 3008 ‚Quippe
407 2977 532 3010 magnus
551 2967 600 2998 ille
622 2965 751 3006 Bafilius
775 2965 838 3003 haee
850 2971 883 2998 in
898 2965 1120 3010 adscetictssuis
1132 2995 1141 3008 ‚
1208 2970 1290 3009 bem,
1303 2979 1346 3002 ut
1367 2983 1484 3005 vermes
1504 2975 1636 3005 Ponticos
1652 2975 1784 3015 glutiat,
1814 2981 1859 3007 ita
1875 2987 1923 3007 eos
1947 2976 2082 3018 despiciet

265 3021 318 3057 qui
335 3017 402 3049 libri
420 3023 547 3049 rationes
567 3020 771 3048 exerci‘iorum
786 3021 913 3055 pietatis
925 3024 1069 3049 continent
1082 3043 1092 3058 ,
1108 3026 1142 3052 in

267 3065 341 3097 hunc
357 3066 476 3099 modum
498 3067 659 3106 explicavit
671 3067 704 3098 <9¹
714 3065 875 3103 illustravit
888 3089 895 3096 .
922 3067 1144 3113 Qemadmo-

266 3114 347 3147 dum
371 3116 405 3147 in
428 3115 570 3149 oleribus
594 3115 683 3158 quod
706 3116 845 3147 noxium
867 3115 912 3149 est
927 3139 937 3154 ‚
964 3116 1005 3149 ab
1033 3127 1074 3151 eo
1098 3118 1144 3152 di-

267 3164 442 3197 scernimus
480 3163 567 3208 quod
594 3176 714 3198 naturae
738 3165 850 3198 nostrae
877 3165 1033 3200 convenit
1056 3190 1067 3205 ,
1102 3168 1143 3202 fic

266 3214 301 3246 in
324 3212 474 3247 carnibus
485 3216 584 3248 etiam
597 3215 637 3248 ab
650 3214 788 3248 utilibus
801 3214 919 3247 noxias
931 3215 1124 3251 secernimus
1135 3243 1142 3251 .

266 3263 356 3296 Nam
374 3263 406 3296 &
433 3263 539 3297 cicuta
552 3264 688 3306 proinde
699 3265 825 3298 olerum
852 3264 1069 3307 appellatione
1093 3277 1145 3302 ve·

268 3313 317 3346 nit
332 3337 342 3351 ,
368 3311 623 3347 ut&vulturum
643 3325 754 3348 carnes
775 3326 835 3357 pro
857 3314 1007 3348 carnibus
1027 3315 1144 3350 ducun-

267 3371 319 3397 tur
342 3387 348 3394 .
389 3362 498 3395 Nemo
536 3371 643 3396 tamen
670 3365 788 3397 mentis
815 3375 946 3410 compos
973 3364 1142 3410 Hyoscya·

368 3411 473 3453 christ.
480 3415 557 3454 Lupi
568 3414 786 3456 Oper.Tom⁴IV.

1206 3027 1239 3051 ut
1250 3019 1361 3062 mufias
1373 3045 1382 3060 ,
1406 3023 1584 3062 millepedios
1595 3048 1605 3063 ,
1629 3025 1794 3056 &lacertos
1806 3049 1813 3056 .
1836 3027 2028 3068 ‚Quamquam
2038 3029 2083 3065 59-

1207 3074 1234 3100 ri
1245 3070 1280 3102 (δ’
1291 3071 1450 3103 Crocodilis
1465 3077 1594 3104 terrenIs
1607 3097 1617 3112 ‚
1646 3071 1713 3113 Afri
1723 3080 1813 3106 etiam
1834 3075 1953 3109 lacertis
1975 3079 2082 3110 vtridi-

1206 3119 1258 3150 bus
1269 3118 1347 3162 vesci
1354 3118 1488 3161 fhleant.
1513 3126 1547 3153 In
1571 3124 1700 3166 AEgypto
1712 3125 1745 3156 (ν
1760 3124 1917 3164 Palaestina
1928 3151 1938 3166 ,
1960 3134 2082 3168 prepter

1209 3171 1302 3200 Reum
1326 3175 1480 3203 raritatem
1498 3196 1508 3211 ‚
1546 3183 1626 3204 nemo
1647 3183 1768 3205 vaccam
1787 3177 1910 3221 comedit
1928 3201 1939 3216 ‚
1975 3180 2081 3210 Tauro-

1208 3229 1325 3260 rumque
1335 3229 1439 3252 carnes
1461 3222 1494 3254 (5
1511 3223 1607 3253 Boum
1618 3247 1627 3263 ‚
1654 3224 1869 3266 Vitulorumque
1885 3227 2027 3268 assumunt
2047 3232 2078 3257 in

1207 3268 1282 3302 cibor
1294 3293 1305 3308 ‚
1330 3278 1363 3301 at
1373 3274 1404 3301 in
1416 3270 1511 3310 nostra
1526 3274 1682 3305 Provincia
1687 3271 1781 3314 scelus
1789 3282 1901 3316 putant
1913 3278 2018 3309 vitulos
2027 3276 2076 3307 de-

1206 3329 1327 3351 vorare.
1354 3321 1481 3353 Unde&
1493 3325 1655 3362 Imperator
1676 3324 1783 3356 Valens
1804 3334 1894 3367 nuper
1916 3328 1998 3366 legem
2018 3331 2076 3363 per

1207 3373 1356 3403 Orientem
1364 3369 1487 3406 dederat
1494 3394 1505 3411 ‚
1521 3383 1557 3405 ne
1563 3377 1630 3414 quis
1641 3373 1797 3407 vitulorum
1807 3375 1944 3409 carnibus
1953 3369 2077 3416 *cresbere-

1592 3420 1621 3455 Z
1645 3432 1664 3455 z
1957 3429 2006 3453 tur
2016 3444 2026 3460 ,
