2352 3736
112 520 167 548 An.
182 520 238 554 869

103 1101 164 1133 Lib.
177 1113 201 1133 ι.
212 1112 236 1133 c.

107 1151 151 1177 15.

349 170 418 207 62

289 303 375 335 nibus
382 299 600 344 sublimioribus
615 299 808 341 Potestauhus
821 322 831 337 ,
857 306 890 329 ut
903 307 983 329 nemo
999 305 1057 339 per
1070 299 1089 329 5
1093 304 1158 330 imo-

289 359 405 385 niacam
432 348 563 391 haerefim
584 351 734 393 regiminis
760 350 849 380 locum
873 346 1005 380 obtineat
1026 372 1033 379 .
1059 347 1159 394 Qod

289 405 391 445 ipsum
413 400 523 434 statuit
541 399 678 432 &tertia
691 397 884 430 Valentina.
913 396 1066 440 Ejusdem
1091 398 1161 433 vitii

287 453 391 495 ipsum
412 450 518 494 arguit
531 448 739 482 Remenlium
763 446 981 489 Metropolita
1003 447 1164 482 Hincma-

1107 497 1161 532 Ad

287 512 340 536 rus
365 526 376 540 ,
403 501 437 535 &
463 499 640 533 Bertiniani
668 497 868 529 Francorum
897 495 1044 531 Annales
1069 522 1076 530 .

286 551 413 586 malum
434 548 571 582 eGallia
592 546 822 580 eradicandum
845 545 1057 589 Apostolicas
1078 548 1164 583 vices

288 603 457 644 Rostagno
480 596 657 630 Arelatensi
683 596 940 644 Archiepiscopo
965 596 1055 632 dedit
1077 597 1164 642 Papa

286 653 426 695 joannes
438 649 587 681 octavus.

334 698 481 733 Accensa
492 697 614 731 rursum
631 698 691 731 fuit
706 697 834 740 pemmo
846 722 857 737 ,
887 709 924 731 ac
935 698 990 732 vix
1013 708 1160 742 unquam

283 749 376 793 plene
389 747 543 783 exstincta
565 748 659 791 pestis
673 748 742 791 post
764 759 903 782 mortem
915 748 1076 782 Ludovici
1105 761 1161 783 ter·

282 802 320 834 tii
344 799 571 842 imperatoris,
598 799 677 832 &in
701 798 880 831 Germania
903 799 1095 832 exstinc'ium
1109 811 1163 844 ge-

284 862 345 884 nus
357 849 471 884 Caroli
489 849 629 892 Magni.
658 847 789 881 Etenim
811 847 851 882 de
866 847 1036 882 Adelberti
1053 850 1163 883 Comi-

281 902 323 934 tis
344 899 664 943 Hippo-Regienfis,
693 897 839 932 Odalrici
864 898 1009 932 Comitis
1021 898 1161 940 Palatii,

281 950 442 984 Gileberti
465 948 629 988 Comitis,
656 948 690 982 δε
710 947 879 982 Lantberti
903 948 1160 984 Mediolanenfis

282 999 530 1043 Archiepiscopi
566 998 716 1032 adversus
752 998 985 1043 Berengarium
1016 1000 1159 1042 primum

280 1052 513 1095 Imperatorem
527 1047 704 1083 rebellione
727 1047 835 1082 scribit
848 1048 1069 1092 Luitprandus
1080 1050 1160 1083 Dia-

279 1112 382 1134 conus
404 1099 615 1132 Ticinenfis:
644 1102 723 1131 Dum
746 1098 925 1131 Lambertus
952 1099 1091 1140 defunc‘lo
1101 1103 1159 1132 An-

279 1152 404 1195 tecessore
420 1148 474 1192 suo
500 1148 723 1190 Mediolanensi}
762 1147 994 1192 Arcbieptscopus
1026 1151 1158 1182 ordinari

278 1202 417 1245 debuisset
440 1225 451 1240 ‚
490 1211 547 1232 non
567 1208 700 1241 parvam
722 1199 762 1231 ab
783 1211 814 1231 eo
836 1202 901 1232 Rex
922 1201 1123 1242 Berengarius
1144 1223 1155 1240 ,

276 1261 377 1285 contra
395 1249 563 1294 sanderum
595 1253 718 1284 Patrum
741 1249 873 1289 instituta
894 1274 904 1289 ‚
941 1254 1051 1290 accepit
1067 1257 1156 1291 pecu·

273 1308 358 1335 niam
383 1313 392 1344 ;
418 1300 586 1343 stipulatus
607 1301 758 1342 insuper,
783 1300 928 1340 quantum
949 1298 1155 1340 Cubiculum,

273 1353 420 1395 quantum
443 1349 561 1389 ostiarii
574 1373 584 1388 ‚
612 1349 757 1391 quantum
772 1352 941 1381 Pavouarii
957 1373 967 1389 ,
993 1347 1049 1390 ipfi
1064 1355 1154 1382 etiam

271 1402 401 1434 altilium
415 1398 551 1438 Custodes
563 1405 692 1440 accipere
701 1397 840 1431 deberent
853 1424 860 1431 .
890 1399 989 1432 Hanc
1011 1400 1155 1433 exafflu-

271 1463 372 1491 nem,
397 1459 495 1494 quam
515 1448 707 1481 Lambertus
734 1469 744 1485 ,
770 1447 847 1481 licet
866 1448 988 1481 invitus
1008 1473 1019 1488 ‚
1044 1460 1151 1483 tamen

270 1501 393 1540 solvit,
421 1499 568 1542 adeoque
586 1497 698 1539 &ipse
721 1498 783 1530 fuit
797 1497 1004 1530 Simoniacus
1021 1522 1030 1537 ‚
1061 1499 1153 1533 Luit-

271 1551 414 1594 prandus
440 1549 591 1582 adfirmat
629 1545 720 1581 fuisse
742 1548 872 1580 causam
901 1548 1155 1590 conspirationis

270 1612 346 1634 cum
376 1599 534 1634 Odalrico
555 1596 675 1631 Palatii
699 1597 835 1630 Comite
859 1620 870 1637 ,
895 1598 928 1630 &
951 1605 1064 1640 apertu:
1085 1608 1154 1632 tan-

269 1652 344 1685 dem
359 1649 563 1684 rebellionis.
590 1647 720 1681 Similes
731 1647 862 1681 alterius
873 1646 973 1680 etiam
993 1648 1153 1693 Berenga-

170 1725 194 1741 -,
224 1723 250 1750 j·
271 1702 311 1736 rii
336 1700 490 1734 simonias
510 1700 603 1733 refert
625 1699 659 1731 in
681 1697 798 1741 quinto
821 1695 906 1730 libro
921 1720 928 1729 .
957 1698 1001 1730 Et
1021 1697 1063 1731 de
1079 1699 1153 1732 Hu·

269 1762 358 1796 gone
378 1751 479 1784 Italiae
501 1749 594 1793 Rege
614 1768 624 1786 ,
660 1747 890 1791 Episcopalem
914 1749 1003 1780 suam
1026 1748 1153 1783 (51εᾶῑο-

269 1812 346 1836 nem
365 1800 691 1835 &consecrationem
714 1799 933 1832 confirmante
949 1822 957 1836 ,
987 1798 1100 1833 scribit
1111 1798 1149 1832 ad

271 1853 432 1895 Ioannem
465 1850 678 1884 undecimum
703 1847 902 1882 Pontificem
929 1846 1107 1882 Ratherius
1132 1849 1150 1882 ὲ

271 1902 448 1936 Lobbienfi
474 1900 561 1943 apnd
585 1909 646 1933 nos
656 1897 829 1932 Monacho
851 1898 1032 1941 Episcopus
1050 1899 1152 1932 Vero-

270 1953 394 1987 nensis:
423 1949 503 1992 Mifit
524 1954 590 1982 Rex
615 1955 646 1981 in
655 1950 792 1990 pitaciolo
811 1958 921 1982 certam
947 1955 1153 1990 quantitatem

93 1982 177 2022 Epist‘
204 1992 218 2019 3
224 2004 230 2011 ‘
266 2002 409 2045 stipendii
422 2027 432 2042 ,
457 2002 537 2043 quod
546 2010 674 2033 tenerem
687 1999 723 2032 de
735 2000 820 2032 rebus
836 1996 969 2039 Ecclefi.e
983 2024 993 2039 ‚
1020 2000 1055 2032 de
1073 2009 1151 2033 caete·

146 3286 246 3314 {2922-

269 2059 314 2086 ris
326 2059 448 2096 exigens
466 2052 634 2092 J'urandum
646 2075 656 2089 ‚
682 2057 715 2082 ut
728 2050 829 2082 diebus
839 2050 920 2082 illius
931 2071 941 2087 ,
963 2048 1076 2090 filiique
1080 2048 1103 2092 s
1101 2056 1130 2082 ui
1143 2074 1153 2089 ,

270 2104 401 2145 amplius
423 2113 481 2135 non
500 2106 676 2143 requirerem
689 2124 696 2131 .
724 2103 789 2143 Ego
815 2101 1007 2142 intelligens,
1035 2109 1152 2141 quanta

593 153 866 205 Saeuum
902 157 1307 204 PR'OOEMIALIS
1344 150 1786 221 Dissuwrnnoj

288 252 542 288 interdicendum,
572 249 606 282 Θ
626 249 806 292 Episcopir,
834 251 867 282 ὠ·
885 247 1032 290 Regibus,
1059 249 1160 281 &om-
1188 258 1190 260 ’

1189 305 1190 308 ’
1222 301 1358 332 delevit„

1222 247 1418 288 inaeflimabili
1438 250 1518 281 caede
1529 260 1575 281 eos
1599 250 1689 292 usque
1709 255 1754 285 ad
1772 257 2002 288 internetionem
2017 248 2106 297 poen?

1378 298 1480 347 Qod
1504 308 1618 333 votum
1641 300 1675 332 in
1695 300 1763 342 ejus
1775 304 1844 338 vita
1868 304 1980 339 laudat
2003 305 2103 339 etiam

1222 349 1414 383 Nonnosms
1448 348 1635 382 Monachus
1659 373 1669 388 ,
1704 351 1847 396 itemque
1880 353 2103 398 Luitprandus

1222 398 1391 433 Diaconus
1400 398 1605 433 Ticinenfis.
1638 398 1763 433 Verum
1775 400 1914 439 de'illius
1928 403 2102 439 successore

1224 450 1395 483 Conrardo
1407 449 1514 483 Salico
1537 448 1647 483 scribit
1658 460 1817 494 magnum
1839 451 1944 497 Belgii
1959 452 2100 489 Chroni-

1220 510 1284 532 con
1310 513 1321 532 t
1357 500 1561 542 Regtnardum
1588 499 1852 534 Archi-Diaconum
1890 502 2101 547 Virdunensem

1221 549 1327 583 Clerur
1347 551 1514 591 &populus
1535 555 1568 582 in
1581 548 1760 592 Episcopum
1775 557 1892 593 petivit
1904 546 1921 592 ,“
1939 551 1998 595 sed
2012 565 2100 587 vaca-

1221 599 1272 632 bat
1287 607 1357 632 tune
1387 598 1552 641 Leodienfis
1575 599 1700 642 Ecclefia
1722 626 1733 642 ,
1769 604 1853 643 cujux
1891 600 2101 645 Epi-scopatum

1221 655 1313 694 magis
1323 650 1372 683 ille
1383 648 1518 682 ambiens
1530 659 1541 691 ,⁴
1567 661 1633 683 eum
1654 652 1675 683 a
1688 653 1843 684 conrardo
1852 656 2032 694 Imperatore
2047 661 2102 694 per

1218 706 1374 741 pecuniam
1386 699 1511 733 obtinuit
1522 723 1530 731 .
1558 697 1664 733 Addit
1677 701 1804 745 Wippo
1823 703 1857 736 in
1872 703 1939 736 vita
1960 700 2102 745 ejusdem

1223 749 1404 793 Principis:
1432 748 1581 791 Bafileam
1599 756 1754 784 civitatem
1775 757 1896 786 invenit
1907 756 1975 786 Rex
1994 754 2102 786 vidua-

1220 809 1284 832 tam
1297 798 1440 843 Epist-‘opo
1449 823 1457 831 .
1484 800 1531 832 ibi
1543 802 1710 833 simomaco
1719 800 1835 844 haerefis
1842 801 1939 845 subito
1949 808 2101 846 apparuit,

1220 852 1315 883 &cito
1329 855 1455 883 evanuit
1469 874 1475 882 .
1504 851 1675 883 Nam·dum
1689 853 1753 883 Rex
1765 853 1799 885 Θ·
1811 855 1930 896 Regina
1942 854 1962 884 ἃ
1974 854 2102 896 quodam

1219 900 1329 933 clerico
1342 925 1352 939 ‚
1379 900 1468 933 nobili
1479 904 1544 933 viro
1556 922 1566 939 ‚
1594 907 1712 934 nomine
1723 904 1860 936 Udalrico
1876 928 1887 943 ,
1915 909 1967 946 qui
1977 903 2020 936 tbi
2033 912 2101 935 tunc

1220 948 1386 993 Episcopus
1399 948 1515 989 efflet‘lus
1529 949 1567 990 est
1576 975 1587 991 ‚
1615 950 1790 995 immensam
1793 959 1952 995 pecuniam
1958 962 2014 995 pro
2025 956 2102 995 Epi-

1215 997 1336 1041 scopatu
1341 998 1524 1043 susciperent
1537 1025 1547 1040 ‚
1569 999 1667 1042 postea
1679 1004 1746 1035 Rex
1770 1008 1991 1046 inpoenitentia
2000 1012 2099 1037 motus

1218 1058 1286 1081 voto
1301 1048 1488 1093 seobiigavit
1508 1058 1565 1091 pro
1587 1053 1684 1094 aliquo
1697 1051 1883 1095 Episcopatu
1906 1056 1958 1088 vel
1970 1054 2100 1087 Abbatia

1218 1099 1331 1131 nullam
1338 1107 1411 1140 pecu
1416 1105 1497 1131 niam
1509 1100 1640 1140 amplius
1652 1107 1782 1143 accipere
1794 1128 1804 1142 ‚
1826 1109 1859 1135 in
1873 1115 1927 1146 quo
1938 1113 2006 1137 voto
2014 1104 2101 1146 poen?

1216 1147 1289 1181 bene
1295 1148 1457 1190 permanfit
1469 1172 1480 1189 ‚
1502 1146 1645 1191 sedfilius
1658 1151 1725 1190 ejur
1741 1158 1849 1185 tertius
1861 1157 2001 1187 Hemicus
2011 1177 2022 1192 ‚
2046 1158 2097 1195 qui

1212 1198 1309 1240 posted
1330 1203 1398 1231 Rex
1419 1200 1453 1232 o·
1474 1197 1617 1242 Augustus
1639 1199 1758 1240 effec‘lur
1780 1201 1819 1242 es}
1832 1226 1843 1241 ‚
1871 1204 1980 1243 optimc*
2002 1201 2102 1243 &fine

1215 1254 1294 1281 omni
1311 1247 1447 1292 scrupulo
1470 1250 1610 1281 Patrium
1644 1259 1748 1283 votum
1771 1257 1914 1293 expiavit
1940 1277 1950 1293 ‚
1976 1257 2049 1295 qula
2067 1257 2100 1285 in

1216 1305 1294 1331 omni
1315 1298 1448 1341 vitasua
1464 1306 1522 1340 pro
1540 1299 1673 1331 omnibus
1685 1297 1882 1343 dignitatibus
1895 1302 2100 1343 Ecclefiqstleir

1215 1354 1303 1381 unius
1325 1348 1403 1382 obuli
1408 1355 1541 1390 pretium
1564 1359 1620 1381 non
1633 1350 1743 1382 divitur
1767 1351 1866 1384 adhuc
1877 1353 2026 1396 ιγπερὶ-βξ.
2054 1353 2099 1386 Et

1217 1400 1248 1431 in
1264 1397 1348 1431 libro
1359 1399 1539 1443 gratiffimo
1562 1400 1696 1432 Sanstus
1708 1400 1823 1434 Petrus
1843 1403 2023 1436 Damiani:
2050 1404 2101 1436 Ad

1214 1447 1453 1489 confiderandum
1485 1454 1588 1491 magni
1609 1449 1698 1488 hujus
1735 1454 1855 1484 Henrici
1876 1455 1965 1495 Regis
1989 1450 2099 1496 infigne

1213 1503 1393 1540 praeconium
1410 1504 1543 1530 animum
1554 1498 1778 1539 transferamur
1790 1525 1797 1531 .
1827 1501 1891 1540 Post
1904 1505 1999 1534 Deum
2015 1501 2112 1545 scili-,

1212 1555 1255 1581 cet
1267 1547 1328 1591 ipse
1339 1560 1391 1580 nos
1401 1559 1438 1580 ex
1451 1546 1630 1590 insatiabtllr
1643 1560 1690 1581 ore
1705 1553 1851 1583 Draconis
1872 1557 1982 1592 eripuit
1994 1577 2003 1590 ,
2032 1550 2094 1595 ipse

1215 1601 1388 1631 simoniacae
1401 1597 1543 1640 haereseos
1555 1621 1565 1636 ,
1592 1600 1625 1631 ὢ·
1645 1600 1820 1641 multiplicis
1845 1605 1952 1635 revera
1975 1602 2095 1643 hydra,

1214 1654 1312 1680 omnia
1334 1654 1435 1690 capita
1464 1651 1590 1680 Divinae
1611 1654 1737 1682 virtuttr
1759 1663 1894 1684 mucrone
1920 1658 2102 1685 truncavit:

1214 1700 1278 1740 ‚Qui
1291 1699 1428 1732 videlicet
1450 1699 1494 1730 ad
1505 1697 1614 1738 Christi
1622 1699 1750 1742 gloriam
1770 1712 1828 1734 non
1853 1705 1997 1735 immerito
2005 1701 2097 1744 potest

1214 1750 1326 1781 dicere:
1354 1750 1506 1792 ‚Quotquot
1516 1757 1589 1781 ante
1613 1760 1660 1781 me
1673 1761 1821 1786 venerunt
1832 1776 1843 1791 ‚
1861 1751 1953 1793 fures
1970 1751 2095 1794 fuerunt

1214 1799 1385 1832 &latrones
1399 1823 1406 1830 .
1429 1802 1515 1830 Nam
1527 1796 1618 1840 usque
1630 1798 1729 1842 adsui
1738 1810 1854 1844 tempus
1865 1807 1987 1844 Imperii
1998 1805 2096 1835 sacer-

1215 1850 1327 1881 dotium
1338 1847 1681 1889 inexplebilesfalsttatis
1694 1874 1704 1889 ‚
1730 1859 1763 1884 ut
1775 1857 1820 1884 ita
1840 1850 1967 1893 fatear,
1999 1851 2097 1890 Baby-

1213 1900 1301 1931 lonico
1323 1899 1393 1931 Beli
1409 1897 1568 1940 praebebat
1589 1898 1740 1942 impensas
1761 1913 1770 1943 ;
1798 1912 1831 1934 at
1848 1902 2004 1944 postquam
2025 1902 2107 1942 bic,-

1215 1949 1330 1982 notiore
1341 1952 1402 1982 Deo
1414 1974 1423 1989 ‚
1447 1957 1609 1990 paternum
1621 1949 1746 1982 obtinuit
1759 1953 1969 1993 Principatum
1977 1977 1986 1990 ‚
2013 1954 2094 1983 Dra·

1214 2004 1321 2031 conteis
1335 2010 1403 2031 mox
1410 1997 1553 2040 faucibus
1566 1998 1654 2039 affirm
1669 2006 1741 2041 pius
1753 2003 1876 2042 injecit,
1903 2004 1938 2035 Θ·
1941 2001 1982 2043 fic
1991 2005 2097 2033 imma·

1215 2061 1280 2081 nem
1293 2048 1409 2088 bestiam
1422 2047 1507 2091 quafi
1511 2050 1624 2082 Daniel
1632 2051 1709 2083 alter
1719 2051 1879 2091 exstinxit.
1903 2050 1966 2084 Rei
1980 2050 2099 2085 seriem

1214 2099 1315 2132 edicit
1339 2098 1375 2132 in
1388 2099 1604 2133 Virdunenfis
1626 2099 1774 2134 Eccrefiae
1797 2101 1967 2135 Chronico
1990 2102 2095 2145 Hugo

270 2153 443 2197 absurditas
466 2150 517 2183 boc
539 2149 759 2192 consi’queretur
785 2173 796 2189 ,
822 2162 881 2182 non
901 2147 1043 2191 consensi.
1067 2151 1157 2192 ,Quid
1217 2148 1604 2182 AbbasFlaviniaeenfis.
1631 2148 1802 2184 Barbarica
1813 2150 1983 2185 rebellium
1998 2151 2095 2184 Hun-

272 2203 393 2245 magis?
420 2200 561 2233 Adhibuit
586 2201 717 2241 undique
736 2198 931 2242 persecutores
953 2200 988 2232 (9⁹
1007 2198 1153 2242 adversa-

273 2260 355 2292 rios,
380 2258 432 2294 qui
456 2259 509 2283 aut
523 2252 706 2283 deterrerent
727 2260 773 2282 me
794 2258 826 2282 ut
838 2249 1013 2294 effugerem,
1040 2258 1091 2281 aut
1116 2254 1155 2282 ir-

272 2309 403 2337 ritarent
413 2310 445 2333 ut
458 2306 489 2332 in
499 2302 581 2333 illum
604 2301 770 2332 excederem
783 2323 793 2338 ,
821 2301 898 2332 &ut
919 2310 965 2331 me
988 2300 1154 2341 expellendi

274 2358 424 2387 inveniret
456 2349 621 2392 oct-ostonem
647 2375 654 2381 .
682 2347 883 2382 Vacantium
918 2348 1152 2383 Cathedrarum

276 2404 362 2437 bona
387 2412 478 2436 erant
503 2412 582 2434 tunc
606 2400 638 2433 in
665 2399 794 2443 Regum
816 2398 961 2432 custodia
978 2422 988 2439 ‚
1015 2399 1153 2443 ideoque

275 2464 380 2487 novus
394 2453 576 2494 Episcopus
588 2449 764 2492 supplicare
777 2449 885 2482 flatim
897 2447 1032 2483 debebat
1055 2450 1150 2483 levari

277 2501 402 2544 abipfis
415 2511 545 2533 manum
561 2500 722 2544 Regiam,
748 2498 842 2532 ante&
862 2499 933 2542 ipsis
954 2511 1020 2532 non
1042 2500 1154 2532 fruitu-

278 2564 352 2588 rus.
381 2551 424 2584 Et
444 2552 521 2593 quia
547 2561 612 2582 non
627 2560 680 2591 per
703 2546 843 2592 Regiam
871 2549 1153 2590 nominationem,

278 2603 332 2637 scd
344 2602 381 2634 ad
395 2600 437 2632 Pa
444 2601 529 2643 pales
542 2610 646 2641 preces
656 2609 826 2641 promotus
838 2599 938 2632 suerat
951 2597 1127 2632 Ratherius
1143 2624 1152 2639 ‚

279 2651 459 2697 gravissime
480 2650 669 2692 indignatus
689 2649 751 2681 fuit
774 2648 869 2688 Rex,
888 2652 1081 2692 juravitque
1098 2657 1154 2690 per

281 2707 396 2739 Deum,
424 2711 472 2732 ncc
490 2699 526 2740 cst
538 2705 679 2731 mentitus
692 2722 701 2737 ,
728 2698 805 2740 quod
822 2699 924 2730 diebus
948 2705 1023 2731 vitae
1040 2697 1106 2741 siiae
1118 2700 1155 2733 de

282 2751 348 2795 ipsa
371 2752 554 2784 ordinatione
577 2761 632 2781 non
657 2749 720 2791 effer
736 2747 899 2791 gavisurus
925 2773 930 2779 .
968 2749 1153 2783 Simoniaca

284 2804 371 2836 lucra
394 2800 452 2834 fibi
475 2800 554 2842 eripi
580 2799 642 2832 fuit
666 2799 873 2842 indignatus.
904 2798 996 2831 Hinc
1020 2811 1154 2833 manum

284 2853 426 2897 Regiam
448 2851 488 2884 de
510 2848 755 2892 Episcopalibus
776 2848 871 2882 bonis
894 2847 996 2882 levare
1021 2849 1156 2889 noluit,

284 2902 336 2935 sed
349 2900 527 2935 miserabile
538 2900 707 2932 dumtaxat
721 2898 910 2941 pitaciolum
929 2899 1020 2932 dedit
1033 2899 1154 2932 Rathe—

286 2953 336 2984 rio
356 2977 366 2991 ‚
387 2951 555 2993 tantasque
578 2948 907 2987 cievitadssistiones,
934 2957 971 2981 ut
990 2948 1155 2982 calamita-

287 3000 436 3033 tibusille
446 3000 540 3043 quiam
564 2999 696 3033 scientia
716 2998 850 3031 evaserit
862 2997 998 3038 clarior,
1026 2998 1157 3032 meritus

286 3048 418 3082 tandem
429 3047 528 3083 hocce
541 3047 770 3092 Epitaphium.
801 3052 920 3081 Veronae
943 3047 1080 3090 Praesul,
1102 3047 1160 3091 sed

286 3107 333 3130 rer
345 3097 502 3129 Ratherius
516 3102 598 3131 exul.
629 3098 704 3132 Exss
712 3107 743 3132 at
769 3097 912 3141 Epistola
932 3097 965 3131 in
979 3098 1156 3143 Spicilegio

286 3147 385 3182 Lucae
394 3144 545 3179 Dacherii
559 3172 565 3178 .

337 3196 456 3230 Resita
467 3195 605 3228 cucurrit
620 3198 718 3238 usque
731 3197 770 3231 ad
782 3199 966 3233 Henricum
982 3199 1131 3232 sanetum
1146 3222 1155 3237 ,

286 3246 402 3289 dequo
416 3244 598 3287 Sigebertus
611 3245 867 3282 Gemblacensis:
895 3252 1044 3291 Hungarts
1058 3254 1155 3282 Fran-

285 3303 384 3335 ciam,
416 3292 558 3336 Alsatiam
578 3317 588 3331 ‚
617 3295 810 3327 Alleinaniam
831 3322 840 3336 ‚
870 3301 1088 3340 saxoniamque
1108 3299 1155 3331 de.

283 3345 495 3389 populantibus
505 3368 515 3383 ‚
543 3347 683 3375 Henricus
695 3347 759 3375 Rex
768 3347 862 3385 juxta
874 3348 972 3379 urbem
985 3347 1157 3381 Mersburch

286 3394 442 3440 congressus
456 3418 465 3433 ,
493 3404 605 3426 vovens
627 3395 686 3424 Deo
705 3401 760 3433 pro
773 3394 962 3436 adipiscenda
985 3398 1110 3431 vic‘ioria
1126 3395 1158 3441 J}

284 3444 404 3494 [τρηχὺ]
441 3446 635 3477 simoniacam
661 3443 697 3475 de
710 3440 763 3484 suo
793 3454 881 3487 regno
913 3447 1157 3487 eradicaturum,

1215 2207 1367 2244 garorum
1380 2199 1561 2244 irruptione
1573 2209 1725 2233 vexatum
1739 2199 1928 2245 Principem
1951 2202 2001 2234 ait
2012 2201 2106 2235 redi»

1216 2249 1272 2282 isse
1294 2247 1334 2283 ad
1347 2260 1405 2283 cor
1419 2275 1428 2289 ‚
1453 2250 1486 2283 δι’
1497 2248 1539 2283 ad
1564 2250 1639 2284 suos
1650 2250 1858 2293 synodaliter
1876 2263 2095 2296 congregatos

1217 2300 1395 2343 Episc'opos
1417 2298 1485 2333 haec
1508 2301 1666 2342 perorasse
1693 2314 1700 2333 :
1729 2305 1850 2345 Lugens
1878 2302 1964 2335 vobis
1988 2306 2096 2344 incipio

1214 2351 1310 2392 loqui,
1336 2356 1388 2392 qui
1400 2355 1465 2383 vice
1473 2348 1583 2389 Christi
1594 2355 1626 2381 in
1635 2352 1700 2390 ejus
1714 2351 1841 2392 Ecclesia
1852 2351 1998 2391 constituti
2015 2351 2106 2392 estis,·

1215 2411 1302 2442 quam
1306 2397 1361 2440 fibi
1373 2398 1563 2442 desponsavit
1573 2423 1582 2439 ‚
1610 2401 1644 2433 Θ
1651 2399 1705 2442 s'uo
1717 2403 1865 2445 sanguine
1886 2402 2023 2435 redemit.
2053 2403 2104 2432 Sis

1216 2459 1264 2483 cut
1275 2458 1354 2483 enim
1373 2456 1507 2494 gratuita
1523 2449 1653 2483 bonitate
1676 2452 1713 2482 de
1733 2450 1794 2494 sinu
1805 2455 1910 2484 Patris
1929 2456 1985 2491 per
1999 2454 2094 2493 Virgi-

1219 2511 1283 2532 nem
1296 2502 1341 2532 ad
1350 2512 1401 2533 nos
1414 2500 1597 2533 redimendos
1619 2504 1723 2532 venire
1734 2501 1878 2542 dignatus
1889 2500 1927 2539 est
1935 2524 1945 2539 ,
1975 2506 2021 2533 ita
2025 2499 2092 2543 suis

1212 2556 1356 2591 praecepit
1379 2552 1412 2584 (θ’
1431 2552 1512 2582 dixit
1524 2572 1533 2587 ,
1559 2553 1687 2580 mittens
1712 2561 1758 2581 eos
1772 2573 1782 2589 ,
1810 2549 1991 2584 GRATIS
2017 2550 2094 2584 AC-

1217 2600 1421 2634 CEPISTIS
1433 2625 1443 2640 ‚
1456 2597 1636 2633 GRATIS
1646 2597 1783 2632 DATE
1797 2624 1803 2630 .
1833 2604 1891 2632 Vos
1903 2608 2000 2632 autem
2019 2612 2094 2632 aver-

1217 2656 1289 2683 ritia
1311 2650 1517 2691 &cupiditate
1536 2654 1684 2689 corrupti,
1711 2654 1762 2690 qui
1782 2649 2010 2682 benedic'lionem
2032 2662 2094 2682 con-

1212 2700 1298 2742 ferre
1309 2700 1424 2734 debetis
1437 2723 1447 2739 ,
1460 2704 1492 2731 in
1503 2698 1558 2730 hac
1572 2697 1786 2741 transgressione
1796 2700 1897 2732 dando
1907 2702 1940 2734 ἐν
1951 2706 2093 2741 accipien-

1218 2752 1254 2783 do
1269 2750 1417 2783 maledieir
1428 2749 1509 2789 estis.
1529 2752 1563 2780 N
1567 2760 1616 2779 am
1628 2749 1663 2780 Θ
1675 2751 1763 2781 Pater
1773 2760 1853 2782 meus
1872 2774 1880 2789 ,
1890 2751 1926 2781 de
1937 2752 2019 2789 cujus
2031 2756 2094 2782 ani-

1217 2813 1274 2833 mae
1283 2802 1411 2842 periculo
1420 2801 1510 2833 vaide
1514 2796 1685 2840 pertimesco
1698 2822 1709 2839 ‚
1738 2801 1869 2832 eamdem
1891 2798 2102 2832 damnabilem?

1217 2855 1379 2884 avarithzm
1390 2855 1422 2882 in
1435 2855 1502 2882 vita
1508 2847 1563 2891 sua
1574 2853 1661 2880 nimis
1671 2855 1801 2883 exercuit
1816 2875 1821 2881 .
1851 2854 1957 2892 Itaque
1968 2854 2101 2892 quicum-·

1203 2934 1205 2942 s
1218 2912 1273 2943 que
1285 2900 1410 2940 vestrum
1422 2898 1513 2941 hacse
1524 2898 1638 2930 macula
1645 2900 1792 2940 pollutum
1807 2906 1963 2943 agnoverit
1977 2923 1988 2937 ‚
2014 2906 2093 2939 opor-

1203 2945 1205 2977 ἶ
1218 2960 1259 2983 tet
1281 2961 1314 2983 ut
1337 2953 1356 2982 ἃ
1371 2949 1457 2993 sacro
1477 2947 1637 2987 Ministerio
1661 2960 1797 2983 arceatur
1817 2976 1823 2982 .
1865 2953 1989 2990 Propter
2014 2947 2092 2980 hanc

1218 3006 1296 3034 enim
1306 2999 1446 3043 offensam
1457 3005 1542 3032 venit
1550 2997 1639 3041 super
1645 2998 1720 3039 filios
1732 3000 1880 3032 hominum
1887 2997 1985 3039 fames
1993 3019 2002 3034 ‚
2019 3010 2095 3029 mor-

1218 3052 1321 3083 talitas
1335 3075 1345 3090 ‚
1373 3052 1537 3092 &gladius
1549 3074 1555 3080 .
1577 3054 1683 3081 Omnes
1696 3055 1776 3081 enim
1781 3050 1897 3092 gradus
1910 3045 2092 3087 Ecclefiastici

1218 3103 1236 3132 ἃ
1247 3107 1379 3132 maximo
1397 3101 1538 3141 Pontifice
1551 3097 1639 3141 usque
1661 3102 1705 3130 ad
1715 3098 1865 3138 ostiarium
1887 3101 2091 3141 opprimuntur

1216 3159 1268 3192 per
1279 3150 1385 3191 vestrae
1398 3151 1601 3183 damnationis
1615 3154 1773 3190 pra-mium
1783 3171 1794 3187 ‚
1819 3148 1854 3180 Θ·
1864 3152 1896 3179 in
1906 3147 2021 3179 cuneos
2030 3146 2094 3190 spi·

1219 3202 1326 3233 rituale
1331 3200 1482 3244 grassatur
1503 3194 1688 3233 introi-mium
1697 3220 1705 3227 .
1733 3197 1809 3229 Hac
1831 3207 1913 3230 voce
1937 3196 1978 3231 ad
1991 3197 2093 3241 poeni-

1218 3252 1357 3284 tentiam
1381 3252 1553 3285 concussos
1574 3248 1665 3282 fuisse
1675 3256 1790 3279 omnes
1799 3246 1978 3292 Episcopos
2000 3245 2091 3281 addit

1220 3299 1363 3334 laudatus
1375 3301 1481 3344 Hugo
1494 3324 1504 3340 ‚
1522 3300 1555 3332 &
1565 3297 1584 3329 a
1595 3295 1699 3328 Patris
1712 3295 1758 3328 sui
1770 3298 1912 3330 animam
1926 3307 2094 3332 commen-

1217 3351 1314 3385 dante
1338 3349 1491 3395 Augusto
1512 3344 1753 3390 promulgatum
1777 3343 1842 3379 hoc
1854 3346 2025 3380 Edistum:
2054 3350 2093 3379 Ue

1217 3402 1313 3434 nullus
1330 3402 1448 3444 gradus
1468 3398 1522 3430 vel
1537 3394 1758 3434 Ecclesiasticum
1784 3394 1978 3435 Ministeritim
1994 3402 2092 3437 pretio

1201 3450 1402 3515 inquiratur.
1433 3451 1478 3480 Et
1481 3446 1512 3488 fi
1517 3450 1582 3488 quis
1604 3450 1784 3488 attentarit,
1811 3450 1887 3479 omni
1906 3445 2007 3479 honore
2020 3447 2095 3478 mul-

1950 3504 2025 3530 tetur
2034 3518 2042 3527 .

2119 519 2176 551 1³01.
2191 530 2263 563 ¹³²2*

2118 1399 2190 1436 Cap.
2207 1402 2254 1434 36·

2116 2051 2145 2078 Α-
2167 2053 2253 2083 1:239-¹
