2352 3736
105 1617 239 1656 Legi-e·
250 1624 264 1647 ι

146 3256 219 3293 Cap·
243 3261 270 3290 3·

358 171 456 209 290
668 152 1000 193 SANCTI
1072 147 1168 192 LE

285 236 397 275 Etiam
409 237 550 270 aliorum
562 231 860 275 antiquissimorum
883 229 1020 264 Patrum
1044 227 1178 273 Regula

287 287 394 324 lucide
405 283 514 319 laudat
528 282 757 316 Novitiatum.
802 281 914 314 Etiam
937 279 1095 324 pleraeque
1118 280 1179 314 La-

290 339 439 372 tinorum
460 333 596 368 Patrum
620 331 757 377 Regulae
771 355 778 362 .
815 331 861 364 Et
881 330 1015 374 quidem
1046 331 1180 365 Sandlus

289 384 486 425 Benedictus
507 385 614 428 ipsum
637 382 728 426 jubet
750 382 818 415 esse
839 380 960 426 integri
994 381 1074 415 anni
1095 406 1107 423 ,
1142 393 1180 416 ac

288 439 373 470 intra
394 435 502 478 ipsum
524 434 668 468 Novitio
690 441 739 466 ter
764 431 894 478 praelegi
920 431 1108 476 Regulam,
1145 433 1179 470 &

288 494 364 524 ante
375 485 474 529 ipsius
493 484 616 527 lapsum
627 494 696 516 non
708 482 840 517 admitti
867 482 908 517 ad
927 483 1159 527 profeffionem
1173 508 1180 515 .

286 536 355 570 Rei
366 535 505 570 modum
516 533 654 576 exponit
668 534 805 577 antiqua
820 546 874 577 per
889 531 1039 568 Lucham
1051 531 1183 571 Dacha-

287 586 374 621 rium
396 595 436 618 ex
468 584 576 621 Sancti
612 585 762 630 Remigii
790 584 997 622 Monasterio
1026 583 1182 628 producta

287 636 431 671 formula
447 658 459 674 ‚
484 644 549 679 qua
560 635 716 678 probatus
728 635 888 670 Novitius
908 636 1085 670 consuevit
1108 649 1181 680 pro.

286 686 457 720 sessionem
471 697 596 730 petere:
625 690 692 731 Ego
702 686 894 729 Rodfridus,
921 690 1042 720 initium
1065 699 1184 721 conver-

281 735 373 780 fionis
386 748 460 770 meae
474 738 634 781 diligenter
647 740 811 772 attendens
823 763 833 779 ‚
871 737 1012 777 considero
1035 740 1116 781 quod
1132 748 1184 780 pe-

286 787 446 823 titionibus
459 794 532 822 meis
541 794 675 830 primum
686 801 743 822 non
746 788 853 831 facilis
871 790 1007 832 concessus
1023 790 1061 830 est
1082 795 1184 822 introi-

287 846 337 871 tus
350 861 362 878 ‚
382 835 437 880 sed
447 840 499 871 diu
507 838 646 882 pulsanti
658 839 732 873 mibi
745 847 804 874 vix
816 838 938 882 hospitii
947 841 1026 873 locus
1040 838 1078 879 est
1099 839 1183 882 mise-

285 890 440 924 ricorditer
450 889 618 923 attributus
633 914 641 922 .
669 894 707 922 In
721 901 779 933 quo
787 899 843 932 per
849 898 962 932 paucos
978 891 1042 923 dies
1063 902 1184 923 commo·

285 949 374 975 ratus
388 964 400 979 ,
439 945 637 975 Novitiorum
651 939 720 983 sum
745 942 862 973 domum
881 941 1043 984 ingressus,
1070 946 1103 974 in
1125 952 1185 984 qua

287 992 366 1026 dura
378 992 413 1025 <5
426 990 533 1035 aspera
538 998 674 1034 primum
683 990 757 1025 mihi
767 993 788 1024 a
801 986 919 1025 Seniore
939 990 1014 1034 sunt
1034 993 1186 1034 praedt'ca·

287 1051 341 1085 ra,
367 1045 402 1078 (9'
422 1044 599 1085 stabilitatis
618 1055 692 1078 meae
710 1043 851 1085 promiffio
873 1049 1010 1085 expetita
1035 1067 1046 1083 ,
1084 1045 1118 1077 Θ
1138 1051 1185 1076 ter

287 1100 321 1125 in
333 1106 412 1127 anno
433 1096 509 1128 lee‘la
520 1105 607 1136 atque
618 1095 737 1127 tradita
750 1092 787 1133 est
798 1096 912 1139 Regula
925 1118 936 1134 ‚
962 1105 1029 1128 cum
1049 1094 1186 1126 admoni-

287 1150 366 1178 tione
381 1147 528 1180 dicentis:
559 1149 634 1178 Ecce
644 1147 714 1184 lex,
749 1142 805 1187 sub
827 1145 1044 1186 qua-militare
1066 1150 1137 1184 vis,
1161 1141 1190 1184 fi

282 1209 369 1243 potes
383 1197 550 1242 observare,
565 1197 731 1240 ingredere,
732 1194 762 1236 fi
769 1197 839 1228 vero
850 1205 907 1227 non
916 1202 1001 1235 potes
1012 1218 1022 1233 ,
1050 1195 1127 1227 liber
1141 1195 1185 1226 di-

282 1243 370 1300 scede
380 1276 387 1282 .
425 1248 573 1285 Primum
584 1258 662 1292 ergo
675 1245 834 1280 Novitius
844 1244 884 1278 ad
896 1243 1074 1288 hospitium
1087 1243 1121 1278 in
1135 1255 1188 1278 ve·

286 1302 334 1335 ste
357 1299 455 1335 Laica
470 1321 481 1337 ,
505 1296 586 1333 hinc
596 1299 636 1331 ad
648 1296 866 1332 Novitiorum
878 1296 1018 1330 domum
1038 1295 1086 1339 ins
1101 1296 1184 1329 veste

287 1350 496 1388 Monastica‚
533 1348 669 1382 tandem
690 1346 845 1390 professus
879 1344 1111 1380 admittebatur
1144 1345 1184 1380 ad

287 1401 506 1436 Conventum
515 1422 522 1430 .
548 1399 633 1445 Qae
646 1399 751 1432 forma
762 1396 796 1430 δε
807 1397 893 1441 apud
905 1396 1044 1443 Latinos
1053 1395 1086 1430 &
1098 1397 1184 1441 apud

286 1453 419 1486 Graecos
430 1450 493 1484 fuit
516 1449 628 1496 pasiim
640 1448 827 1482 observata.
912 1487 914 1492 Ι

337 1502 446 1536 Porto
470 1500 506 1534 in
520 1498 651 1532 novella
660 1499 700 1531 ad
712 1495 938 1541 Epiphanium
951 1495 1183 1531 Constantino-

287 1553 475 1601 politanum
505 1547 725 1583 patriarcham
759 1547 832 1592 lege
854 1548 966 1581 statuit
1002 1548 1182 1589 Imperator

289 1597 493 1652 {ustinianus
505 1614 515 1634 .·
541 1602 698 1633 sancimus
709 1623 718 1638 ‚
740 1596 846 1640 sacras
855 1596 1017 1640 sequentes
1031 1599 1175 1640 Regulus,

287 1667 337 1690 eos
360 1660 411 1696 qui
427 1651 608 1696 singularem
630 1647 880 1689 conversationem
899 1647 1099 1688 profitentur,
1125 1658 1182 1679 non

283 1705 424 1749 prompte
436 1714 504 1735 mox
521 1701 538 1733 a
551 1699 795 1737 reverendissimis
819 1695 1004 1738 Praesulibus
1031 1695 1182 1727 venerabi-

287 1756 362 1792 lium
374 1751 613 1792 Monasteriorum
624 1747 761 1780 habitum
783 1752 932 1788 percipere
959 1744 1161 1778 Monacbalcm
1174 1767 1183 1783 ,

286 1805 345 1850 sed
351 1814 409 1847 per
421 1807 584 1836 triennium
600 1808 695 1833 totum
712 1799 835 1831 tolerare
849 1822 859 1836 ,
885 1798 1016 1829 nondum
1029 1794 1181 1829 Monachi-

286 1867 353 1889 cum
374 1853 510 1887 habitum
529 1859 731 1892 promerentes
748 1873 757 1888 ‚
780 1846 840 1891 sed
860 1845 982 1889 tonsura
995 1870 1005 1885 ,
1044 1848 1079 1879 (Β
1106 1846 1182 1886 veste

287 1918 387 1940 eorum
401 1930 411 1946 ‚
439 1909 491 1946 qui
501 1906 586 1936 Laict'
598 1908 743 1933 vocantur
757 1924 767 1939 ,
796 1904 862 1938 uti,
888 1898 1048 1930 &manere
1070 1897 1183 1929 divina

288 1954 478 2000 addiscentes
495 1954 626 1994 eloquia.
656 1950 724 1986 Eos
735 1948 855 1993 jugiter
879 1947 1065 1990 probandos
1085 1957 1182 1989 atque

287 2004 488 2041 erudiendos
516 2000 674 2039 mandat,
700 2000 732 2033 &
772 1998 996 2042 prosequitur:
1026 2000 1074 2029 Et
1112 1998 1183 2030 dum

290 2062 419 2091 triennio
446 2062 505 2088 toto
531 2058 575 2086 ita
597 2048 821 2094 permanserint
842 2074 851 2089 ,
890 2054 1014 2090 optimos
1044 2045 1182 2090 semetip-

285 2107 333 2155 sos
357 2108 390 2141 (a
416 2102 583 2139 tolerabiles
611 2102 682 2134 aliis
711 2098 866 2133 Monacbi's
894 2100 928 2134 (9
968 2096 1097 2140 Praesuli
1133 2099 1183 2130 a'e-

289 2158 484 2200 monstrantes
511 2179 522 2194 ‚
558 2153 611 2186 hos
651 2149 852 2183 Monacbicam
885 2154 1050 2191 promereri
1077 2147 1182 2188 vestem

290 2220 380 2252 atque
390 2204 541 2250 tonsuram
553 2230 560 2237 .
590 2203 641 2236 Ex
654 2202 762 2235 Sancti
780 2199 952 2234 Pachomii
970 2198 1099 2244 Regula
1115 2198 1183 2230 vult

293 2258 508 2293 Novitiatum
522 2255 586 2292 esse
600 2251 759 2296 completi
773 2251 909 2285 triennii
925 2275 930 2281 .
959 2249 1041 2283 Non
1053 2250 1084 2282 in
1107 2248 1184 2282 Mo-

293 2309 415 2346 nassica
426 2333 437 2349 ,
480 2306 533 2340 sed
548 2306 580 2338 in
592 2303 692 2342 Laica
700 2302 788 2336 veste
799 2302 832 2335 δε
844 2301 995 2337 tonsura.
1022 2301 1103 2333 Hoc
1116 2298 1159 2332 est
1173 2321 1184 2337 ,

294 2363 328 2395 in
342 2369 443 2403 parvo
456 2356 586 2392 habitu.
615 2355 659 2388 Et
672 2357 736 2387 hoc
746 2350 923 2387 secundum
943 2351 1046 2384 sacras
1076 2350 1184 2393 Regu·

296 2413 341 2446 las
357 2437 362 2443 .
392 2410 443 2443 Ex
456 2420 524 2453 quo
538 2408 622 2440 lucet
637 2405 773 2449 parvi&
789 2405 902 2447 magni
927 2398 1057 2436 habitus
1078 2399 1186 2434 discri-

297 2473 373 2496 men
386 2461 448 2495 effe
471 2458 656 2503 Justiniano
680 2453 781 2500 longe
803 2451 969 2496 antiquius
987 2478 994 2484 .
1022 2453 1055 2486 Si
1079 2449 1186 2492 conje-

298 2511 445 2548 {iurandi
458 2513 514 2542 fiat
529 2508 657 2541 libertas
671 2530 681 2547 ,
718 2505 786 2548 ejus
804 2504 968 2547 originem
989 2501 1131 2537 deferam
1152 2501 1186 2533 in

299 2571 461 2605 magnum
485 2558 656 2591 Basilium.
697 2555 749 2588 Ex
775 2553 950 2598 singulari,
976 2564 1046 2593 quae
1069 2550 1187 2584 Mona-

300 2613 416 2647 sticam
429 2609 527 2644 etiam
542 2608 576 2640 in
599 2605 720 2639 oblatis
738 2615 792 2647 pet
816 2613 964 2646 parentes
985 2601 1124 2645 parvulis
1145 2600 1190 2632 vi-

301 2674 370 2697 tam
380 2660 488 2694 noluit
500 2668 576 2692 ante
589 2656 762 2700 septimum
775 2653 942 2688 decimum
953 2652 1056 2685 :etatis
1066 2661 1190 2684 annum

302 2713 366 2747 effe
376 2720 479 2745 ratam
488 2720 525 2742 ac
538 2709 664 2742 firmam
680 2730 691 2746 ,
715 2705 828 2748 magni
843 2702 952 2736 Baiilii
963 2702 1111 2735 desti-ina
1123 2701 1193 2744 plu·

304 2775 353 2798 res
364 2757 810 2804 affumpseruntoccafionem
832 2755 866 2787 δε
890 2754 1077 2787 fomentum
1097 2762 1192 2786 excu-

305 2813 412 2848 tiendi
436 2810 581 2845 emissam
604 2817 680 2842 ante
702 2805 930 2850 professionem
955 2828 966 2844 ,
1002 2814 1131 2846 unaque
1150 2802 1194 2835 sa-

309 2874 399 2901 crum
420 2864 455 2898 &
479 2859 682 2905 Angelicum
703 2856 875 2896 habitum,
903 2864 1000 2897 atque
1021 2852 1062 2886 ad
1087 2851 1193 2886 saeculi

309 2925 386 2948 vota
406 2911 563 2948 redeundi
577 2932 585 2941 .
614 2910 658 2942 Et
678 2907 843 2941 Basilianae
865 2904 1045 2947 disciplinae
1066 2903 1196 2935 sestaro-

311 2976 359 3000 res
383 2964 578 2998 censuerunt
600 2959 711 2994 excuti
734 2957 802 2991 fine
822 2953 1013 2999 sacrilegio,
1050 2962 1195 2987 attamen

313 3026 381 3047 non
395 3015 461 3048 sine
472 3023 591 3058 magna
603 3008 778 3045 venerandi
793 3005 924 3040 habitus
937 3003 1055 3047 injuria
1065 3028 1073 3036 .
1103 3002 1196 3036 Hinc

316 3064 418 3105 ipsum
437 3064 603 3098 duxerunt
633 3059 764 3094 nonnisi
796 3055 941 3100 profeffis
975 3052 1198 3093 credendum,

319 3123 414 3152 atque
428 3114 472 3146 ita
483 3110 706 3146 inducendum
730 3118 865 3153 parvum
889 3104 1058 3139 habitum.
1094 3102 1197 3149 Qiod

320 3161 424 3204 ipsum
436 3162 520 3205 apud
534 3174 593 3196 nos
604 3162 744 3195 Latinos
759 3158 888 3192 videtur
900 3156 1059 3200 placuisse
1081 3154 1198 3188 Sancio

319 3211 461 3245 Caesario
485 3212 661 3245 Arelatensi
681 3209 942 3253 Archiepiscopo
965 3232 972 3238 .
1023 3206 1127 3239 Lucet
1157 3215 1198 3237 ex

320 3261 416 3305 ipsius
427 3260 468 3293 ad
480 3260 643 3294 Moniales
654 3261 793 3304 Regula:
820 3262 875 3298 Ei,
896 3269 965 3300 quae
978 3260 1038 3290 Deo
1056 3253 1201 3298 inspiran-

325 3321 353 3355 te
360 3314 546 3353 eonvertitur
562 3332 571 3346 ‚
599 3321 654 3341 non
668 3309 763 3342 licebit
767 3309 871 3348 statim
884 3307 1021 3340 habitum
1041 3306 1198 3350 Religionis

325 3362 484 3406 assumere,
511 3356 565 3398 nist
587 3367 675 3390 antea
698 3363 729 3389 in
752 3361 855 3391 multis
875 3363 1088 3399 experimentis
1102 3354 1200 3398 fuerit

326 3414 468 3446 voluntas
490 3409 569 3441 illius
581 3407 764 3448 approbata.
793 3409 851 3438 Sed
860 3412 910 3438 uni
921 3418 956 3439 ex
963 3406 1128 3449 senioribus
1139 3416 1200 3440 tra-

327 3465 393 3499 dita
404 3470 516 3498 annum
528 3462 670 3505 integrum
682 3461 714 3488 in
731 3465 761 3490 eo
774 3478 785 3496 ,
810 3467 865 3499 quo
876 3461 960 3488 venit
975 3480 984 3495 ,
1011 3456 1115 3490 habitu
1134 3464 1198 3499 per·

1205 162 1410 194 ole
1482 148 1747 211 Noni,

1236 281 1314 322 state
1331 286 1447 316 Prioris
1463 299 1471 319 ς
1499 286 1681 328 &quomodo
1698 284 1858 328 personam
1878 290 1929 321 vel
1937 293 2128 333 compunctio-

1241 342 1308 365 nem
1324 334 1447 370 viderit
1458 362 1468 378 ,
1493 343 1538 369 ita
1550 337 1603 369 vel
1609 336 1731 369 celerius
1743 336 1796 369 vel
1804 337 1922 370 tardius
1929 337 2047 378 studeat
2056 353 2131 376 tem.

1237 390 1365 423 perure,
1400 387 1457 422 Au
1470 388 1504 421 in
1518 387 1604 420 mere
1621 387 1726 420 Laico
1739 410 1749 426 ‚
1776 397 1818 421 an
1843 398 1951 421 autem
1971 389 2007 422 in
2028 402 2128 433 parvo

1241 432 1435 472 Monastico
1449 436 1563 472 habitu
1584 436 1755 471 Moniales
1777 436 1847 471 suas
1868 438 1998 481 probari
2019 441 2130 476 sanxe—

1245 489 1310 529 rit,
1335 489 1471 533 ignoro.
1504 489 1589 523 Item
1602 488 1747 523 laudatas
1768 487 1811 522 ab
1829 487 1969 522 adducta
1990 489 2063 534 lege
2084 491 2128 525 sa·

1190 236 1200 535 l
1242 229 1377 272 severet.
1419 234 1466 265 De
1487 234 1554 278 ipſs
1566 243 1668 268 tamen
1678 234 1783 269 habitu
1795 239 1938 272 mutando
1940 238 1980 282 fit
1998 245 2031 274 in
2046 237 2139 283 pote·¹

1243 590 1442 624 vincialibus
1455 589 1533 624 hinc
1548 588 1626 623 inde
1637 590 1802 633 Synodis,
1828 598 1885 624 aut
1906 589 2015 633 potius
2038 588 2056 623 a
2078 602 2133 625 va·

1243 642 1366 676 riorum
1379 640 1549 675 hincinde
1559 640 1838 675 Monasteriorum
1850 639 2132 675 Patriarchiscon-

1244 691 1349 732 ditas,
1376 694 1410 726 ὃς
1432 703 1488 736 per
1508 690 1730 735 justinianum
1750 693 1898 724 extensas
1920 691 1960 725 ad
1994 701 2131 725 omnem

1247 742 1440 776 Ecclesiam.
1471 742 1631 777 Novellas
1645 741 1733 775 enim
1745 743 1815 776 suas
1837 741 1878 775 de
1897 741 2131 775 Ecclefiasticis

1243 844 1343 878 clefiis
1354 845 1523 888 imponere
1532 870 1539 878 .

1294 893 1531 938 Etcerteipsas
1551 893 1678 928 admisit
1702 893 1803 927 etiam
1833 894 1971 931 Latina,
1998 893 2132 936 ipsaque

1249 945 1326 978 item
1339 944 1494 979 Romana
1510 945 1669 979 Ecclefia.
1697 945 1779 979 Non
1797 952 1907 978 tamen
1931 943 2019 977 hunc
2041 942 2132 976 Arti-

1246 995 1360 1028 culum
1371 1020 1378 1028 .
1407 996 1555 1038 Magnus
1566 996 1656 1028 enim
1663 994 1847 1039 Gregorius
1859 992 1919 1028 hac
1931 994 1964 1026 in
1978 1006 2011 1028 re
2023 994 2132 1037 magis

1249 1044 1400 1088 probavit
1413 1045 1576 1090 Regulam
1591 1043 1870 1080 sanetissenedicti
1885 1069 1892 1077 .
1918 1044 1979 1079 Sed
1999 1055 2060 1077 nec
2083 1045 2131 1087 ip·

1248 1097 1312 1128 sam
1327 1093 1382 1128 hic
1394 1094 1523 1128 admisit
1537 1105 1591 1138 per
1604 1094 1735 1127 omnia.
1762 1095 1869 1128 Lucet
1887 1106 1930 1129 ex
1950 1094 2067 1127 litteris
2087 1093 2131 1128 ad

1249 1147 1469 1180 Fortunarum
1482 1145 1744 1188 Neapolitanum
1772 1144 1993 1187 Episcopum.-
2021 1147 2134 1177 Perve-

1250 1203 1293 1230 nit
1303 1197 1346 1228 ad
1357 1207 1408 1228 nos
1426 1199 1604 1230 Mauritium
1616 1195 1786 1238 quendam,
1813 1199 1862 1236 qui
1875 1202 1966 1236 nuper
1976 1198 2010 1226 in
2028 1196 2134 1226 Mona-

1246 1248 1331 1286 sterio
1343 1243 1700 1290 Barbatiam'conversus
1722 1244 1777 1285 est,
1809 1245 1923 1278 ablatis
1941 1243 2043 1287 secum
2063 1244 2136 1276 aliis.

1250 1297 1420 1337 Monachis,
1445 1297 1523 1341 fuga
1535 1298 1572 1330 de
1583 1298 1683 1330 eodem
1696 1294 1870 1336 Monasterio
1879 1293 2034 1337 disbeffiffb.
2058 1295 2136 1337 ,Qua

1248 1357 1280 1380 in
1290 1359 1320 1380 re
1326 1348 1511 1390 praedie‘lum
1522 1343 1810 1388 Barbatianumsua
1832 1345 1914 1378 nobis
1930 1349 2135 1387 praectpitatio

1250 1398 1437 1431 vehementer
1450 1396 1565 1441 accusat
1576 1422 1587 1438 ‚
1613 1402 1665 1440 qui
1675 1397 1784 1430 temere
1790 1394 1816 1439 s
1811 1396 1964 1429 aecularem
1974 1393 2134 1433 bominem,

1249 1455 1351 1482 &non
1360 1459 1430 1483 ante
1439 1449 1601 1490 probatum
1624 1446 1810 1491 tonsuravit.
1839 1448 2000 1487 Propterea
2031 1447 2134 1477 Mona·

1244 1499 1338 1537 sieriis
1362 1498 1496 1533 omnibus
1512 1503 1710 1532 Fraternitas
1722 1497 1819 1539 vestra
1828 1496 1986 1536 distamus
2009 1496 2134 1528 intendi⁴

1246 1559 1318 1588 cat,
1357 1561 1393 1581 ne
1413 1561 1457 1582 eos
1471 1574 1482 1588 ,
1508 1561 1580 1591 quos
1603 1551 1648 1581 ad
1669 1548 1903 1582 convertendum
1927 1543 2133 1590 susceperint,

1244 1597 1421 1640 priusquam
1445 1599 1598 1631 blennium
1622 1605 1655 1630 in
1687 1594 1907 1641 conversatione
1934 1598 2099 1638 compleant
2124 1618 2136 1634 ‚

1248 1650 1325 1681 nullo
1342 1649 1425 1680 modo
1437 1650 1572 1681 audeant
1597 1647 1750 1691 tonsurare
1762 1672 1769 1678 .
1795 1648 1855 1679 sed
1873 1646 1925 1679 boc
1939 1646 2042 1690 spatio
2061 1651 2133 1678 vita

1247 1708 1365 1735 eorum,
1391 1697 1538 1740 moresque
1544 1696 1672 1740 sollicite
1684 1696 1925 1738 comprobentur,
1953 1706 1989 1729 ne
1998 1701 2065 1738 quis
2088 1691 2138 1728 eol

1247 1758 1314 1779 rum
1325 1754 1378 1780 aut
1387 1757 1444 1779 non
1452 1745 1491 1788 fit
1501 1756 1656 1780 contentus
1672 1748 1751 1789 quod
1759 1749 1855 1780 voluit
1870 1771 1880 1786 ,
1901 1754 1952 1778 aut
1961 1755 2064 1778 ratum
2074 1755 2133 1778 non

1247 1796 1356 1829 habeat
1378 1797 1457 1839 quod
1473 1798 1558 1842 elegit
1582 1821 1589 1829 .
1628 1795 1766 1830 Recedit
1790 1795 1808 1828 ὲ
1829 1796 1938 1829 Sansti
1962 1793 2135 1829 Benedicti

1249 1847 1399 1891 Regula,
1425 1848 1460 1881 δε
1487 1847 1635 1881 admittit
1674 1846 1840 1881 laudatam
1877 1844 2053 1890 Iustiniani
2090 1844 2136 1878 le·

1248 1909 1321 1942 gem
1335 1922 1346 1937 ,
1372 1895 1482 1930 verum
1495 1908 1572 1932 curn
1597 1906 1858 1939 temperamento
1871 1918 1882 1934 ‚
1915 1897 1950 1930 &
1970 1895 2134 1939 dispensa-

1247 1949 1338 1982 tione
1351 1949 1447 1981 unius
1469 1948 1548 1981 anni
1571 1947 1613 1981 de
1633 1946 1815 1990 praescripto
1837 1957 1893 1990 per
1914 1946 2016 1988 ipsam
2035 1946 2135 1978 trien·

1249 2000 1305 2032 nio
1319 2024 1325 2033 .
1341 1997 1502 2031 Extendit
1516 1999 1549 2032 &
1560 1997 1693 2040 ampliat
1705 1996 1770 2031 hoc
1781 1995 2135 2038 suumanteriusSyno-

1247 2049 1318 2082 dale
1330 2049 1511 2083 Decretum
1525 2062 1531 2081 :
1559 2048 1676 2081 Multos,
1690 2049 1727 2080 de
1747 2044 1939 2089 Ecclefiastica
1952 2044 2135 2089 velsaecula-

1246 2110 1275 2132 ri
1285 2098 1409 2139 familia
1431 2105 1569 2133 novimus
1593 2100 1638 2131 ad
1661 2097 1880 2140 Omnipotencis
1901 2099 1957 2128 Det·
1972 2094 2134 2138 servitium

1244 2149 1391 2192 festinare
1402 2174 1412 2188 ‚
1439 2159 1473 2181 ut
1485 2149 1523 2181 ab
1536 2148 1670 2182 bumana
1679 2147 1922 2191 servituteliberi
1937 2170 1947 2186 ‚
1974 2153 2008 2178 in
2027 2147 2134 2178 divino

1244 2199 1371 2243 servitio
1382 2200 1507 2232 valeant
1517 2198 1704 2241 familiarius
1715 2205 1748 2231 in
1762 2197 1931 2237 Monasterio
1946 2193 2132 2238 conversari.

1249 2249 1473 2293 ‚Quosfipafflm
1486 2251 1669 2282 dimittimus
1681 2274 1691 2288 ‚
1721 2248 1859 2282 omnibus
1866 2247 2012 2290 fugiendi
2035 2247 2136 2280 Eccle-

1243 2300 1352 2342 fiastt'ci
1378 2303 1463 2341 juris
1492 2304 1662 2334 Dominium
1686 2297 1856 2340 otcafionem
1890 2296 2082 2338 praebemus,
2109 2294 2141 2337 fl

1249 2354 1320 2385 ‘vero
1352 2350 1533 2393 festinantes
1559 2350 1598 2383 ab
1624 2355 1827 2392 omnipotenti
1854 2352 1912 2382 Dei
1933 2346 2058 2391 servitio
2091 2353 2137 2381 in·

1249 2403 1334 2435 caute
1359 2408 1542 2442 retinemus,
1584 2401 1629 2433 illi
1655 2402 1796 2434 videmur
1832 2410 1939 2444 negare
1974 2398 2134 2443 quaedam‘,

1236 2452 1299 2497 lqui
1317 2453 1401 2485 dedit
1426 2458 1544 2486 omm‘a.
1571 2453 1656 2484 Unde
1681 2451 1784 2495 necesse
1805 2450 1863 2491 est,
1889 2460 1922 2484 ut
1942 2447 2078 2492 quisquis
2095 2457 2136 2480 ex

1237 2488 1328 2544 ljuris
1341 2501 1589 2542 Ecclefiasticivel
1608 2500 1764 2545 saecularis
1787 2502 1903 2534 militiae
1920 2498 2070 2542 servitute
2093 2497 2138 2531 ad,

1238 2548 1307 2585 ''Dei
1314 2552 1475 2595 servitium
1488 2559 1620 2586 converti
1643 2549 1787 2593 defiderat
1798 2574 1808 2589 ,
1836 2550 1975 2591 probetur
1991 2548 2078 2589 prius
2100 2555 2135 2579 in

1255 2607 1343 2636 Laico
1368 2603 1472 2636 babitu
1493 2603 1676 2643 constitutus.
1715 2605 1760 2634 Et
1774 2600 1804 2641 fi
1819 2611 1912 2632 mores
1946 2599 2014 2638 ejus
2042 2607 2135 2639 atque

1253 2651 1437 2696 conversatio
1459 2653 1531 2685 bono
1550 2652 1686 2694 defiderio
1706 2653 1773 2691 ejus
1802 2648 1993 2689 testimonium
2005 2647 2136 2689 ferunt,

1253 2702 1360 2746 absque
1379 2703 1584 2736 retractatione
1591 2700 1707 2743 servire
1720 2706 1752 2733 in
1764 2699 1936 2740 Monastert'o
1945 2703 2136 2739 Omnipoten-

1255 2761 1279 2786 η’
1290 2756 1414 2786 Domino
1419 2758 1636 2794 permittatur,
1673 2760 1706 2783 ut
1718 2751 1757 2783 ab
1770 2750 1899 2782 humano
1913 2748 2040 2792 servitIo
2059 2747 2134 2781 liber

1255 2804 1393 2840 recedat,
1419 2807 1511 2844 quiin
1525 2803 1629 2835 divino
1639 2799 1770 2844 obsequio
1795 2799 1998 2839 distrie‘homm
2019 2803 2135 2841 appetit

1252 2852 1450 2896 servitutem.
1478 2852 1633 2886 Laudatae
1651 2852 1719 2896 legi
1737 2851 1917 2894 Imperator
1934 2850 2136 2895 Justiniaaus

1258 2901 1414 2946 adjecerat
1423 2902 1507 2936 hanc
1518 2901 1766 2945 ampliationem
1779 2913 1787 2933 2
1813 2901 1890 2935 Si‘ve
1901 2897 1992 2933 liberi
2003 2899 2062 2931 sint
2073 2898 2138 2931 five

1260 2954 1359 2987 servi.
1382 2952 1572 2987 Permiserat
1586 2954 1691 2986 servos
1705 2950 1926 2986 etiaminsciis
1936 2959 2033 2991 atque
2056 2950 2139 2980 invi-

1262 3005 1302 3038 tis
1315 3003 1471 3038 Dominis
1492 3004 1562 3037 fieri
1587 3002 1797 3037 Monachus:
1824 3001 1887 3035 Per
1906 2999 2140 3043 profeffionem

1265 3056 1410 3088 sanxerat
1436 3053 1542 3088 servos
1569 3053 1787 3097 emancipari,
1812 3053 1845 3086 δε
1872 3049 2011 3093 quietari
2032 3047 2142 3083 adver-

1265 3106 1311 3138 sus
1336 3115 1470 3140 omnem
1498 3106 1719 3138 calumniam.
1745 3102 1819 3135 Nec
1844 3100 1909 3133 sine
1945 3099 2140 3134 fundamen.-

1264 3166 1319 3190 to:
1346 3160 1432 3189 Nam
1451 3155 1481 3198 fi
1501 3157 1606 3189 multis
1632 3153 1741 3196 cafibus
1767 3157 1858 3185 etiam
1884 3162 1922 3184 ex
1944 3152 2006 3195 lege
2031 3148 2142 3192 haesit,

1265 3208 1298 3240 <55
1337 3207 1407 3239 ralis
1444 3207 1587 3250 quiedam
1622 3205 1742 3239 libertas
1780 3202 1890 3242 datur,
1916 3202 2058 3244 quomodo
2082 3209 2140 3246 non

1261 3255 1443 3298 praevalebit
1483 3258 1593 3290 divina
1623 3259 1728 3298 gratia
1764 3253 1877 3286 talibus
1909 3263 1956 3284 eos
1992 3248 2141 3293 absolvere

1265 3308 1417 3349 vine-ulls?
1445 3305 1570 3342 Verum
1582 3304 1724 3339 humana
1748 3303 1893 3346 nequitia
1914 3302 1959 3335 est
1981 3296 2142 3343 profunda

1265 3359 1296 3391 ὅ(
1310 3357 1413 3391 astuta
1428 3383 1434 3389 .
1463 3355 1610 3403 Qidam
1622 3355 1782 3387 furtorum
1799 3363 1852 3387 aut
1873 3352 2012 3385 aliorum
2033 3347 2145 3381 crimi-

1267 3418 1345 3441 num
1372 3406 1417 3440 rei
1458 3405 1536 3439 servi
1564 3404 1609 3438 ob
1635 3402 1837 3438 evadendam
1863 3409 1994 3444 poenam
2019 3397 2144 3432 fiebant

1266 3455 1449 3499 Monachi,
1477 3466 1543 3491 non
1555 3455 1593 3490 ad
1607 3451 2021 3492 sanaimoniaeveritatem.
2051 3448 2145 3482 Simi-

2051 3502 2097 3534 les

1244 551 1313 574 cras
1327 539 1477 584 Regulas
1490 539 1611 584 ignoro
1625 564 1632 570 .
1667 537 1874 575 Crediderim
1895 539 1990 573 fuiffe
2011 541 2030 573 a
2053 539 2139 575 Pro-v

1245 793 1339 828 rebus
1354 794 1441 838 leges
1452 803 1590 827 conatus
1602 793 1657 826 ille
1668 792 1714 826 est
1725 791 1880 827 omnibus
1891 792 1948 826 sub
1961 791 2058 826 Coelo
2070 791 2131 826 Ec-

2152 1183 2210 1215 le.
2237 1187 2262 1214 8.

2153 1223 2236 1264 Epist.
2259 1232 2304 1261 23.

2152 2069 2182 2098 L.
2205 2078 2232 2103 4·

2253 2078 2299 2104 44·
