2352 3736
399 167 418 197 1
428 155 462 197 6⁴

322 232 482 278 phanias:
498 233 657 280 Josephus
676 233 780 277 aJebaet
799 241 913 270 mortua
931 235 1050 276 conjuge
1061 230 1097 275 se
1120 238 1200 268 veri-

149 268 307 309 Haes‘fi304
321 290 403 327 tum,
431 288 468 319 n‘e
491 285 663 318 abArtants
683 285 831 319 violenter
854 284 992 324 abreptus
1006 283 1137 317 Clericus
1151 282 1202 325 fie-

322 341 390 376 ret.;
412 333 496 378 saepe
506 340 586 369 enim
596 335 682 369 illurn
692 335 805 368 blande
817 334 979 371 adeuntes,
1004 341 1039 365 ut
1062 334 1106 366 ad
1111 331 1201 376 fuam

313 382 476 427 samonem
488 383 626 426 transsret
635 383 831 418 hortabantur
843 405 856 422 ‚
878 392 915 416 ac
928 384 1054 424 majoris
1072 381 1126 426 spe
1133 391 1201 426 pro-

317 434 406 477 ceffus
417 435 588 469 alliciebant
596 459 608 476 ‚
634 442 669 468 ut
680 432 764 473 velst‘
783 432 885 475 neceffe
890 430 972 474 foret
985 455 995 472 ,
1037 432 1200 476 Episcopa-

319 492 384 517 tum
396 484 576 525 ostenderent
586 509 594 517 .
620 488 732 516 Horum
741 485 835 525 igitur
846 490 927 516 metu
942 484 1069 517 alterum
1087 481 1122 526 se
1135 496 1199 517 ma-

318 538 486 569 trimonium
504 534 596 577 ΜΨ
618 531 782 574 dicebant,
807 530 904 575 quose
925 532 965 565 ab
980 533 1033 566 illa
1056 544 1198 567 manuum

315 583 491 626 impositione
508 584 643 617 liberaret
655 607 662 615 .
689 582 824 619 Factum
847 580 880 616 id
905 582 987 617 dicit
1000 582 1196 631 Schytopoli

316 644 375 678 per
396 631 619 676 Patrophilum
646 632 847 676 Episcopum
869 656 881 673 ‚
908 633 1076 675 peffimum
1102 633 1195 668 Aria-

316 694 413 718 num.
438 682 487 717 At
509 694 568 717 cur
589 681 793 726 exspectabat
816 680 949 726 Josephi
978 680 1195 718 viduitatem?

313 732 414 779 Qod
426 733 581 766 uxorium
594 733 829 768 commercium
842 732 908 767 suis
927 733 1106 777 majoribus
1118 733 1192 769 Cle-

313 783 388 815 ricis
407 794 476 816 non
499 783 716 826 permitteret.
742 783 853 831 Qare
874 782 994 818 scabiei
1019 784 1192 818 exordium

309 831 504 866 crediderim
527 833 590 867 effe
612 831 654 867 ab
676 832 821 877 Ulphila
843 833 1009 878 Episcopo
1035 859 1045 875 ,
1070 835 1128 878 qui
1150 834 1192 869 ab

311 880 471 917 Eudoxio
482 882 597 927 Regiae
608 883 750 918 civitatis
763 881 922 918 Antistite
932 883 1075 918 seductus
1087 909 1098 930 ‚
1119 886 1192 920 suos

310 932 409 965 etiam
431 932 562 967 Gothos
574 944 615 966 ex
629 931 817 967 Catholicis
828 934 904 968 fecit
916 932 1074 975 Arianos,
1092 935 1194 978 subje-

310 980 421 1026 citque
443 982 593 1017 Ecclesiae
619 982 998 1027 Constantinopolitanae
1024 1010 1031 1017 .
1061 985 1191 1020 Exinde

309 1030 453 1075 ipsorum
480 1032 659 1077 Episcopus
691 1032 860 1068 consuesse
893 1035 1073 1069 consecrari
1103 1035 1189 1079 apud

278 1118 282 1122 ,
307 1081 638 1125 Constantinopolim
651 1107 662 1123 ,
691 1082 780 1116 lucet
792 1095 831 1117 ex
842 1084 960 1119 litteris
972 1084 1081 1119 Sancti
1095 1085 1190 1128 Joan-

210 1127 216 1139 '
246 1136 252 1142 '
277 1129 283 1142 ·’
307 1128 610 1173 nisChrysostomi.
650 1130 898 1179 Ulphilasergo
910 1135 1059 1169 Graecam
1081 1135 1193 1179 conju·

306 1181 356 1226 gii
374 1181 541 1217 licentiam
555 1182 649 1226 poffit
669 1181 734 1216 una
746 1182 868 1218 dedisse
891 1185 957 1219 suis
969 1186 1128 1227 Clericis,
1154 1186 1189 1219 ὃ(

307 1229 424 1266 horum
446 1232 555 1276 postea
576 1233 766 1267 successores
776 1233 877 1277 ipsam
899 1237 933 1270 in
949 1235 1124 1279 Hispanias
1136 1234 1191 1270 de,-

305 1282 443 1325 portasse
461 1308 468 1314 .
496 1281 627 1317 Deinde
647 1282 813 1325 Joviniani
838 1285 1048 1328 Symmistam
1070 1285 1186 1319 Helvi-

303 1332 394 1366 dium
419 1333 511 1368 fuisse
538 1334 701 1369 Auxentii
727 1333 984 1370 Mediolanenfis
1012 1335 1185 1381 Episcopi,

303 1382 453 1416 omnium
468 1384 499 1416 in
517 1384 701 1418 Occidente
713 1383 913 1421 Arianorum
939 1385 1159 1432 A-ntefignani
1174 1411 1185 1428 ,

301 1431 495 1474 discipulum
518 1433 625 1468 scribit
645 1432 680 1467 in
693 1435 848 1479 catalogo
872 1435 1067 1471 Gennadius
1079 1437 1187 1473 Mam-

301 1481 422 1518 uenfis.
451 1483 560 1518 Etiam
571 1481 627 1519 hic
648 1485 744 1527 poffit
761 1493 932 1530 utramque
959 1487 1185 1531 fimulpestem

300 1535 504 1577 propagasse.
535 1533 566 1567 A
579 1533 760 1580 Levigildo
779 1534 859 1570 item
881 1535 1009 1570 Ariano
1020 1537 1186 1581 Hispano-

299 1593 373 1616 rum
400 1584 492 1628 Rege
519 1583 666 1619 inductas
691 1596 823 1621 morum
851 1587 1013 1622 novitates
1039 1588 1180 1623 affirmat

298 1633 442 1677 Joannes
454 1634 657 1669 Biclarenfis.
687 1635 731 1670 Et
755 1635 841 1680 apud
862 1648 980 1671 omnes
1001 1639 1183 1683 generatim

303 1683 486 1718 Haereticos
508 1685 631 1720 nullam
652 1687 716 1721 effe
747 1686 957 1730 disciplinam
982 1689 1124 1724 affirmat
1147 1689 1184 1724 in

299 1731 582 1779 praescriptionum
593 1735 678 1771 libro
687 1735 917 1772 Tertullianus
925 1763 933 1770 .

349 1784 460 1819 Etiam
473 1786 606 1820 tertium
618 1785 790 1822 Clericalis
808 1787 966 1824 castitatis
978 1788 1097 1826 vulnus
1113 1802 1184 1836 pro-

297 1833 391 1869 diita
404 1835 532 1881 Witiga
552 1835 744 1872 Gothorum
768 1836 804 1872 in
821 1838 987 1882 Hispania
998 1839 1092 1885 Rege
1103 1866 1116 1883 ,
1141 1840 1184 1876 de

297 1894 366 1929 quo
388 1884 569 1921 Rodericus
581 1885 857 1933 Archiepiscopus
878 1889 1066 1924 Toletanus
1079 1903 1091 1924 .-
1118 1893 1183 1931 syn-

295 1935 423 1972 deredus
434 1934 618 1979 Episcopus,
642 1938 726 1972 urbis
747 1942 850 1983 Regiae
862 1942 1002 1981 Primas,
1030 1945 1081 1975 vir
1107 1943 1183 1974 san-

293 1983 439 2019 Wmoniae
453 1985 549 2027 studio
569 1989 687 2028 clarus,
713 1994 795 2023 viros
806 1990 957 2034 longaevos
981 1990 1015 2023 6
1028 1989 1182 2024 honorabi-

295 2036 360 2076 les,
387 2048 458 2079 quos
472 2042 504 2070 in
524 2038 650 2081 Ecclefia
660 2041 803 2072 Toletana
827 2048 981 2081 repererat
993 2064 1004 2080 ‚
1031 2041 1093 2073 zelo
1109 2043 1182 2073 San·

294 2085 431 2126 «littaris,
457 2089 525 2121 licet
549 2100 606 2121 non
619 2087 779 2132 siccandum
799 2087 954 2132 scientiam
968 2113 979 2129 ,
1003 2095 1090 2132 coeptt
1110 2102 1180 2134 gra-

293 2141 371 2172 {viter
396 2136 559 2178 infestare,
587 2140 621 2173 &²
634 2138 684 2172 boc
705 2140 752 2172 ad
760 2138 929 2179 infimarum
951 2141 1081 2173 Wittzae
1094 2164 1104 2180 ,
1130 2145 1182 2183 qut

291 2193 411 2227 propter
427 2185 514 2228 suam
526 2193 697 2229 ,nequitum
714 2188 975 2230 eorumjustmam
991 2187 1178 2233 timescebat.

120 2251 184 2285 Lib„
187 2260 276 2288 3³15
296 2236 403 2268 Verum
415 2238 493 2277 quod
500 2235 609 2279 tstefibt
624 2237 747 2280 infacte
757 2237 900 2279 refistebat
913 2263 924 2279 ‚
945 2247 1071 2281 propter
1084 2251 1178 2274 vexa·

120 2752 284 2788 ωηο-μς·

296 2290 404 2318 tionem
434 2284 572 2329 Episcopi
598 2289 641 2321 ad
658 2291 827 2321 Romanum
849 2289 1022 2330 Pontificem
1048 2291 1182 2332 appella·

297 2335 391 2369 bant.
417 2338 535 2370 Witiza
549 2335 758 2381 facinorosus,
785 2343 896 2372 timens
923 2349 960 2371 ne
970 2336 1035 2381 suis
1051 2345 1179 2372 crimini-

295 2385 351 2418 bus
363 2385 517 2420 obviarent
530 2411 540 2427 ,
553 2389 587 2421 &¹
595 2389 735 2430 populum
745 2387 785 2421 ab
795 2390 862 2429 eJ'us
875 2395 1048 2422 reverentta
1062 2400 1178 2423 revoca-

295 2444 361 2468 rent
375 2459 386 2475 ‚
412 2437 496 2470 dedit
507 2437 657 2471 licentiam
671 2462 682 2477 ,
707 2443 763 2471 imo
772 2445 955 2480 praeceptum
966 2439 1100 2472 omnibus
1111 2441 1179 2473 Cle-

296 2490 367 2518 ricis
380 2508 391 2524 ,
415 2494 452 2518 ut
472 2497 590 2519 uxorem
610 2488 645 2520 ό·
666 2487 850 2520 concubinas
874 2513 885 2530 ‚
910 2500 1001 2521 unam
1027 2490 1061 2523 (5
1074 2491 1178 2531 plures

298 2533 442 2568 baberent
457 2535 575 2576 publice?
587 2559 598 2575 ,
618 2538 716 2576 juxta
730 2536 846 2571 libitum
868 2539 1054 2581 voluptatis.
1083 2542 1129 2572 Et
1142 2552 1179 2584 ne

298 2587 441 2618 Romanis
451 2584 698 2626 constitutionibus
711 2611 722 2627 ,
747 2599 815 2630 quae
835 2589 913 2621 talia
931 2588 1091 2631 probibent
1108 2614 1119 2629 ,
1145 2596 1177 2623 in

299 2636 397 2676 aliquo
414 2634 563 2669 obedirent
581 2660 592 2676 ,
619 2637 653 2670 (5
668 2635 707 2678 fic
725 2639 848 2679 populos
865 2646 923 2680 per
945 2651 991 2672 eos
1013 2645 1153 2673 retineret
1169 2666 1176 2672 .

298 2684 400 2731 Qod
432 2684 536 2727 ipsum
565 2685 672 2720 scribit
693 2686 897 2722 Chronicum
929 2688 1175 2725 Moiffiacense.

298 2733 347 2768 Ita
367 2733 557 2768 Gothorum
568 2735 667 2771 virtus
689 2736 807 2772 defecit
819 2737 855 2772 in
868 2739 1032 2782 Hispania
1044 2764 1056 2780 ,
1082 2749 1176 2784 capta

296 2783 487 2819 &Saracenis
511 2785 545 2820 &
554 2785 722 2831 subjugata
734 2789 769 2822 in
784 2788 903 2834 longas
923 2789 1125 2825 calamitates
1136 2815 1144 2823 .

489 2954 838 3008 CAPUT
907 2962 963 3007 V.

301 3072 514 3135 Exponitm·
524 3078 554 3118 C
557 3074 712 3124 loricalis
722 3075 917 3140 eastitatis
941 3079 979 3123 in
992 3076 1172 3126 Gallica-

541 3158 590 3186 na
608 3145 771 3210 Ecclesia
783 3143 912 3216 lapfias
923 3183 936 3197 .

302 3267 474 3356 PRima
493 3269 670 3306 Gallieanae
680 3271 827 3310 Ecclesiae
847 3279 976 3316 miseria
995 3280 1168 3325 occupavit

398 3320 542 3354 nostrum
563 3321 662 3355 etiam
681 3322 855 3368 Belgium,
880 3340 977 3373 atque
997 3332 1038 3366 de
1058 3330 1165 3366 illaad

302 3370 456 3406 Sanctum
489 3370 680 3406 Amandum
702 3372 943 3416 Trajeetensem
971 3380 1167 3426 Episcopum

304 3418 416 3456 scribit
434 3421 569 3459 Sanetus
581 3419 739 3460 Pontifex
747 3423 911 3461 Martinus
931 3428 1074 3472 primus:
1098 3434 1168 3477 sug·

1464 13 1505 56 ss

670 150 866 195 Pruna
900 147 1314 193 Pnoonmrarrs
1349 144 1782 210 Duru-rano,

1257 232 1370 278 gestum
1392 232 1431 274 est
1452 233 1558 275 nobis,
1582 239 1618 282 eo
1632 239 1717 280 quod
1741 239 1906 278 Presbyteri
1920 237 1976 283 seu
1993 241 2133 281 Draconi,

1261 284 1369 326 aliique
1387 286 1584 323 Sacerdotalis
1605 288 1688 327 officit
1705 289 1769 330 poa
1786 288 1861 333 suas
1881 291 2082 326 ordinationes
2104 297 2138 326 in

1258 332 1348 377 lapsa
1356 339 1583 377 cotnquinaentur
1594 360 1605 376 ‚
1617 337 1814 378 &propterea
1823 345 1914 374 nimio
1925 351 2044 374 moerore
2054 344 2138 376 Fra·

1259 379 1431 417 ternitatem
1452 396 1537 419 tuam
1562 385 1706 429 astringi,
1732 389 1863 430 velleque
1889 390 2041 424 Panos-ale
2060 390 2139 436 obst.

1257 437 1357 475 quium
1371 442 1428 476 pro
1450 446 1548 469 eorum
1559 433 1759 469 inobedientia
1771 438 1912 478 deponere
1922 465 1933 481 ,
1953 442 1989 475 ὁ*
2005 444 2137 475 vacath-

1258 494 1326 516 nem
1347 483 1387 518 ab
1397 485 1596 528 Episcopatus
1617 486 1766 520 laboribus
1789 488 1912 531 eligere,
1936 491 2137 534 &infilenno

1255 541 1343 575 atque
1367 539 1427 567 otto
1436 541 1536 568 vitam
1553 537 1657 580 degere
1667 558 1678 575 ‚
1703 548 1792 579 quam
1802 542 1835 571 in
1847 536 1897 570 bis
1909 546 1987 578 quae-
1997 541 2053 575 ubl
2062 551 2137 575 cm

1255 581 1414 627 miffasunt
1422 593 1609 626 permanere.
1635 586 1813 630 Optimum
1825 584 2136 635 Episcopumspeffi-

1255 633 1520 669 versos'clericos
1539 636 1697 672 mandans
1710 637 1818 680 puniri
1839 636 2018 671 secundum
2029 637 2136 675 Gano-

1256 694 1313 717 nes
1323 707 1335 723 ,
1361 683 1448 719 varie
1459 684 1580 720 solatus
1589 686 1634 720 est
1646 687 1771 722 sanctus
1780 686 1941 722 Pontifex
1954 711 1964 728 ‚
1990 698 2137 724 attamen

1255 733 1380 767 malum
1400 745 1469 768 non
1493 736 1556 769 fuit
1570 737 1751 771 extinstum
1779 762 1787 771 .
1817 737 1952 772 Etenim
1975 737 2062 780 apud
2083 749 2139 774 ne-

1252 783 1323 818 scio
1344 795 1443 828 quam
1454 784 1662 821 Gallicanam
1674 787 1848 830 Synodum
1870 788 1971 822 etiam
1984 787 2137 824 Vetanus

1255 834 1364 868 nescio
1386 834 1478 878 cujus
1500 834 1654 873 Civitatis
1688 837 1870 881 Episcopus
1894 838 1934 872 de
1958 836 2135 874 Gallorum

1253 882 1458 919 Clericorum
1478 896 1547 921 non
1570 896 1702 922 tantum
1722 887 1996 927 scortationibus,
2021 887 2075 922 sed
2098 889 2136 924 &

1252 935 1417 969 attentatis
1429 935 1650 971 matrimoniis
1661 936 1707 971 est
1717 937 1897 982 graviffime
1911 938 2043 986 questus
2056 962 2067 979 ‚
2088 946 2138 973 at⁴

1251 993 1314 1027 que
1328 984 1477 1027 adjunxit
1490 999 1501 1019 .·
1527 990 1644 1020 Notum
1657 987 1744 1021 vobis
1756 987 1794 1028 est
1804 993 1883 1021 circa
1895 989 1956 1021 loca
1975 988 2135 1022 beatitudi-

1250 1037 1298 1066 nrs
1316 1034 1423 1075 vestrae
1438 1033 1494 1078 fieb
1504 1048 1677 1080 magnorum
1699 1039 1828 1072 Patrum
1846 1037 2006 1081 disciplina
2030 1042 2136 1072 Mona-

1248 1082 1366 1118 cborum
1389 1092 1624 1130 congregationes
1647 1088 1698 1131 effe
1724 1099 1781 1121 non
1802 1097 1924 1131 parvas
1944 1113 1955 1129 ,
1991 1090 2070 1123 unde
2089 1090 2136 1122 ad

1243 1131 1413 1176 supplenda
1436 1136 1616 1170 clericorum
1632 1138 1725 1179 offla
1740 1161 1751 1177 ‚
1772 1143 1805 1171 ln
1825 1146 1965 1181 promptu
1986 1138 2023 1179 est
2046 1144 2133 1172 viros·

1248 1183 1337 1216 bonos
1348 1183 1467 1228 assumi.
1496 1187 1602 1219 Utilior
1621 1185 1662 1227 est
1683 1191 1763 1219 enim
1782 1192 1815 1218 tn
1823 1187 1944 1226 Ecclesia
1961 1196 2126 1229 paucerum

1247 1233 1386 1267 bonorum
1398 1235 1488 1268 cleda
1498 1235 1633 1276 probatio
1643 1261 1654 1277 ‚
1679 1246 1770 1278 quam
1779 1242 1915 1270 erratieae
1924 1237 2131 1271 multitudinis

1244 1283 1408 1327 praeftntia
1417 1285 1605 1329 conglobata,
1632 1295 1667 1321 ac
1671 1287 1745 1328 plus
1761 1286 1968 1329 :edificationis
1981 1285 2127 1328 adferunt·

1249 1345 1321 1367 rara
1341 1341 1470 1368 virtutis
1501 1337 1640 1378 exempla
1661 1359 1673 1376 ,
1708 1344 1800 1378 quam
1820 1338 1977 1380 popularis
2002 1337 2134 1371 ltcentiae

1247 1384 1408 1418 abundans
1429 1381 1641 1427 &incorrepta
1657 1383 1852 1427 praesumptio
1863 1412 1871 1421 .
1896 1388 2026 1422 Omnes
2045 1387 2135 1422 Gon-

1248 1433 1435 1469 cubinarios
1446 1434 1594 1469 Clericos
1605 1435 1718 1469 suadet
1726 1435 1876 1470 damnari
1895 1436 1930 1470 ὰ.
1941 1435 2060 1479 abjici,
2084 1446 2135 1472 at-

1249 1480 1429 1530 que'novos
1438 1497 1480 1520 cx
1493 1484 1637 1529 probatis
1648 1483 1823 1520 monachis
1835 1484 1997 1519 ordinari.
2024 1486 2137 1535 1)ῖῶίὴ

1247 1536 1341 1579 plinae
1365 1536 1455 1570 enim
1476 1537 1585 1571 ruinas
1609 1547 1665 1580 per
1689 1535 1867 1579 assumptos
1887 1533 1906 1568 ὲ
1926 1536 2135 1571 monasteriis

1248 1586 1429 1630 Episcopus
1441 1587 1476 1621 &
1488 1586 1637 1621 Clericos
1658 1585 1691 1620 δε
1700 1586 1811 1621 (ἔωσι
1841 1586 1877 1621 &
1887 1585 2008 1620 Latina
2019 1585 2134 1621 Eccle-

1246 1636 1287 1670 fia
1311 1638 1436 1681 semper
1459 1637 1692 1671 restaurarunt.
1722 1636 1923 1680 synodalem
1945 1636 2071 1673 Verani
2081 1636 2133 1671 in·

1247 1685 1502 1722 terlocutionem
1516 1711 1528 1728 ,
1553 1697 1593 1720 ex
1606 1685 1732 1721 vetusto
1749 1685 1858 1722 Sancti
1871 1686 2030 1722 Germani
2041 1685 2134 1721 Pari·

1246 1737 1353 1772 fienfis
1377 1736 1505 1772 Codice
1527 1736 1715 1781 productam
1738 1761 1750 1778 ,
1774 1737 1920 1772 secundae
1941 1737 2131 1773 Valentinae

1245 1786 1384 1830 Synodo
1407 1810 1420 1828 ,
1454 1786 1496 1821 ad
1522 1786 1725 1831 implendam
1747 1797 1916 1823 vacantem
1949 1788 2131 1833 paginam,

1245 1836 1449 1880 subinjunxit
1468 1836 1606 1881 Jacobus
1615 1836 1829 1877 sirmondus,
1854 1837 2013 1874 arbitrans
2032 1837 2130 1872 illum

1244 1888 1307 1922 effe
1322 1897 1379 1922 aut
1402 1886 1659 1923 Cabilonensem
1683 1912 1694 1929 ‚
1719 1887 1860 1933 Pelagio
1885 1887 2031 1922 secundo
2049 1891 2135 1923 comi

1245 1948 1324 1972 vum
1350 1962 1364 1978 ,
1389 1947 1446 1973 aut
1471 1937 1581 1981 potius
1613 1935 1870 1983 Lugdunensem
1897 1938 2100 1980 Episcopum
2118 1959 2134 1976 ,

1244 1987 1366 2022 Hilaro
1377 1986 1534 2024 Pontifici
1545 1987 1824 2032 contemporalem
1837 2012 1844 2019 .
1871 1986 1949 2031 Ego
1958 1986 2072 2020 malim
2083 1983 2133 2020 ad*

1244 2037 1351 2071 sanai
1377 2035 1525 2071 Amandi
1547 2047 1693 2082 tempora
1718 2038 1835 2072 referre
1857 2061 1866 2069 .
1894 2035 2014 2080 Neque
2033 2036 2128 2072 enim

1242 2094 1341 2121 antea
1365 2087 1452 2130 apud
1465 2086 1583 2122 Gallos
1600 2095 1770 2131 coeperunt
1791 2085 1948 2135 sacrilega
1969 2085 2128 2131 conjugia

1243 2135 1476 2171 sacerdotum.
1738 2178 1740 2180 Ι

1293 2185 1415 2221 Libido
1427 2187 1550 2231 semper
1562 2187 1700 2232 profecit
1709 2187 1744 2222 in
1757 2186 1864 2232 pejus.
1892 2186 2028 2223 Etenim
2046 2197 2127 2233 gen-

1244 2236 1287 2271 tis
1313 2236 1430 2271 nostrae
1449 2261 1461 2278 ,
1486 2238 1520 2272 δε
1545 2237 1697 2272 omnium
1724 2239 1925 2272 Francorum
1944 2236 2127 2283 Apostolus

1244 2287 1380 2321 Sanetus
1395 2296 1520 2331 martyr
1530 2287 1723 2322 Bonifacius
1745 2288 1858 2322 scribit
1877 2287 1918 2323 ad
1932 2287 2129 2323 Zachariam

1243 2335 1443 2371 Pontificem
1456 2350 1468 2370 .-
1492 2340 1674 2376 .iltnvenero
1698 2343 1776 2372 inter
1799 2338 1864 2371 illos
1885 2341 2033 2371 Diaconos
2052 2348 2126 2380 quor
2141 2366 2163 2395 Ε
2197 2374 2210 2396 ¹
2242 2374 2287 2397 α,

1243 2391 1419 2426 nominant,
1445 2393 1496 2429 qui
1505 2387 1527 2419 ἃ
1530 2394 1662 2430 pueritia
1667 2385 1726 2429 sua
1732 2385 1851 2430 semper
1860 2391 1893 2419 t'n
1898 2385 2011 2427 stuprts
2024 2409 2035 2425 ‚
2047 2385 2126 2428 sem-
2163 2373 2191 2404 p'
2213 2385 2222 2396 ’
2271 2383 2299 2403 ·'’

1239 2444 1297 2478 per·
1315 2442 1348 2469 in
1370 2437 1530 2470 adulteriis
1542 2461 1553 2477 ,
1583 2439 1662 2471 &in
1684 2435 1819 2470 omnibus
1835 2434 1952 2478 semper
1969 2434 2124 2478 spurcitiis

1244 2492 1344 2521 vitam
1356 2487 1493 2520 ducentes
1507 2511 1517 2527 ‚
1533 2485 1592 2529 sub
1602 2488 1660 2520 tali
1669 2485 1829 2524 testimonio
1839 2493 1985 2516 venerunt
1994 2485 2039 2516 ad
2050 2486 2124 2517 Dra-

1244 2545 1398 2577 conatum,
1426 2538 1461 2571 Θ·
1470 2538 1596 2569 modain
1607 2539 1774 2567 Diaconaetu
1788 2533 1972 2567 concubinas
1985 2541 2122 2576 quatuor,

1245 2587 1298 2620 vel
1316 2594 1448 2629 qumque
1461 2610 1472 2627 ‚
1497 2585 1550 2619 vel
1564 2586 1667 2627 plures
1690 2584 1818 2620 nolluin
1836 2583 1936 2618 leo‘lulo
1954 2583 2097 2618 babentes
2107 2608 2121 2625 ‚

1243 2637 1444 2679 Evangelrum
1463 2643 1566 2668 tamen
1575 2634 1669 2678 legere
1681 2658 1691 2674 ‚
1718 2635 1753 2668 Θ
1764 2637 1908 2667 Diaconos
1922 2632 1956 2676 se
1969 2640 2126 2667 nominari·

1242 2697 1292 2719 nec
1313 2683 1487 2728 erubescunt
1508 2696 1559 2718 nec
1569 2692 1721 2724 metuunt,
1745 2684 1779 2717 &¹
1786 2682 1827 2725 fic
1847 2689 1881 2716 in
1902 2682 2014 2716 talibus
2034 2690 2125 2717 incoe-·

1264 2742 1292 2769 ts
1300 2736 1344 2768 ad
1350 2735 1574 2774 Presbyteratus
1584 2735 1717 2767 ordinem
1723 2739 1875 2767 venientes
1878 2738 1924 2773 ,in
1933 2732 2043 2776 eisdem
2050 2742 2128 2774 pec··

1240 2786 1522 2828 catisperdurantes
1535 2808 1546 2824 ,
1571 2786 1605 2818 ὦ·
1625 2792 1751 2827 peccata
1769 2788 1901 2825 peccatis
1918 2784 2093 2824 adjicientes
2103 2801 2126 2822 ,ψ

1242 2836 1464 2875 presbyteratus
1476 2836 1562 2876 offiio
1568 2833 1731 2878 fungentes
1743 2858 1755 2874 ,
1780 2834 1883 2866 dicunt
1899 2831 1933 2876 se
1935 2841 1994 2874 pro
2010 2832 2115 2874 populo

1237 2885 1313 2929 posse
1331 2885 1507 2919 intercedere
1522 2909 1534 2925 ,
1562 2886 1597 2918 ὁ·
1615 2883 1720 2927 sacras
1740 2882 1900 2917 oblationes
1923 2881 2054 2923 offerre,
2077 2890 2113 2913 ac

1241 2936 1408 2975 novffmi,
1425 2932 1645 2977 quodpejtcsffl
1656 2958 1666 2974 ‚
1689 2932 1746 2978 sub
1756 2933 1864 2967 talibus
1878 2931 2047 2973 testimoniis
2055 2937 2112 2971 per

1233 2986 1350 3030 gradus
1365 2984 1495 3029 fingulos
1520 2981 1709 3028 ascendentes
1729 3009 1741 3024 ‚
1769 2984 1943 3016 ordinantur
1964 2981 1999 3012 Θ
2021 2985 2122 3012 nomi--

1240 3044 1354 3068 nantur
1371 3033 1514 3078 Epfiopl
1536 3059 1544 3067 .
1569 3034 1755 3083 Qomodo
1775 3032 1852 3067 illos
1871 3028 2028 3063 Pontifex
2049 3040 2110 3064 tra-

1238 3086 1341 3119 natos
1351 3084 1450 3125 velit,
1478 3084 1619 3129 postulat
1639 3083 1770 3120 doceri.
1795 3078 2019 3134 Atapudpos
2028 3088 2109 3114 tunc

1237 3135 1374 3179 perierat
1392 3134 1503 3169 omnis
1523 3133 1770 3178 christianitas,
1793 3139 1920 3164 eramus
1940 3139 1977 3163 m
1996 3131 2108 3165 fronte

1236 3184 1435 3225 Christiani,
1448 3185 1484 3220 in
1496 3186 1594 3219 corde
1605 3183 1726 3229 pejores
1734 3188 1834 3221 ‘luam
1843 3177 1968 3223 pagani
1976 3205 1983 3212 ·
2011 3180 2108 3216 Hinc

1235 3235 1447 3269 Bonifacium
1464 3260 1477 3277 ‚
1506 3235 1613 3269 Sancti
1644 3227 1811 3265 Benediffi
1834 3227 2045 3264 Monachum
2070 3231 2121 3264 in?

1234 3285 1637 3329 Episcopumconsecrmt
1647 3304 1657 3321 ,
1685 3276 1844 3313 &adnos
1864 3278 2119 3314 miseratSedes·

1232 3334 1422 3378 Apostolica
1434 3359 1446 3376 ‚
1470 3332 1583 3369 omnia
1599 3328 1847 3365 restauraturum
1860 3354 1868 3360 .
1893 3328 2006 3373 Pergit
2026 3336 2118 3363 vero-

1232 3384 1266 3417 in
1277 3384 1496 3429 postulatione
1506 3382 1562 3415 sua
1574 3380 1784 3421 Bonifacius;
1813 3377 1955 3422 Eptftopt
1975 3376 2105 3420 &Pres-

1227 3434 1321 3474 byteri
1338 3438 1456 3480 generis
1479 3435 1664 3469 Francorum
1675 3454 1687 3472 ‚
1713 3434 1764 3473 qui
1768 3429 1898 3473 fuerunt
1917 3429 2050 3462 adulteri
2068 3428 2117 3462 &-

1993 3476 2057 3522 for,
