2352 3736
148 1601 181 1632 L.
191 1604 218 1631 6.
235 1609 263 1631 c.
273 1611 297 1635 9·

147 2482 208 2515 Lib.
228 2490 254 2517 3.
278 2492 302 2512 c.

151 2535 196 2555 12.
213 2531 239 2551 nr
260 2527 305 2552 26.

165 3405 225 3454 13ib.

247 3416 271 3434 2.

326 158 351 183 q
388 153 483 197 150
646 136 876 182 Tanna
925 138 1340 183 PROOEMIALIS
1378 139 1818 204 Drssenrauo,

315 235 396 258 men
408 223 588 257 Canonum
602 221 720 255 vulnus
733 222 865 256 tandem
890 218 1056 255 descendit
1070 245 1081 260 ,
1107 220 1197 264 quod

317 275 499 308 Canonicae
512 271 688 306 electiones
699 273 732 305 in
746 272 854 304 Gallia
869 270 1014 314 vigerent
1025 270 1110 314 quali
1127 270 1209 305 solo¹

320 324 476 362 nomine,
515 331 629 364 utpote
653 321 770 364 quibus
788 321 860 353 Rex
885 318 996 361 paffirn
1018 320 1198 365 designaret

317 371 504 416 eligendam
517 370 706 414 personam.
735 369 816 401 Non
834 367 942 403 solum
965 370 1199 415 Metropolita-

319 423 419 459 nas&
441 421 675 457 Cathedrales‚
700 417 752 451 sed
774 418 809 451 &
834 417 1026 454 Abbatiales
1048 431 1086 455 ac
1107 421 1198 456 Con-

316 471 485 506 ventuales
498 470 651 504 Ecclefias
678 466 815 509 subjecit
828 469 976 503 servituti
1000 472 1199 506 nominatio·

317 522 370 557 nis
382 547 392 562 ,
404 522 567 563 excipiens
587 517 657 550 illas
669 514 855 559 dumtaxat,
863 519 982 563 quibus
994 521 1071 555 effer
1083 522 1198 565 specia-

317 572 349 607 le
361 569 571 613 Privilegium
585 567 764 602 Canonicae
773 569 942 603 elefflonis
952 595 959 603 .
992 570 1099 605 Variae
1111 572 1196 606 circa

318 617 564 656 Concordatum
574 615 639 652 hoc
649 628 746 662 atque
757 618 922 654 indultum
935 621 1059 656 moveri
1076 622 1197 665 poffint

316 670 529 715 quaestiones:
556 668 667 703 verum
690 669 753 703 illae
776 667 939 705 excedunt
963 672 1120 716 proposui
1141 683 1197 707 no-

315 721 371 754 stri
393 720 537 755 limites.-
577 717 744 764 viderique
767 718 808 755 de
830 722 904 765 ipsis
926 722 1020 765 poffit
1047 721 1195 757 Michael

315 769 451 804 Rouffel
488 771 523 804 in
555 769 703 804 Historia
738 771 922 806 pontificiae
943 771 1176 814 jurisdiitionis
1187 797 1194 805 .

315 821 480 855 Omittere
492 830 601 854 tamen
616 821 720 855 nolim
733 822 793 855 viri
804 821 992 856 Dostiffimi
1017 822 1198 856 Genebrar-

315 870 402 905 dide
425 869 511 904 hisce
530 869 908 915 concordatisjudicium
922 887 933 906 .·
971 876 1029 906 Leo
1052 873 1195 916 Pontifex

317 923 541 965 Pragmaticam
558 920 741 964 sane‘i'ionem
757 920 875 965 sustultt
899 946 910 963 ,
938 924 1111 962 concordata
1133 935 1196 958 cum

317 974 395 1015 Rege
406 969 563 1015 Francifio
585 973 706 1015 agitans
719 973 755 1004 de
773 979 972 1007 nominatione
984 973 1196 1017 Eptfi‘oporum

317 1022 351 1055 Θ
363 1021 511 1054 Abbatum
523 1044 533 1061 ,
557 1018 681 1064 specioso
698 1030 854 1064 praetextu
863 1034 916 1062 ,ut
938 1027 1004 1058 Rex
1011 1032 1134 1069 propter
1144 1026 1195 1057 ele·

315 1071 442 1104 Hionum
454 1070 557 1114 abusus
570 1072 721 1106 Doc‘lorem
733 1075 853 1116 quidem
865 1074 918 1107 vel
929 1076 1199 1108 LicentlatumTeo-

318 1122 400 1164 loglae
413 1146 423 1161 ,
444 1120 563 1165 jurisve
587 1127 730 1158 Canontct
752 1129 784 1156 in
805 1124 909 1158 celebri
932 1126 1105 1159 Arcademia
1119 1148 1130 1165 ,
1156 1125 1200 1157 ad

325 1170 565 1215 Episcopatum;
601 1172 780 1218 Religiosum
797 1173 929 1218 ejusdem
955 1177 1079 1209 Ordinis
1092 1200 1102 1215 ,
1141 1177 1197 1206 Do-

317 1222 425 1255 li'orem
432 1222 564 1264 similiter
577 1226 630 1258 vel
637 1227 715 1260 certe*
728 1227 960 1259 Baccalaareum
971 1227 1132 1259 earundem
1142 1223 1198 1266 fa-

315 1274 475 1314 cultatum,
502 1275 544 1306 ad
556 1274 713 1308 Abbatiam
727 1282 878 1309 nomlnare
887 1285 1035 1310 teneretur
1047 1287 1062 1316 ;
1090 1286 1198 1309 revera

319 1331 418 1356 autem
430 1334 565 1367 ageretur
576 1326 737 1367 mysterlum
748 1326 824 1359 illud
833 1332 1005 1368 iniquitatt‘t
1018 1351 1029 1367 ,
1055 1337 1111 1368 quo
1129 1333 1196 1367 per-

318 1374 416 1405 ditam
430 1373 586 1415 Ecclesiam
615 1377 806 1409 Gallicanam
827 1382 976 1410 cernimus
988 1403 995 1410 .
1023 1379 1098 1410 thc
1119 1382 1198 1409 em’m

315 1424 382 1464 ejus
390 1430 533 1465 pernicies
545 1450 555 1464 ,
581 1431 614 1459 in
626 1438 661 1459 ea
671 1433 764 1459 omntt
767 1433 885 1471 generis
899 1427 1059 1468 Haeresium
1070 1450 1081 1466 ,
1107 1429 1198 1460 simo·

316 1478 438 1507 m'arum
448 1499 458 1514 ,
480 1474 659 1516 fiduciarum
676 1474 870 1518 seminarium
880 1499 891 1515 ,
911 1475 1045 1518 seientiae
1057 1501 1067 1516 ,
1105 1483 1199 1511 virtu·

316 1529 384 1563 tis,
405 1529 533 1565 pletatis
546 1531 757 1559 exterminatio
773 1550 782 1565 ‚
810 1530 906 1570 Regni
922 1526 1032 1568 pestis.
1071 1527 1200 1562 Conso-

316 1584 374 1607 nat
387 1574 422 1607 in
433 1585 529 1617 opere
541 1575 582 1609 de
597 1575 775 1609 Sacerdotii
788 1599 798 1615 ,
825 1577 859 1610 ὃς
872 1576 1005 1619 Imperii
1020 1577 1197 1611 concordia

316 1622 607 1659 DominusPetrus
619 1625 659 1659 de
679 1625 817 1659 Marca:
845 1629 912 1659 Rex
933 1628 1113 1672 Franciscus
1136 1634 1198 1669 pri·

317 1686 385 1708 mus
399 1699 408 1715 ‚
426 1677 460 1708 ὁ·
474 1677 533 1708 Leo
543 1679 670 1709 decimus
684 1681 800 1709 inivere
813 1677 1011 1716 Com-oreiam,
1025 1688 1093 1718 quae
1106 1679 1201 1720 Prag-

317 1731 456 1758 maticam
467 1726 587 1767 quidem
597 1725 731 1758 aboleant
745 1749 755 1765 ‚
764 1725 822 1768 sed
831 1727 908 1769 leges
922 1735 1024 1759 tamen
1035 1727 1080 1759 ad
1086 1723 1201 1768 sanan·

318 1775 359 1807 da
372 1774 434 1808 haec
444 1775 526 1807 mala
532 1774 812 1818 praefhribant‚quae
816 1773 938 1818 prorsus
943 1776 1051 1817 fimiles
1058 1774 1131 1819 sunt
1145 1782 1199 1816 ils,

318 1836 385 1865 quae
397 1832 429 1858 in
443 1824 795 1869 Pragmaticasam‘lione
808 1826 1039 1867 continentur‚fi
1046 1827 1199 1860 eleeltones

318 1880 468 1917 excipias,
487 1884 554 1916 quae
578 1883 733 1908 mutantur
753 1882 786 1908 in
816 1881 1045 1910 nominationem
1076 1881 1200 1920 Reglam

319 1927 420 1967 quoad
426 1925 567 1967 beneficia
580 1951 589 1967 ,
600 1925 705 1966 quibus
712 1934 770 1968 per
780 1926 946 1959 eleffionem
952 1928 1108 1968 provideri
1125 1925 1200 1969 sole-

319 1975 386 2009 bat.
410 1980 447 2007 At
458 1978 545 2009 Clero
561 1999 571 2015 ,
596 1981 648 2018 qut
670 1974 701 2018 se
717 1977 789 2016 jure
809 1976 958 2009 demonis
977 1982 1139 2018 privatum
1150 1976 1200 2020 effi·

320 2027 397 2068 agre
411 2025 531 2066 ferebat
543 2050 553 2065 ,
579 2027 711 2058 viriliter
729 2026 876 2065 interceffit
892 2026 1088 2068 publicationi
1110 2026 1199 2067 hujus·

319 2078 499 2108 concordati
512 2101 522 2116 ,
550 2077 584 2109 (9³
595 2074 782 2117 adfuturum
793 2077 952 2108 Concilium
962 2076 1108 2110 Generale
1131 2084 1200 2117 pro·

319 2132 443 2160 vocavit
451 2151 461 2167 ,
478 2127 557 2168 quod
566 2127 629 2166 ejus
640 2124 783 2167 confilium
795 2126 975 2168 approbavit
986 2131 1081 2159 Curia
1094 2128 1199 2159 Parla-

319 2182 433 2216 menti,
461 2173 740 2220 quaetamsubttam
761 2181 977 2217 mutationem,
1004 2188 1072 2219 quae
1096 2182 1198 2220 magni

316 2233 458 2259 momenti
492 2235 556 2260 erat
579 2250 589 2266 ‚
636 2237 808 2268 concoquere
836 2225 941 2266 statim
973 2238 1030 2259 non
1061 2234 1181 2269 poterat
1192 2251 1199 2258 .

318 2276 439 2310 Multis
451 2277 616 2310 examinat
638 2275 842 2310 Concordati
867 2276 1047 2319 justitiam,
1072 2277 1107 2311 ὅς
1131 2288 1201 2311 tan-

319 2326 574 2380 demOconcludit
587 2338 644 2370 pro
657 2325 945 2369 fastoApostolicae
955 2326 1048 2361 Sedis
1061 2349 1069 2359 .
1081 2327 1201 2361 Omni-

320 2377 366 2410 no
377 2378 466 2411 enim
492 2379 577 2411 varia
601 2378 764 2410 neceffitas
785 2376 933 2411 Leonem
947 2376 1145 2411 Pontificem
1158 2376 1199 2411 ad

320 2426 385 2461 haec
417 2428 544 2462 indulta
565 2428 695 2472 coegit.
726 2426 947 2462 Calumniosae
960 2427 1068 2461 Marci
1094 2427 1200 2461 Anto-

319 2478 421 2511 niide
433 2478 638 2512 Dominisin
669 2477 733 2520 ipsa
757 2477 1011 2512 declamationes
1032 2489 1100 2511 non
1125 2479 1200 2512 sunt

320 2528 482 2562 curandae.

370 2578 480 2612 Etiam
495 2577 685 2611 Gothorum
701 2578 734 2611 in
757 2576 920 2621 Hispania
943 2579 1091 2623 Regibus
1109 2578 1200 2612 fuisse

321 2629 339 2662 ὲ
351 2627 590 2662 Tarranocenfi
601 2628 633 2661 ὃς
645 2626 839 2662 duodecima
850 2629 1018 2671 praesertim
1034 2629 1200 2662 Toletana

324 2679 460 2722 synodo
475 2678 588 2712 datum
614 2678 809 2711 nominandi
833 2678 1064 2723 privilegium,
1089 2678 1134 2712 est
1155 2678 1201 2711 su-

323 2729 377 2772 pra
388 2728 553 2762 ostensum
567 2753 574 2761 .
602 2728 745 2762 Duravit
759 2729 858 2772 usque
870 2727 910 2763 ad
925 2728 1131 2763 Rodericum
1157 2727 1203 2761 fa:

324 2779 421 2813 talem
434 2779 561 2823 Regem
573 2803 583 2818 ,
606 2778 659 2812 cui
675 2790 730 2822 per
739 2779 916 2813 Saracenos
926 2779 991 2812 fuit
1003 2787 1111 2822 erepta
1123 2778 1202 2812 His-

324 2831 441 2873 pania.
472 2830 514 2862 Et
538 2828 612 2872 quia
635 2829 798 2873 Gregorio
820 2828 1202 2873 septimopontificeCa-

325 2881 463 2914 nouicas
473 2879 659 2914 restituente
670 2879 845 2913 elediones
856 2903 867 2919 ,
893 2878 952 2913 sub
978 2878 1092 2912 iisdem
1104 2878 1201 2911 ›Sara-

326 2931 412 2965 cenis
426 2929 577 2974 gemebat
588 2927 697 2963 adhuc
707 2951 717 2967 ,
743 2929 883 2971 ideoque
893 2928 981 2963 illius
992 2927 1201 2962 saluberrima

329 2981 465 3014 Decreta
503 2980 643 3023 recipere
670 2991 737 3012 non
775 2988 901 3022 poterat
936 2977 1103 3012 laudatum
1139 2977 1203 3011 Re-

333 3039 457 3070 gnum,
483 3030 549 3071 eius
559 3029 679 3064 exactis
701 3028 848 3063 Barbaris
874 3037 1074 3072 reparatores
1095 3028 1203 3073 Reges

332 3077 431 3111 etiam
443 3080 611 3121 antiquum
625 3078 819 3114 nominandi
830 3089 955 3114 morem
974 3087 1140 3113 tentarunt
1160 3088 1203 3111 re-

334 3136 441 3169 parare
454 3148 463 3163 ,
488 3127 553 3159 imo
564 3130 596 3162 <Sc
608 3141 725 3174 augere
737 3155 744 3162 .
771 3129 906 3163 Etenim
919 3130 1073 3164 Sanctum
1089 3127 1204 3162 Portu-

334 3175 439 3220 galliae
452 3174 576 3218 Regem
590 3202 601 3217 ,
626 3178 714 3221 quod
725 3179 838 3214 omnia
862 3178 1084 3214 Ecclefiastica
1109 3177 1203 3212 bene-

333 3225 409 3258 ficia
419 3224 506 3258 daret
519 3226 576 3257 suo
591 3226 727 3269 placite,
748 3231 891 3273 graviter
910 3229 1017 3274 arguit
1042 3229 1205 3262 Innocen-

332 3275 398 3309 tius
410 3274 540 3307 tertius.
569 3275 674 3318 Reges
698 3278 984 3314 Castellaefuerunt
1009 3279 1204 3323 pientiores:

334 3323 438 3372 Qod
461 3323 550 3356 enirn
572 3324 757 3359 Canonicas
779 3329 1012 3373 Episcoporum
1033 3329 1205 3364 electiones

335 3372 558 3419 permiserint,
595 3372 679 3407 lucet
700 3385 740 3407 ex
758 3376 937 3411 Alexandri
960 3380 1048 3413 tertii
1073 3379 1205 3420 litteris,

335 3421 423 3470 apud
445 3421 645 3473 Gregorium
668 3434 794 3458 nonum
820 3427 1007 3466 extantibus
1027 3452 1039 3469 ,
1075 3428 1115 3464 ad
1146 3428 1207 3464 Ar·

1264 219 1506 280 chiepiscopum
1520 223 1748 262 Toletanum.
1776 229 1881 274 Quod
1902 231 1985 266 item
2006 233 2146 277 Iacobus
2192 274 2197 280 ,
2311 277 2313 279 ,

1263 271 1440 317 Aragoniae
1462 274 1537 308 Rex
1561 272 1696 310 fiabactis
1719 278 1906 316 Balearibus
1928 282 2046 318 Infulis
2070 286 2150 330 Epi·
2167 274 2320 316 L¹b·5·tst·5

1261 323 1397 366 scopum
1409 324 1532 366 semper
1558 325 1731 360 nominare
1742 331 1969 374 praetenderit,
1990 334 2023 368 δε
2043 335 2149 372 solius
2166 323 2228 355 αρ’
2248 326 2294 352 ¹¹·

1262 374 1357 416 primi
1372 374 1639 408 nominationem
1662 375 1868 421 obtinuerit,
1894 378 2037 417 habesin
2062 386 2146 421 anti.

1261 423 1335 466 quis
1355 423 1520 458 indicibus
1550 436 1658 459 return
1683 426 1845 470 gestarum
1873 441 1928 473 per
1963 433 2146 479 Aragoniae

1261 473 1370 517 Reges
1382 498 1389 507 .
1417 474 1549 518 Nempe
1562 475 1722 510 Urbanus
1737 477 1895 513 secundus
1904 478 2074 525 Pontifex,
2084 484 2144 520 sub

1262 534 1329 567 quo
1339 523 1574 559 Saracenorum
1596 525 1710 571 jugum
1730 537 1883 563 excutere
1904 531 2004 575 coepit
2022 534 2143 579 Hispa.

1262 572 1334 612 nia,
1358 573 1514 618 Gregorii
1527 576 1653 618 septimi
1664 587 1723 621 pro
1736 578 1919 614 Canonicis
1929 581 2142 621 electionibus

1261 624 1401 658 Decreta
1415 634 1494 657 mox
1509 623 1635 660 ibidem
1656 627 1837 670 publicavit
1850 653 1860 669 ,
1886 641 2066 677 eorumque
2073 635 2141 678 ple-

1259 683 1336 708 nam
1349 673 1587 708 observantiam
1599 673 1634 708 δε
1644 676 1756 719 ipse,&
1770 679 1939 722 ptaesertirn
1950 682 2155 720 innocentii.

1259 724 1345 759 tertii
1359 724 1514 768 Synodus
1527 725 1748 761 Lateranenlis
1761 729 1892 764 tandem
1904 731 2118 775 impetrarunt
2130 759 2141 768 .

1261 773 1463 817 Apostolicis
1485 775 1697 818 postmodum
1723 779 1994 816 reservationibus
2023 783 2140 818 acriter

1260 823 1445 859 restiterunt
1467 826 1577 870 Reges
1602 827 1710 867 varii,
1735 827 1876 873 ideoque
1897 831 1986 875 quod
2008 833 2139 868 reserva-

1259 883 1365 909 tarum
1374 875 1595 910 AEcclefiarum
1611 877 1763 920 Capitula
1775 879 1916 924 eligere,
1943 882 1976 916 &
1999 882 2139 918 Pontifi-

1258 935 1330 962 cem
1350 926 1517 961 offendere
1543 938 1612 962 non
1635 927 1814 970 auderent,
1842 930 1944 964 etiam
1964 929 2054 967 dietis
2079 933 2139 967 Ec-

1259 974 1361 1009 clefiis
1373 977 1587 1011 nominarunt
1610 977 1790 1021 Episcopos
1801 1004 1812 1020 ,
1846 990 1884 1013 ac
1908 981 2067 1017 violenter
2088 981 2138 1018 in·
2155 998 2218 1031 Lib,
2236 1004 2291 1036 ²45

1261 1026 1441 1060 truserunt.
1469 1029 1552 1060 Erat
1563 1028 1616 1060 illa
1629 1027 1798 1070 tempestate
1811 1054 1821 1071 ‚
1849 1030 1957 1073 inquit
1969 1032 2002 1065 in
2018 1031 2138 1078 Hispa·
2154 1049 2220 1079 cap.
2244 1044 2292 1070 16.

1263 1074 1388 1109 niatum
1400 1075 1549 1110 Historia
1566 1075 1705 1118 Joannes
1717 1078 1868 1114 Mariana
1880 1104 1891 1120 ,
1913 1082 2041 1116 moribus
2054 1083 2138 1126 usur·
2153 1112 2157 1115 .

1257 1131 1386 1166 patum,
1412 1136 1448 1158 ne
1471 1123 1610 1168 Episcopi
1629 1124 1762 1167 Ecclefitt
1796 1127 1949 1171 Hispaniae
1969 1133 2154 1175 darenturs

1261 1173 1320 1218 nefi
1325 1186 1398 1217 quos
1423 1177 1517 1219 Reges
1534 1174 1737 1216 postularent,
1766 1181 2026 1222 nominarentque.
2054 1182 2138 1217 Uti-

1261 1236 1324 1268 que
1334 1236 1390 1268 per
1403 1225 1634 1259 Ecclefiasticae
1646 1225 1805 1260 libertatis
1817 1227 1994 1263 violentam
2006 1231 2140 1266 invasio·

1260 1286 1337 1309 nem
1351 1299 1362 1315 ,
1372 1286 1443 1318 quae
1456 1276 1577 1319 semper
1588 1274 1788 1311 accusabitur
1800 1299 1811 1318 ,
1836 1278 1870 1311 δε
1881 1278 2004 1322 semper
2026 1291 2138 1316 mane·

1262 1325 1328 1359 bit.
1355 1324 1519 1368 Loquitur
1531 1325 1571 1359 de
1585 1325 1785 1368 temporibus
1807 1327 1902 1362 xixti
1924 1331 2030 1372 quarti
2045 1355 2056 1371 ,
2080 1332 2140 1375 qui

1263 1374 1412 1410 Henrico
1424 1375 1510 1419 Regi
1523 1374 1627 1416 dedit,
1638 1379 1689 1408 Ne
1696 1382 1813 1410 externi
1823 1376 1952 1412 homines
1964 1381 2092 1423 amplius
2104 1387 2140 1415 in

1263 1425 1390 1466 Castella
1405 1427 1424 1458 5
1426 1426 1577 1459 acerdotla
1587 1426 1782 1468 expeuarent
1793 1451 1800 1459 .
1825 1426 1938 1462 Plures
1949 1427 2082 1474 Regum
2092 1430 2154 1466 ob,

1262 1473 1459 1511 nominandi
1482 1476 1617 1510 abusum
1634 1486 1712 1511 cum
1740 1477 1902 1512 Romanis
1922 1477 2152 1515 Pontificibus*

1261 1526 1496 1562 contentiones
1506 1526 1656 1571 congerit
1670 1524 1818 1561 Michael
1829 1528 1965 1563 Rouffel
1975 1528 2010 1563 in
2022 1530 2153 1566 Histra-‘2

1261 1578 1309 1611 ria
1321 1576 1502 1610 Pontificiae
1514 1575 1745 1620 jurisdictionis
1759 1603 1766 1612 .
1793 1579 1926 1625 Qibus
1941 1580 2073 1615 tandem
2083 1591 2151 1615 ex«

1262 1626 1453 1673 tinguendis
1468 1627 1662 1661 nominandi
1677 1627 1867 1662 facultatem
1883 1630 2005 1663 Carolo
2017 1629 2139 1672 quinto

1264 1677 1453 1721 Imperatori
1466 1689 1504 1712 ac
1517 1678 1602 1723 Regi
1615 1677 1743 1712 indullit
1756 1677 1921 1713 Adrianus
1932 1681 2040 1714 sextus
2051 1704 2058 1712 .
2070 1680 2142 1714 An·

1263 1726 1314 1761 tea
1349 1728 1391 1762 ad
1414 1727 1537 1772 Regias
1566 1739 1674 1772 preces
1696 1727 1792 1762 dabat
1813 1729 1901 1772 Papa
1924 1729 2128 1774 Episcopos:
2149 1746 2152 1750 ¹

1264 1775 1389 1812 Verum
1402 1788 1492 1812 erant
1506 1789 1613 1822 preces
1623 1786 1750 1812 armatae
1761 1802 1773 1819 ,
1798 1778 1869 1814 solo
1881 1779 2017 1814 nomine
2038 1780 2056 1814 a
2080 1791 2140 1815 no-

1263 1828 1447 1862 minatione
1457 1827 1604 1862 diversae.
1660 1857 1662 1859 .
2148 1857 2153 1862 ,

1314 1876 1480 1919 Abbates,
1507 1878 1700 1922 Praepofitos
1715 1903 1724 1918 ,
1751 1876 1876 1914 Priores
1897 1880 2070 1926 &quosvis
2091 1881 2141 1915 su-

1263 1938 1389 1971 premos
1412 1928 1693 1963 Monasteriorum
1716 1928 1904 1969 Praefestos,
1930 1942 1990 1965 nec
2011 1941 2080 1964 non
2104 1932 2140 1964 dc

1262 1977 1380 2021 primas
1392 1976 1640 2025 Cathedralium
1650 1979 1684 2012 ὃς
1697 1978 1955 2023 Collegiatarum
1970 1980 2003 2013 in
2018 1978 2140 2023 Belgio

1261 2028 1294 2061 ὃς
1306 2027 1504 2073 Burgundiae
1515 2027 1689 2062 Comitatu
1701 2028 1914 2062 Ecclessarum
1925 2029 1995 2072 post
2024 2028 2140 2062 Ponti-

1261 2077 1386 2111 ficalem
1400 2077 1576 2122 dignitates
1589 2078 1782 2112 nominandi
1795 2079 1959 2113 indultum
1979 2079 1997 2113 a
2019 2078 2136 2112 Leone

1260 2125 1391 2161 decimo
1402 2128 1524 2171 accepit
1536 2128 1624 2162 idem
1650 2128 1813 2169 Carolus,
1840 2139 1918 2162 tunc
1941 2127 2047 2163 adhuc
2074 2129 2136 2161 Ar-

1260 2176 1385 2211 chidux
1412 2177 1549 2211 Austriae
1567 2202 1575 2210 .
1614 2178 1737 2212 Verum
1759 2176 1834 2212 c'um
1856 2179 1985 2223 magnis
2007 2178 2137 2212 contra·

1261 2226 1459 2262 dictionibus
1468 2253 1475 2260 .
1506 2227 1608 2275 Qiod
1619 2229 1709 2262 enim
1720 2228 1859 2262 dubium
1870 2229 1949 2262 effet
1961 2226 2137 2266 Pontificis

1261 2277 1430 2321 diploma,
1457 2277 1602 2322 solasque
1616 2276 1825 2322 Apostolicas
1846 2278 2080 2312 reservationes
2099 2276 2138 2310 in

1261 2328 1508 2362 Canonicarum
1520 2327 1720 2362 electionum
1741 2328 1881 2373 gratiam
1902 2327 2063 2362 videretur
2083 2337 2139 2361 ex-

1260 2377 1389 2413 cludere
1400 2402 1411 2419 ,
1438 2376 1621 2413 Brabantiae
1655 2377 1800 2412 Abbates
1833 2377 1981 2412 adversus
2013 2375 2139 2411 Princi-

1260 2439 1333 2472 pem
1346 2428 1805 2463 constanterintercefferunt.
1831 2429 1923 2462 Dura
1941 2427 1980 2461 lis
2001 2424 2136 2460 tandem

1261 2489 1315 2522 per
1329 2479 1448 2513 initum
1460 2490 1535 2512 cum
1545 2477 1700 2521 Philippo
1712 2476 1853 2512 secundo
1873 2477 1966 2520 Rege
1986 2475 2137 2509 Concor-

1261 2530 1373 2563 datum
1387 2529 1449 2564 fuit
1462 2528 1605 2563 extincta
1615 2552 1626 2567 ,
1657 2537 1754 2569 atque
1766 2529 1811 2560 ita
1824 2535 2016 2560 memoratas
2025 2523 2133 2569 digni-

1262 2588 1342 2614 tates
1352 2578 1544 2614 nominandi
1556 2577 1607 2620 jus
1628 2576 1734 2611 eidem
1760 2576 1847 2620 Regi
1869 2575 1977 2610 lucide
1999 2575 2134 2609 tandem

1262 2630 1418 2674 impertiit
1430 2629 1552 2663 Xixtus
1563 2627 1698 2670 quintus
1710 2651 1717 2658 .
1736 2626 1791 2659 Est
1801 2635 1909 2660 tamen
1920 2625 1970 2668 jus
1979 2637 2018 2659 ac
2028 2624 2135 2658 indul-

1260 2689 1331 2713 tum
1343 2680 1513 2713 dumtaxat
1524 2676 1702 2720 temporale
1714 2675 1754 2709 ad
1769 2675 1871 2720 Regis
1882 2676 1982 2709 vitam
1994 2700 2001 2707 .
2025 2672 2134 2709 Unde

1261 2730 1517 2773 quotiescunque
1529 2737 1692 2760 mutamus
1703 2725 1888 2770 Principem
1898 2750 1908 2766 ,
1928 2735 2011 2768 opus
2019 2723 2065 2759 est
2076 2733 2134 2758 no-

1260 2789 1304 2813 vo
1318 2779 1470 2818 indulto,
1495 2778 1627 2811 &mors
1651 2776 1740 2809 illius
1761 2776 1807 2810 est
1830 2774 2054 2809 reviviscentia
2072 2773 2135 2808 Ca-

1261 2829 1386 2863 nonicae
1400 2828 1586 2862 electionis.
1617 2826 1726 2860 Etiam
1740 2826 1899 2860 Romanae
1911 2823 2144 2859 confirmatio--

1264 2879 1313 2912 nis
1323 2889 1407 2912 onus
1416 2878 1460 2912 est
1474 2876 1603 2911 indulto
1616 2886 1780 2910 annexum
1792 2900 1802 2916 ,
1824 2887 1893 2918 quae
1903 2886 2011 2909 tamen
2023 2872 2065 2907 ab
2076 2871 2135 2906 Al-

1262 2928 1343 2963 berti
1367 2926 1562 2962 Archiducis
1586 2935 1732 2970 tempore
1754 2938 1820 2960 non
1846 2926 1908 2960 fuit
1922 2925 1956 2957 in
1981 2924 2055 2956 usu.
2089 2922 2133 2956 Et

1262 2979 1347 3013 istud
1357 2977 1528 3012 substinuit
1537 2979 1635 3020 usque
1643 2976 1707 3010 huc
1719 2976 1872 3011 Romana
1883 2972 2020 3008 Ecclesia
2031 2997 2038 3004 .
2048 2972 2133 3020 Qae

1265 3030 1413 3072 pleraque
1437 3028 1544 3062 videre
1570 3027 1663 3070 possls
1686 3026 1719 3060 in
1744 3024 1913 3060 Chronico
1935 3022 2132 3056 Monasterii

1265 3078 1443 3113 Parcenfis.
1470 3076 1574 3112 Porro
1587 3076 1736 3110 omnium
1750 3100 1761 3115 ,
1789 3073 2006 3108 Cameracenfi
2018 3082 2133 3115 excep-

1263 3139 1299 3164 to
1311 3154 1322 3170 ,
1348 3129 1381 3162 in
1397 3129 1513 3173 Belgio
1526 3128 1759 3172 Episcoporum
1785 3123 2060 3157 nominandorum
2080 3121 2131 3165 jus

1265 3187 1451 3222 perpetuum
1474 3187 1572 3222 atque
1607 3174 1841 3210 haereditarium
1876 3171 2007 3206 laudato
2041 3171 2130 3214 Regi

1264 3227 1418 3273 Philippo
1427 3229 1519 3263 dedit
1533 3228 1652 3262 Paulus
1662 3233 1791 3265 quartus
1800 3250 1809 3256 .
1838 3222 1983 3258 Michael
1999 3220 2131 3256 Rouflffl

1264 3290 1429 3324 perperam
1441 3279 1579 3313 affirmat
1596 3276 1630 3308 δι
1651 3273 1886 3318 Episcoporum
1907 3274 1940 3308 δε
1961 3271 2131 3306 Abbatum

1266 3329 1547 3366 nominandorum
1584 3322 1751 3358 indultum
1784 3324 1848 3359 esse
1884 3324 1902 3357 ὲ
1938 3321 2050 3356 Leone
2077 3320 2132 3354 de-

1266 3392 1355 3416 cimo
1370 3405 1377 3412 .
1424 3399 1426 3401 -

1316 3428 1463 3475 Rogetio
1482 3422 1600 3462 sicilia
1622 3423 1768 3470 Principi
1789 3414 1922 3469 qnidam
1943 3420 2134 3507 existimgnt

2044 3483 2061 3505 a
