2352 3736
95 1443 128 1473 1..
162 1451 186 1470 ι·
200 1441 249 1479 Es.

339 194 417 247 70

273 271 442 314 oblatum,
466 271 561 305 tertia
586 271 685 304 etiam
707 271 811 316 exigit
827 295 837 310 ,
865 270 977 310 utique
1000 267 1150 304 sustenta-

273 323 375 358 tionis
387 321 486 359 titulo
498 345 509 366 2
535 331 575 358 ac
584 321 653 365 post
665 322 779 357 datum
790 322 1033 356 Sacramentum
1043 343 1051 351 .

402 557 542 616 ’ἳῑΑ
591 567 782 617 PUT
853 572 1014 618 v111.

273 710 489 778 Exponitur
499 705 635 755 oblatio
649 727 695 753 ac
709 705 855 754 exafflo
868 712 905 754 in
932 713 964 756 S
966 725 1157 758 actamen..

560 794 601 826 ,το
613 782 836 826 Paenz'tentz'ae
848 813 861 826 .

349 919 574 963 Leemosynas
584 918 645 953 effe
669 918 709 953 ad
732 918 810 953 Deo
831 929 890 962 pro
912 919 1051 963 peccatis
1072 920 1156 954 satis·

373 969 558 1004 faciendum
588 968 689 1013 longe
715 968 945 1003 efficaciffimas
963 995 974 1010 ,
1012 970 1156 1005 clamant

265 1021 380 1054 omnia
394 1019 654 1053 Christianorum
666 1019 882 1053 documenta.
913 1019 956 1052 Et
970 1019 1049 1054 hinc
1070 1019 1154 1064 post·

265 1081 366 1111 quam
377 1079 518 1111 quatuor
529 1070 638 1102 famofi
656 1069 796 1113 antiquae
806 1068 1015 1103 Poenitentiae
1038 1070 1156 1115 gradus

264 1118 352 1153 abire
379 1129 545 1164 coeperunt
571 1119 605 1153 in
637 1118 911 1160 dissuetudinem,
940 1119 1081 1163 ipsorum
1109 1120 1157 1153 in-

265 1169 375 1202 locum
397 1169 620 1213 principaliter
648 1169 793 1204 succeffit
820 1169 1050 1213 eleemosyna,
1077 1170 1152 1212 jeju-

262 1220 328 1253 niis
340 1230 449 1254 tamen
462 1231 499 1253 ac
513 1219 607 1253 variis
622 1218 932 1254 mortificationibus
944 1231 981 1253 ac
995 1219 1155 1263 epitimiis

265 1269 378 1303 vestita
390 1294 400 1311 ,
425 1270 594 1315 quousque
605 1270 738 1303 tandem
758 1269 901 1304 succeffit
917 1270 949 1302 &
963 1269 1025 1302 alia
1046 1268 1155 1303 Poeni-

268 1320 413 1353 tentialis
444 1320 563 1363 rigoris
585 1319 742 1353 relaxatio
760 1343 771 1360 ‚
797 1320 838 1352 de
860 1330 922 1361 qua
944 1317 984 1351 ad
1010 1317 1152 1353 Alexan-

264 1368 358 1402 drum
371 1370 550 1402 secundum
574 1368 773 1402 Pontificem
797 1370 930 1402 Sanetus
951 1367 1064 1403 Petrus
1087 1370 1153 1403 Da-

265 1418 388 1452 miani:
415 1417 540 1451 Sandus
565 1418 735 1459 Rudolfus,
773 1417 919 1465 Eugubii
947 1419 1150 1463 Episcopus,

265 1471 332 1502 nec?
344 1467 431 1510 lapfis
444 1469 562 1509 quidem
581 1470 761 1500 commodum
781 1469 903 1509 aliquod
918 1476 1035 1508 praeter
1055 1471 1152 1512 Jblam

266 1521 483 1551 Paenitentiam
507 1517 675 1559 requirebat
696 1542 702 1548 .
733 1514 870 1559 ιαμβι,
896 1521 995 1558 inquit
1018 1541 1028 1558 ,
1050 1520 1151 1560 potius

265 1574 400 1612 erigam,
426 1579 514 1610 quam
525 1578 564 1600 ex
590 1577 686 1599 eorum
712 1566 930 1607 cadaveribus,
955 1579 1033 1600 more
1058 1575 1148 1602 corvi-

265 1629 322 1656 no,
342 1615 548 1662 pinguescam.
578 1616 621 1651 Et
633 1617 668 1650 in
681 1616 800 1652 litteris
809 1617 848 1651 ad
861 1617 971 1651 nescio
986 1617 1080 1661 cujus
1091 1618 1153 1653 Ec·

262 1668 363 1702 clefiae
374 1668 596 1711 Episcopum:
624 1671 699 1700 Non
710 1673 855 1712 ignoras,
882 1673 952 1710 quta
962 1678 1027 1700 cum
1044 1670 1065 1700 ἃ
1088 1671 1154 1702 1>oe-

263 1718 431 1751 nitentibus
441 1725 539 1752 terras
551 1721 715 1758 accipimus
725 1742 737 1758 ,
756 1721 856 1760 juxta
870 1716 1041 1759 menfitram
1050 1730 1150 1751 mune·

92 1763 124 1792 1·
147 1773 176 1798 4·
195 1765 244 1800 ΓΡ·
262 1774 308 1801 ris
331 1774 375 1801 eis
402 1769 439 1801 de
463 1771 656 1801 Poenitentiae
677 1773 853 1809 quantitate
862 1769 1035 1800 relaxamus
1049 1793 1059 1808 ‚
1079 1767 1151 1809 ficut

100 1812 145 1831 1².

92 1920 166 1950 1..8.
191 1920 250 1958 Ep.

90 1966 118 1996 §a

257 1817 403 1861 ftriptum
415 1817 476 1859 est3
504 1820 635 1850 Divtttae
647 1816 796 1858 bominis,
821 1819 984 1859 redemptio
998 1820 1078 1859 eJus.
1106 1819 1150 1853 Et

264 1871 298 1901 in
313 1868 430 1902 litteris
442 1867 482 1901 ad
494 1867 644 1902 Clericos
654 1868 868 1903 Florentinos
881 1882 891 1901 .-
916 1872 992 1901 Cum
1015 1870 1151 1904 Sacerdo-

263 1927 310 1951 tes
322 1917 453 1960 Ecclefiae
467 1915 607 1960 annosam
619 1919 753 1952 indicunt
766 1917 941 1962 quibusdam
949 1919 1150 1960 peccatoribus

264 1971 477 2004 Paenitentiam
496 1992 507 2008 ,
532 1970 679 2010 numquid
687 1980 744 2001 non
758 1970 921 2011 aliquando
942 1978 1052 2000 certam
1064 1977 1150 2010 pecu-

264 2024 326 2052 niae
333 2018 496 2063 praefigunt
504 2025 562 2060 pro
574 2030 719 2052 annorum
740 2022 941 2061 redemptione
962 2018 1151 2061 mensuram?

263 2072 304 2102 Ut
314 2075 454 2102 ntmtrum
466 2068 607 2110 facinora
621 2066 679 2111 sua
701 2069 881 2112 eleemosinis
902 2070 1054 2102 redimant
1066 2090 1077 2106 ,
1102 2072 1152 2110 qui

264 2121 353 2163 longa
354 2120 477 2160 jejunia
486 2117 709 2161 perhorrescunt
722 2143 730 2151 .
757 2120 818 2153 sed
839 2125 910 2162 quia
935 2117 999 2150 haec
1016 2124 1150 2160 pecuniae

265 2170 426 2211 redemptio
436 2175 469 2200 tn
478 2173 612 2209 antiquis
624 2171 752 2201 Patrum
762 2169 936 2202 canonibus
959 2179 1016 2200 non
1041 2174 1149 2210 reperi-

267 2227 338 2258 tur,
367 2216 525 2261 absurdum
537 2218 633 2261 effe&
652 2218 802 2259 frivolum
819 2218 1034 2259 judicabitur?
1060 2218 1154 2260 ‚Quod

263 2267 349 2310 fiboc
359 2271 459 2301 Laic1's
488 2270 655 2311 indulgetur
668 2292 678 2307 ,
703 2278 736 2301 ut
751 2277 874 2310 peccata
892 2267 950 2310 sua
973 2266 1150 2310 eleemosynis

267 2319 436 2359 redimant,
464 2329 499 2350 ne
505 2315 685 2359 surripiente
696 2324 795 2350 mortis
807 2320 929 2351 articulo
938 2329 976 2350 ex
1003 2317 1059 2350 hac
1083 2323 1152 2350 vlta

263 2368 323 2410 fine
341 2377 443 2401 reatus
465 2365 512 2411 sui
532 2392 542 2406 ,
569 2369 650 2410 quod
665 2367 737 2409 abfit
758 2393 768 2408 ‚
795 2367 969 2410 absolutione
988 2367 1127 2400 recedant
1139 2393 1149 2408 ‚

268 2420 342 2460 quid
368 2417 510 2451 Monacbo
530 2419 767 2459 praecipiendum
792 2424 869 2458 erit,
895 2423 946 2461 qui
972 2418 1006 2450 (φ
1032 2419 1149 2461 longam

263 2468 348 2509 forte
372 2471 602 2508 Paenitentiam,
626 2474 757 2509 peccatis
782 2468 993 2512 exigentibus,
1020 2473 1150 2508 accepit,

269 2519 451 2558 &pecunias
463 2519 529 2550 olim
539 2541 548 2556 ‚
563 2517 668 2559 quibus
677 2519 853 2558 redimatur,
858 2518 1006 2559 funditus
1019 2517 1149 2557 abjecit?

272 2566 339 2602 Uti
350 2566 460 2599 Laicis
470 2569 604 2609 pecunia
617 2591 626 2605 ,
655 2568 698 2599 ita
712 2567 888 2600 Monachis
900 2568 1083 2601 voluntaria
1097 2567 1152 2599 fla-

270 2618 450 2660 gellatione
464 2615 574 2649 suadet
587 2616 619 2649 &
633 2617 747 2659 probat
769 2617 923 2650 redimere
947 2627 1077 2660 peccata
1089 2641 1099 2656 ,
1115 2617 1147 2648 δε

271 2664 357 2701 hisce
368 2666 525 2709 injuneffas
537 2666 722 2700 Canonicas
732 2677 768 2699 ac
792 2667 1044 2700 sacramentales
1065 2666 1149 2699 satis·

272 2717 447 2750 sastiones.
476 2716 561 2748 Etin
586 2716 701 2750 litteris
725 2717 763 2749 ad
789 2717 896 2750 nescio
917 2727 1013 2758 quem
1035 2717 1152 2749 Mona·

249 2782 257 2790 ·
273 2765 389 2800 chum:
417 2770 568 2799 Canonica
578 2775 663 2798 vetat
675 2766 832 2799 auctoritas
847 2790 858 2807 ,
883 2777 916 2800 ut
930 2769 1155 2799 l’oenitemtsa-

273 2818 370 2851 cerdos
384 2822 470 2849 unius
481 2817 540 2848 diei
546 2818 698 2857 jeiunium
709 2828 765 2849 non
775 2819 894 2850 relaxet
905 2842 914 2856 ,
942 2816 996 2858 nist
1013 2817 1057 2848 ad
1073 2824 1154 2858 prae-

272 2866 341 2910 sens
353 2869 436 2910 digni
441 2871 538 2908 pretii
558 2872 711 2899 taxatione
727 2875 784 2908 per
800 2865 1001 2909 eleemosinam
1021 2874 1151 2907 compen-

273 2916 335 2960 set.
363 2917 408 2951 Et
429 2915 470 2950 de
492 2916 555 2950 suis
576 2916 661 2959 apud
682 2916 987 2954 Mediolanensem,
1013 2915 1104 2958 cujus
1121 2915 1154 2947 ὅ(

280 2967 412 3008 caput&
425 2965 570 3000 membra
580 2966 621 3000 de
632 2968 716 2999 varia
728 2966 876 3000 Simonia
889 2965 1016 3009 punivit
1026 2976 1063 2999 ac
1086 2976 1157 3008 pur-

281 3015 382 3059 gavit,
391 3015 563 3049 Ecclesiam
575 3014 664 3049 Auis
675 3016 796 3050 scribit.-
823 3017 951 3048 Widont
966 3013 1153 3057 archiepisco·

280 3073 319 3106 po
328 3073 440 3096 centum
449 3077 590 3098 annorum
605 3068 815 3099 Poenitentlam
827 3067 924 3099 indidi
944 3089 954 3104 ,
983 3067 1155 3107 redemptio·

286 3124 411 3154 nemque
423 3115 485 3152 ejus
498 3123 634 3148 taxatam
644 3124 701 3158 per
720 3127 955 3159 unumquemque
976 3127 1088 3148 annum
1109 3123 1157 3155 pe-

285 3169 378 3196 cuniae
392 3168 557 3203 quantitate
565 3166 703 3205 praefi'xt.
719 3165 925 3213 Qibuidam
937 3166 1008 3198 istic
1020 3166 1156 3198 Clericis

285 3211 447 3258 quinque,
474 3211 788 3257 quibusdamseptem
811 3227 972 3250 annorum
992 3214 1157 3248 Poeniten-

286 3264 365 3296 tiam
381 3286 391 3301 ‚
411 3260 444 3292 ὅ(
471 3260 547 3294 bina
573 3272 626 3294 aut
655 3273 743 3296 terna
767 3267 898 3310 singulis
912 3265 1095 3309 septimanis
1116 3264 1155 3307 je-

287 3314 376 3355 Junia
399 3309 545 3351 injunxit
565 3334 575 3349 ,
600 3312 633 3344 ἀ
654 3311 803 3346 addidit.-
832 3319 896 3358 ,Qui
910 3318 1051 3356 jejunare
1066 3314 1159 3359 facile

289 3373 346 3395 non
361 3357 473 3403 potest,
493 3371 582 3391 unam
605 3371 641 3392 ex
661 3359 707 3391 his
728 3361 827 3395 diebus
850 3366 990 3398 redimere
1014 3367 1160 3398 licentiam

494 191 523 215 Ψ
559 188 833 231 SECUNDA
869 187 1259 230 PROOEMIALIS
1302 184 1725 248 D1sse‘uTAT10,

1218 267 1278 302 bus
1292 292 1303 309 ,
1329 278 1483 303 autunum
1498 278 1659 312 pauperem
1677 273 1782 317 paftat
1795 299 1805 316 ,
1833 277 1867 310 e·
1892 277 1959 310 lotis
1978 272 2109 320 pedibu?

1218 330 1368 352 nummum
1376 326 1528 368 porrigat.
1557 321 1608 353 Ex
1621 332 1687 364 quo
1700 322 1791 359 'vides
1804 327 2004 361 redimendae
2018 330 2108 363 satis·

1216 367 1367 403 fastionis
1379 381 1503 404 morem
1519 369 1611 404 fuifle
1633 381 1714 405 tunc
1735 374 1819 408 adeo
1840 377 2021 410 solemnem
2035 402 2045 417 ,
2071 388 2107 412 ut

1217 419 1390 459 quomode>
1416 420 1540 465 singula
1568 432 1698 463 peccata
1726 421 1815 456 suam
1841 428 2074 467 poenitentiam
2096 452 2108 467 ,

1213 468 1348 513 ejusque
1371 471 1564 513 qualitatem
1589 471 1623 504 ἃ
1647 482 1774 515 tempus
1798 495 1809 511 ‚
1842 472 1944 511 ita&
1978 477 2109 523 singula:

1214 518 1414 560 poenitentiae
1436 521 1526 554 suam
1547 519 1807 565 redemptionem
1830 546 1842 563 ,
1878 523 2008 572 ejusque
2037 539 2108 562 mo-

1215 567 1319 609 dum,
1343 568 1378 602 &
1400 581 1458 613 pro
1481 570 1617 615 fingulis
1640 573 1759 613 annis,
1780 573 1967 615 menfibus,
1991 576 2107 612 diebus

1216 627 1324 651 taxam
1337 618 1520 654 haberent&
1542 619 1737 656 canonibus
1760 622 1795 656 δε
1816 623 2107 661 Poenitentialibus

1215 667 1305 702 libris
1315 670 1479 711 praefixam
1493 696 1500 703 .
1528 669 1772 706 Poenitentialis
1785 672 1946 710 Romanae
1962 674 2109 710 Ecclesiae

1217 717 1319 758 liber,
1338 730 1436 761 quem
1447 722 1504 754 suo
1517 730 1664 765 tempore
1685 722 1868 758 exstantem
1897 725 1932 759 δε
1955 726 2108 760 usitatum

1217 767 1326 802 laudat
1347 770 1454 804 Sancti
1468 771 1581 805 lvonis
1602 772 1812 807 carnutensis
1823 773 1976 819 Episcopi
1991 777 2110 812 Decre-

1215 826 1307 858 tum,
1335 817 1473 855 habebat
1485 820 1570 855 hanc
1580 822 1746 866 regulam:
1773 827 1903 858 Centum
1921 824 2015 868 solidi
2038 828 2107 860 dati

1215 872 1247 898 in
1256 868 1460 912 eleemosinam
1481 881 1595 905 annum
1614 871 1775 915 excusant.
1805 873 1974 916 Ejusmodi
2000 876 2107 920 plures

1215 916 1353 1002 aliigmm
1367 920 1581 957 Ecclefiarurn
1603 922 1759 957 Canones
1783 924 1934 960 laudatus
1954 927 2012 960 lvo
2033 926 2106 962 istie

1215 977 1233 1001 a
1281 978 1369 1002 ucrt.

1266 1017 1366 1052 Recte
1376 1020 1510 1055 Sanctus
1522 1020 1636 1057 Petrus
1645 1023 1804 1060 Damiani
1815 1026 1965 1062 adfirmat
1982 1027 2106 1063 redem-

1218 1117 1352 1150 Etenim
1365 1118 1502 1152 similem
1527 1121 1760 1165 redemptionis
1781 1125 1979 1168 Canonem,
2004 1139 2105 1171 quem

1215 1165 1405 1201 Alexandro
1430 1169 1539 1212 primo
1562 1170 1713 1206 adscribit
1740 1174 1775 1206 in
1796 1175 1850 1209 sua
1873 1177 2104 1212 Conciliorum

1213 1217 1409 1252 collec‘iione
1434 1219 1603 1254 Severinus
1631 1221 1746 1256 Binius
1772 1248 1783 1264 ,
1820 1233 1944 1260 certum
1969 1227 2016 1260 est
2042 1229 2107 1262 effe

1215 1267 1409 1311 suppositum
1432 1269 1467 1302 δε
1482 1269 1589 1303 multo
1602 1271 1811 1313 posteriorem
1824 1299 1831 1307 .
1870 1276 1949 1319 Ejus
1969 1276 2106 1311 interim

1214 1317 1612 1354 meminitsubBenediffi
1637 1323 1743 1356 ostavi
1765 1323 1966 1360 Pontificatu
1989 1324 2104 1361 habita

1196 1067 1362 1417 'lationem
1378 1069 1469 1103 istam
1479 1082 1548 1105 non
1561 1071 1670 1108 haberi
1686 1075 1721 1108 in
1733 1076 1877 1120 antiquis
1888 1076 2083 1112 Canonibus
2094 1103 2102 1111 .

1204 3205 1207 3249 ss

2127 769 2155 795 l<-
2181 777 2188 795 1
2198 776 2221 802 ς.
2233 774 2274 795 ca.

2126 810 2190 836 206·

1212 1367 1366 1409 Synodus
1389 1367 1722 1413 Salegunstadienfis:
1747 1376 1857 1408 Omnes
1884 1376 2043 1410 bannitum
2055 1379 2105 1418 je·
2120 1377 2195 1413 C2f‘·
2229 1386 2272 1412 ¹5·

1207 1421 1330 1458 junium
1342 1417 1549 1462 diligentiffime
1573 1419 1744 1462 observent.
1771 1426 1803 1455 Ε
1806 1432 1819 1455 t
1834 1423 1866 1465 fi
1880 1432 1948 1469 quis
1977 1427 2037 1459 030
2061 1435 2106 1460 κέ

1211 1479 1299 1506 rum,
1326 1467 1382 1501 tali
1407 1467 1533 1510 jejunio
1554 1470 1781 1504 interdicqarum
1806 1476 1938 1516 aliquam
1961 1477 2112 1510 redimere.

1213 1517 1339 1550 voluerit
1354 1541 1364 1558 ,
1390 1528 1481 1550 unum
1488 1526 1670 1561 pauperem,
1693 1529 1783 1562 prout
1796 1523 1934 1564 facultas
1953 1524 2009 1568 fica
2018 1532 2103 1568 erit,

1211 1567 1308 1601 eodem
1335 1568 1382 1599 dte
1407 1567 1521 1610 reficiat
1549 1595 1555 1600 .
1584 1570 1627 1604 Et
1654 1570 1712 1604 sub
1738 1571 1865 1614 Joanne
1890 1574 2020 1609 decimo
2046 1587 2104 1618 per

1210 1616 1379 1651 Sedulfum
1403 1616 1652 1662 Metropolitam
1685 1622 1765 1655 saera
1787 1623 1955 1658 Remenfis
1990 1625 2104 1668 syno-

1210 1666 1269 1700 dus
1288 1668 1417 1700 decernit
1429 1666 1506 1701 hanc
1521 1672 1731 1704 Poenitentiam
1742 1671 1792 1705 bis
1803 1695 1814 1712 ,
1834 1680 1929 1716 quiin
1939 1675 2010 1708 bello
2021 1673 2103 1718 Sues-

1204 1716 1294 1758 fionts
1316 1722 1395 1749 inter
1415 1717 1572 1751 Robertum
1593 1722 1627 1753 (9
1650 1722 1809 1764 Carvium,
1835 1724 1876 1757 de
1900 1726 2102 1760 Francorum

1212 1778 1314 1811 regno
1333 1768 1569 1802 contendentes
1581 1793 1591 1808 ‚
1616 1771 1680 1802 atio
1698 1772 1918 1814 interfuerant,
1942 1778 2103 1819 injungen-

1211 1818 1281 1849 dam
1294 1829 1301 1847 :
1330 1817 1471 1850 Videlicet
1482 1827 1516 1850 ut
1529 1818 1622 1852 tribus
1634 1822 1878 1865 ‚Quadragefimis
1884 1832 1942 1865 per
1962 1835 2022 1858 tres
2043 1837 2098 1858 an-

1211 1878 1262 1899 nos
1278 1876 1372 1911 agant
1385 1870 1599 1902 Poem'tentlam
1609 1895 1619 1910 ,
1644 1876 1689 1902 ita
1702 1880 1738 1904 ut
1744 1878 1847 1913 prima
1862 1874 2099 1919 ‚Quadragefima

1204 1915 1265 1958 fint
1285 1925 1372 1949 extra
1383 1916 1537 1959 Ecclefiam
1547 1944 1557 1959 ‚
1583 1921 1616 1952 (δ’
1628 1926 1659 1952 in
1670 1924 1765 1954 Coena
1777 1926 1898 1955 Domini
1919 1927 2098 1958 reconcilien-

1212 1976 1260 1999 tur
1278 1992 1285 1998 .
1312 1966 1457 2000 Omnibus
1477 1970 1549 2001 verb
1573 1969 1622 2002 his
1650 1970 1746 2003 tribus
1768 1973 2007 2016 ,Quadragesimis
2020 1997 2031 2012 ,
2051 1973 2098 2016 se-

1212 2016 1325 2057 cunda,
1352 2026 1463 2059 quarta
1478 2042 1488 2058 ,
1515 2017 1736 2061 &sextaferr'a
1747 2045 1758 2061 ,
1785 2026 1906 2066 inpane
1918 2048 1928 2063 ‚
1948 2022 2014 2066 sale
2024 2048 2034 2062 ,
2061 2024 2096 2056 G?

1212 2078 1291 2108 aqua
1302 2068 1448 2107 jejunent
1461 2092 1472 2107 ,
1497 2071 1736 2103 autredimant.
1765 2070 1853 2105 Etin
1866 2073 1923 2106 suo
1936 2073 1976 2107 ad
1998 2072 2097 2106 Paro-

1212 2115 1334 2149 chiales
1346 2116 1554 2159 Presbyteros
1565 2119 1746 2162 Capitulari
1769 2122 1854 2155 Isaac
1875 2122 2093 2166 Lingonenfis

1217 2166 1394 2209 Episcopus
1413 2179 1423 2199 .-
1450 2169 1562 2200 Nullus
1588 2170 1740 2207 Presbyter
1757 2181 1811 2203 aut
1823 2176 1932 2205 Laicus
1946 2175 2096 2206 Poeniten·
2116 2177 2142 2204 L.
2159 2183 2220 2204 με.
2247 2179 2272 2205 ι.“

1213 2225 1271 2248 tem
1287 2225 1368 2259 cogat
1380 2222 1486 2248 vinum
1498 2217 1592 2251 bibere
1602 2243 1612 2258 ‚
1625 2229 1676 2251 aut
1685 2231 1805 2254 carnem
1815 2224 1994 2256 manducare
2005 2247 2015 2262 ,
2042 2221 2099 2264 nisu*

1211 2268 1254 2298 ad
1259 2264 1394 2309 praesens
1405 2275 1461 2308 pro
1478 2266 1540 2310 ipso
1563 2279 1652 2302 unum
1673 2272 1726 2303 vel
1747 2271 1819 2304 duos
1842 2274 1982 2305 denarios
1997 2275 2095 2313 ,iuxta

1214 2317 1391 2358 qualitatem
1420 2319 1610 2352 Poenitentiae
1648 2321 1782 2353 dederit.
1811 2320 1960 2356 Verbum
1981 2326 2095 2366 Cogat,
2112 2330 2189 2366 Cap.
2212 2333 2259 2359 26.

1213 2367 1300 2399 idem
1331 2365 1400 2400 vult
1423 2367 1511 2410 quod
1533 2391 1543 2407 ,
1570 2371 1751 2402 Permittat.
1785 2370 1827 2404 Et
1847 2371 2014 2406 Herardus
2034 2371 2097 2404 Ar-

1211 2415 1435 2460 chiepiscopus
1456 2417 1658 2451 Turonensis
1682 2433 1692 2452 .·
1720 2422 1916 2454 Poem'tentem
1935 2422 2031 2454 nullus
2052 2432 2097 2454 co-

1209 2473 1265 2510 gat
1279 2468 1458 2499 manducare
1468 2477 1520 2500 aut
1534 2467 1631 2501 bibere
1640 2493 1650 2507 ,
1663 2468 1720 2511 nisi
1725 2472 1886 2511 redemptio
1889 2470 2073 2514 permtffirfit
2079 2482 2094 2510 ¹,

1211 2522 1255 2549 ita
1266 2526 1366 2549 tamen
1378 2526 1410 2549 ut
1419 2524 1474 2558 pro
1487 2529 1517 2550 eo
1525 2520 1611 2558 prius
1623 2520 1713 2551 donet
1721 2529 1819 2551 coram
1839 2520 1901 2565 ipso
1920 2522 2095 2562 redemptio-

1213 2578 1293 2599 nem.
1323 2567 1373 2599 Ex
1385 2577 1452 2610 quo
1464 2567 1554 2600 vides
1578 2567 1836 2610 redemptionem
1861 2580 1929 2603 non
1954 2570 2094 2613 potuisse

1212 2615 1335 2650 credito
1346 2617 1435 2656 fieri,
1466 2616 1518 2649 sed
1533 2616 1673 2650 debuisse
1694 2619 1866 2660 praemitti:
1893 2620 1925 2653 &
1948 2619 2093 2663 aliquan-

1212 2667 1256 2700 do
1284 2665 1479 2699 Poenitentis
1504 2666 1638 2699 arbitrio
1665 2668 1844 2709 permissam
1872 2668 1889 2701 ὲ
1917 2669 2058 2703 Canone
2081 2693 2092 2708 ,

1212 2716 1497 2760 quandoqueopus
1509 2716 1601 2750 fuisse
1613 2717 1804 2751 auctoritate
1824 2719 1856 2752 ὅ(
1878 2721 1979 2762 gratia
2002 2720 2094 2762 Epis-

1214 2767 1342 2810 copali.
1371 2766 1413 2800 Et
1435 2766 1468 2798 in
1494 2767 1552 2799 suo
1574 2767 1613 2800 ad
1633 2765 1799 2801 Parochos
1819 2768 2000 2811 capitulari
2022 2769 2094 2803 Leo

1214 2817 1300 2858 Papa
1313 2826 1462 2858 quartus:
1492 2816 1604 2849 Nullus
1626 2819 1822 2852 Poenitentem
1844 2824 1953 2852 invitet
1974 2829 2093 2852 carnem

1200 2867 1433 2900 manducare&
1443 2866 1540 2899 bibere
1551 2873 1654 2899 vinum
1665 2892 1675 2907 ‚
1702 2866 1759 2909 nisi
1765 2876 1821 2909 pro
1842 2880 1873 2901 eo
1896 2870 1939 2902 ad
1960 2866 2093 2911 praefivts

1215 2915 1415 2959 eleemosynam
1419 2915 1539 2958 faciat.
1567 2917 1672 2966 Qod
1695 2917 1799 2961 ipsum
1821 2916 1919 2953 habet
1940 2918 2091 2960 antiquus

1216 2967 1309 3001 Ordo
1323 2967 1511 3000 Romanus.
1527 2967 1568 3000 Et
1583 2969 1615 3000 in
1631 2968 1746 3000 litteris
1755 2966 1795 3000 ad
1809 2968 1987 3013 Augustam
2002 2969 2090 2999 luam

1202 3028 1353 3070 3uxorem
1377 3017 1565 3050 Fustradam
1587 3017 1723 3051 Carolus
1745 3018 1887 3063 Magnus
1910 3041 1920 3056 ‚
1957 3017 2091 3050 laudans

1202 3067 1363 3100 ‘Litanias
1376 3068 1420 3101 ob
1433 3069 1521 3100 suam
1532 3067 1573 3101 de
1588 3067 1733 3101 Barbaris
1748 3067 1903 3100 Avaribus
1925 3066 2090 3100 vitiorium

1203 3117 1370 3154 {indictas
1400 3120 1474 3149 Ξεῐι
1487 3123 1557 3150 vino
1572 3119 1735 3151 &acarne
1756 3117 1971 3149 ordinaverant
1992 3118 2088 3148 sacer-

1204 3168 1296 3199 ³d0tes
1319 3166 1404 3207 nostri
1426 3193 1437 3209 ,
1461 3173 1510 3210 qut·
1528 3175 1651 3209 propter
1672 3165 1870 3208 infirmitatem
1891 3189 1901 3205 ‚
1937 3176 1991 3199 aut
2008 3165 2092 3209 sene-

1217 3217 1323 3250 ei‘utem
1336 3240 1347 3256 ‚
1371 3226 1424 3250 aut
1433 3221 1627 3260 juventutem
1643 3215 1783 3252 abstinere
1798 3223 1959 3257 poterant,
1986 3222 2029 3249 ut·
2040 3217 2092 3249 ab·

1213 3267 1375 3310 stinuiffent
1388 3293 1398 3308 ,
1425 3270 1459 3302 Θ·
1480 3276 1530 3311 qut
1549 3269 1688 3300 redimere
1704 3265 1833 3306 voluisset
1844 3290 1853 3305 ,
1881 3267 1960 3308 quod
1985 3272 2090 3299 vinum

1217 3318 1366 3350 licentiam
1393 3318 1531 3361 habuisset
1552 3315 1669 3347 bibendi
1689 3312 1752 3353 ipfis
1770 3315 1864 3348 tribus
1885 3316 2091 3350 Litaniarum

1219 3367 1320 3400 diebus
1343 3393 1353 3408 ,
1399 3369 1517 3400 ditiores
1542 3366 1576 3397 Θ
1598 3368 1777 3404 potentiores
1806 3364 1933 3399 hominer
1960 3367 1992 3398 r'n
2019 3375 2093 3399 una-

288 3410 451 3449 habetata
462 3419 495 3442 ut
506 3420 596 3441 unum
610 3407 786 3451 Psalterium
798 3413 1022 3452 meditetur,aut
1033 3416 1160 3447 medium
1206 3429 1334 3460 ¹'quaque
1345 3419 1393 3451 die
1398 3416 1522 3458 fhlidum
1534 3424 1623 3446 unum
1644 3413 1786 3456 dediffent
1799 3438 1809 3455 ‚
1835 3420 1934 3448 minus
1951 3423 2090 3458 potentes

286 3470 351 3494 eum
363 3465 574 3508 quinquaginta
586 3465 747 3500 metaneis,
773 3458 805 3493 id
829 3460 872 3494 est
886 3485 897 3502 ,
924 3463 1161 3508 genuflexioni-
1206 3461 1309 3508 Ejuxta
1341 3465 1556 3509 pffbilttatem
1589 3461 1714 3507 ipsorum
1747 3487 1759 3505 ,
1801 3466 1836 3499 et
1872 3470 1925 3509 qut
1959 3465 2091 3505 amplius-

1970 3515 2042 3547 dare
