2352 3736
55 276 118 307 cap.
146 279 158 299 ι
162 279 190 306 3.

54 690 119 720 ΗΞ.
141 696 190 725 31.

53 738 121 767 cap·
141 739 187 758 21-

52 844 134 874 Haer·
141 854 188 879 42.

52 892 119 922 cap.
143 894 172 922 3.

46 1489 122 1539 Cap.
143 1506 190 1537 52.

615 99 1112 146 Discite-rum

1181 100 1552 144 Pitinum
1904 111 1998 159 271

232 186 399 222 Gnosticis
409 183 517 220 scribit
530 184 563 218 in
577 183 722 219 Panario
743 185 878 219 sanstus
899 183 1142 232 Epiphanius:!
1187 192 1259 216 rum
1281 179 1392 217 hostes
1410 183 1542 216 fuerunt
1554 177 1764 215 Iconoclassae
1781 191 1793 214 .·
1817 179 1991 224 praesertim
2011 181 2076 218 lm-

54 230 130 259 H²¹²
145 231 192 260 2⁶·
230 229 356 277 Gnostici
368 248 413 269 eos
423 247 524 269 omnes
536 236 695 277 derident,
722 242 775 279 qui
789 236 982 276 Monasticum
994 240 1122 277 vitaege·
1138 235 1140 244 ²
1190 241 1347 277 peratores
1361 233 1599 267 Constantinus
1621 230 1815 265 Caballinus
1827 254 1839 270 ,
1864 230 1935 265 Leo
1958 229 2077 267 Arme-

230 300 284 324 nus
312 288 447 330 amplexi
465 285 539 330 sunt
561 311 572 328 ,
598 296 652 320 aut
674 287 836 327 castitatem
857 289 892 321 Θ·
917 283 1142 330 'virginitatem'
1190 284 1279 323 nius,
1312 281 1458 319 Michael
1471 283 1611 323 Balbus,
1636 282 1774 324 &super
1786 280 1978 325 omnesejus
1987 280 2077 317 filius

226 335 418 383 profitentur,
444 338 525 380 quod
524 337 643 380 frustra
665 338 702 370 id
710 336 768 379 fibi
792 335 927 377 molestia·
953 348 988 369 ac
1016 334 1124 371 laboris

227 396 401 430 imponant.
417 389 453 421 ln
466 388 574 431 plures
587 388 745 422 faffiones
758 387 821 420 fuit
832 387 967 420 lacerata
978 384 1126 420 sordidis-

227 440 305 474 fima
319 439 459 473 Haeresis
472 464 482 480 ,
510 439 683 483 pergitque
695 435 902 480 Epiphanius
913 436 956 471 de
977 434 1125 470 Valenti·

228 489 358 525 nianis:
387 492 455 522 Dici
480 500 537 522 non
552 488 646 532 potest
665 488 759 530 quam
779 491 875 528 impia
895 498 930 520 ac
951 486 1126 527 detestanda

226 540 347 584 flagitia
358 545 565 579 committant,
591 548 659 580 quae
672 537 745 569 dum
746 536 875 582 faciunt
888 561 900 577 ‚
926 549 977 570 nos
986 542 1040 579 qui
1056 544 1126 578 prae

230 593 288 624 Dei
299 596 403 624 timore
416 601 451 623 ne
461 593 630 633 cogitatione
639 588 692 620 vel
695 584 829 629 sermone
843 589 964 630 quidem
969 586 1064 630 scelus
1081 586 1126 618 ul-

229 642 293 674 lum
303 639 632 678 admitterefludsmus,
656 645 802 680 tanquam
812 639 927 671 Idiotas
949 645 1040 680 atque
1074 641 1128 667 im-

227 696 342 734 peritos
352 690 488 723 derident
498 712 509 728 ,
529 687 565 731 se
577 690 645 721 vero
658 688 782 730 mirifice
788 690 963 731 praedicant
974 711 985 728 ‚
1011 698 1048 720 ac
1055 694 1122 727 per-

222 741 325 783 fedi‘os
336 739 469 772 homines
482 738 659 780 electamque
671 737 796 781 stirpem
818 744 992 771 nominant.
1021 736 1126 784 Qod

229 800 348 834 nempe
373 789 409 822 in
435 789 531 823 omni
558 787 738 823 libidinum
761 788 834 823 luto
860 787 960 822 libere
985 786 1126 822 volutari

226 841 312 877 &sua
330 838 578 883 flagitiosiffima
601 840 690 874 Secta
710 839 995 882 permitterentur.
1021 836 1128 873 Addit

228 901 338 926 tamen
349 889 390 924 de
402 889 578 924 Marcione
591 901 599 921 :
627 889 778 923 Ceterum
789 894 953 933 virginitas
964 892 985 923 ἃ
997 892 1128 923 Marcio-

227 952 266 976 ne
283 941 475 982 praedicatur
498 965 505 972 .
545 937 651 987 Qdd
677 951 795 984 nempe
813 941 967 985 impietas
988 939 1048 974 sibi
1069 939 1126 984 ipfi

226 991 329 1025 etiam
361 991 395 1024 in
416 988 482 1023 hoc
515 991 656 1025 articulo
677 1002 747 1025 non
774 990 950 1026 cohaereret
972 1016 980 1024 .
1018 991 1063 1027 Et
1087 990 1129 1024 de

227 1040 373 1077 Valente
396 1040 553 1086 Augusto
574 1040 686 1075 scribit
703 1041 737 1075 in
750 1042 808 1075 suo
820 1041 860 1075 ad
876 1041 1010 1076 Eusebii
1024 1038 1129 1075 Chro-

220 1091 329 1125 -nicon
353 1092 581 1134 supplemento
603 1092 739 1125 Sanctus
762 1092 994 1135 Hieronymus
1023 1104 1031 1124 ε
1063 1095 1129 1125 Va-

223 1143 291 1175 lem
313 1142 408 1185 legem
425 1143 533 1181 dedit,
560 1150 595 1174 ut
622 1141 763 1175 Monacbi
784 1143 954 1176 militarent
972 1166 980 1174 .
1007 1141 1131 1178 Adver-

226 1193 301 1227 sum
325 1191 469 1226 Arianos
490 1191 659 1226 decertans
671 1192 819 1236 Magnus
846 1191 1064 1232 Athanasius,
1093 1191 1128 1224 in

225 1241 403 1277 subsidium
424 1241 566 1275 adscitos
593 1240 785 1277 Monachos
805 1252 950 1286 coeperat
971 1254 1040 1276 non
1064 1242 1130 1276 sine

225 1291 330 1325 fructu
345 1292 380 1324 in
391 1290 574 1335 Episcopos
583 1290 719 1326 evehere
733 1306 740 1325 :
767 1293 863 1326 Hinc
874 1292 1015 1336 capitale
1026 1291 1130 1328 totius

226 1341 381 1377 factionis
404 1341 440 1375 in
465 1342 551 1384 ipsos
562 1342 677 1376 odium
705 1341 852 1386 prodiit,
878 1353 976 1388 atque
997 1343 1044 1376 ita
1069 1342 1130 1376 im-

226 1392 300 1435 pius
322 1391 448 1425 Valens
465 1403 587 1436 cogere
605 1393 738 1426 tandem
769 1393 870 1436 coepit
904 1394 945 1427 ad
972 1402 1130 1430 armatam

228 1440 664 1485 militiam&Apostasiam.
693 1442 864 1476 Didicerat
887 1442 929 1477 ab
950 1442 1130 1486 Imperato-

227 1503 262 1526 re
275 1492 429 1534 Juliano‚
455 1502 554 1536 quem
568 1491 682 1527 eadem
695 1491 731 1525 in
754 1491 947 1526 Monachos
971 1493 1129 1526 violentia

228 1542 326 1576 fuisse
346 1544 440 1576 usum
462 1542 572 1576 scribit
594 1543 629 1576 in
664 1542 819 1575 Lausiaca
839 1542 990 1576 Historia
1024 1540 1130 1574 Palla-

225 1588 304 1626 dius
324 1592 507 1634 Episcopus
517 1591 823 1633 Helenopoliranus
838 1616 845 1623 .
878 1592 990 1625 Etiam
1001 1590 1043 1625 ab
1055 1591 1130 1624 Hae-

225 1638 394 1676 resiarchis
406 1641 585 1683 joviniano
599 1652 637 1675 ac
656 1640 848 1686 Vigilantio
859 1642 953 1675 fuisse
967 1641 1130 1684 improba-

225 1701 296 1726 tam
306 1692 410 1725 vitam
426 1691 650 1725 Monasticam
663 1716 673 1731 ‚
699 1691 830 1734 ejusque
850 1692 1042 1735 professores
1064 1692 1132 1724 sua-

157 1738 162 1743 ’
226 1742 281 1776 sos
292 1752 331 1775 ac
339 1741 501 1775 invitatos
515 1741 555 1775 ad
568 1740 773 1784 Apostafiarn
786 1765 796 1780 ‚
822 1741 980 1775 testantur
994 1741 1130 1774 sanetus

226 1791 463 1834 Hieronymus
490 1802 528 1824 ac
554 1792 690 1825 Sanctus
717 1791 927 1835 Augustinus
952 1815 959 1822 .
997 1791 1068 1824 Hic
1095 1790 1128 1824 id

226 1840 336 1883 ipsum
348 1840 483 1877 testatur
493 1841 533 1875 de
546 1841 749 1876 Donatistis.
778 1840 822 1874 Et
845 1840 887 1876 de
910 1840 1129 1885 vigilantibus

226 1890 265 1924 in
288 1889 545 1924 Catholicorum
569 1890 806 1934 perversionem
829 1890 1036 1925 Nestorianis
1057 1892 1132 1924 scri-

1144 1530 1148 1588 1

225 1939 277 1974 bit
310 1940 474 1974 Leontius
500 1940 709 1983 Byzantinus
735 1954 746 1974 .-
774 1941 949 1979 Nestor-iani
971 1941 1147 1984 postquam2

222 1997 349 2031 captum
357 1997 479 2029 tenent,
507 1992 587 2024 &in
612 1991 721 2033 quibus
743 1991 849 2024 volunt
868 1991 1054 2024 obedientem
1076 1991 1130 2024 ba-

160 2081 166 2087 .
221 2039 296 2073 bem*
309 2064 320 2080 ‚
339 2039 371 2081 fi
377 2039 537 2073 Monachus
544 2040 584 2081 fit
595 2064 605 2080 ,
633 2039 794 2073 hortantur
815 2043 862 2074 ad
875 2043 1013 2085 legendos
1038 2041 1129 2074 libros

59 2606 120 2639 ub.
148 2614 176 2642 3.-

57 2655 121 2686 εις).
148 2655 177 2682 4.

225 2091 416 2128 Gentilium,
432 2089 463 2130 fi
470 2100 572 2123 tamen
583 2091 708 2123 idoneus
731 2091 776 2122 ad
795 2102 842 2124 eos
860 2092 1001 2135 legendos
1020 2093 1129 2123 videa-

226 2148 278 2175 tur
299 2164 308 2171 .
345 2143 392 2171 Et
414 2139 567 2182 postquam
585 2139 812 2182 simplicitatem
832 2143 950 2173 ordinis
975 2141 1130 2180 Monastici

233 2189 362 2223 multum
381 2188 565 2232 irriserunt,
590 2192 672 2232 quod
696 2189 784 2224 nihili
804 2189 844 2231 fit
862 2193 1022 2232 jejumum
1042 2212 1053 2229 ‚
1078 2191 1133 2224 vel

227 2240 337 2282 vigilia
353 2262 365 2278 ‚
390 2238 568 2282 velseceffus
582 2263 594 2278 ,
613 2240 760 2282 siquidem
771 2246 883 2274 virtuti
897 2239 1046 2275 Pradlicae
1059 2264 1069 2280 ,
1096 2241 1132 2274 id

228 2288 289 2328 est,
314 2293 347 2320 in
371 2288 484 2321 afflone
503 2288 606 2330 pofitae
629 2290 797 2322 obtrectant
817 2314 828 2330 ,
856 2291 890 2323 δ’
914 2301 1008 2332 neque
1025 2301 1130 2326 nomen

227 2338 498 2381 ejuspatipoffunt
525 2349 608 2380 aequo
631 2344 754 2380 animo,
779 2341 823 2372 ad
844 2341 1025 2373 mutandum
1044 2339 1130 2375 babt-

234 2397 299 2421 tum
311 2386 470 2421 hortantur
483 2412 494 2428 ,
519 2389 598 2430 quod
601 2387 640 2429 fit
651 2389 696 2421 ad
693 2387 825 2429 studium
836 2395 967 2423 virtuti:
975 2391 1107 2431 politicae
1122 2416 1134 2432 ‚

228 2438 266 2472 id
281 2436 342 2477 est,
368 2449 437 2480 quae
463 2443 496 2470 in
520 2444 645 2472 civitate
670 2438 826 2482 versetur,
854 2441 1126 2481 impedimentum,

234 2490 421 2521 Promittant
425 2486 535 2529 seeum
555 2494 589 2522 in
612 2490 788 2522 clericorum
807 2491 956 2523 Ordinem
976 2498 1130 2532 coaptatu-

231 2549 282 2570 ros
295 2562 307 2578 ,
331 2545 384 2570 aut
395 2538 453 2570 alio
462 2539 548 2572 modo
557 2540 776 2579 aux-illaturos,
806 2541 891 2572 modo
896 2540 955 2583 fiat
973 2547 1128 2583 particeps

233 2592 401 2629 impietatis
423 2599 522 2621 eorum
543 2613 550 2620 .
578 2588 650 2634 Qi
669 2599 780 2623 tamen
803 2601 891 2624 error
914 2591 1044 2626 videtur
1063 2592 1128 2626 toti

235 2637 369 2670 factioni
392 2648 461 2672 non
480 2639 792 2674 suiffecommunis.
822 2640 956 2674 Etenim
972 2642 1063 2685 sparsi
1073 2653 1128 2686 per

232 2687 411 2720 Orientem
434 2688 626 2724 Nestoriani
649 2689 750 2727 etiam
782 2689 884 2725 hodie
915 2690 1038 2726 habent
1061 2693 1130 2735 plu-

235 2737 340 2770 rimos
358 2735 548 2772 Monachos
561 2762 571 2778 ‚
596 2740 629 2773 δε
642 2752 710 2775 non
725 2740 782 2774 nisi
797 2752 838 2775 ex
858 2741 929 2785 ipsis
958 2753 1069 2776 creant
1094 2743 1130 2776 sr-

236 2786 271 2821 bi
286 2786 473 2829 Episcopos
483 2811 490 2818 .
521 2787 563 2821 Et
575 2788 643 2832 ipse
655 2791 825 2826 Nestorius
835 2803 876 2826 ex
889 2794 996 2826 Saneci
1009 2792 1132 2836 Eupra-

236 2837 285 2883 -pii
303 2836 389 2879 apud
401 2836 617 2872 Antiochiam
629 2839 835 2876 Monasterio
847 2843 953 2878 fastus
965 2844 1028 2877 fuit
1040 2843 1129 2879 Con-

237 2887 552 2930 stantinopolitanus
573 2888 753 2933 Episcopus
776 2915 788 2933 ,
812 2903 876 2925 nec
897 2893 1019 2937 legitur
1036 2895 1131 2938 quid-

238 2947 340 2980 quam
363 2937 513 2972 adversus
541 2937 765 2975 Monasticam
791 2942 1019 2985 profeffionem
1051 2943 1131 2978 deli-

238 2987 341 3021 nffe.
369 2987 481 3023 Etiam
506 2999 578 3031 quae
600 2988 761 3032 Acephali
786 2992 821 3025 &
843 2992 899 3026 alii
913 2991 1131 3037 Eutychiani-

238 3036 296 3070 stae
320 3038 357 3071 in
379 3038 479 3082 Syriae
501 3039 706 3074 Monasteria
727 3041 759 3074 δε
779 3041 971 3079 Monachos
998 3047 1130 3088 patrasse

238 3086 464 3123 monstrantur
476 3090 508 3123 in
523 3089 660 3131 synodo
674 3090 1046 3136 Constantinopolitana
1070 3095 1130 3131 sub

242 3136 431 3172 patriarcha
452 3139 578 3174 Menna
599 3164 610 3180 ,
635 3150 772 3185 egerunt
794 3142 830 3175 in
853 3143 940 3178 solos
961 3144 1131 3180 orthodo-

243 3198 324 3222 xos:
354 3198 422 3221 non
457 3200 498 3223 ex
509 3190 737 3233 profeffionis,
765 3192 962 3227 sedexodio
980 3194 1128 3234 constan-

241 3237 299 3271 13ae
320 3237 462 3280 ipsorum
489 3239 523 3273 in
547 3241 749 3286 Evangelica
786 3243 919 3277 veritate
945 3267 951 3275 -
978 3244 1069 3278 Nam
1097 3247 1131 3281 δι

245 3286 380 3323 istorum
420 3288 524 3332 plures
560 3301 654 3325 erant
688 3292 851 3327 Monachi
876 3319 887 3336 ‚
930 3294 963 3328 δε
997 3294 1129 3332 illorum

247 3337 492 3382 Antefignanus
526 3339 700 3384 ‘Eutyches
734 3345 838 3378 fuerat
868 3345 956 3387 apud
991 3344 1131 3390 Regiam

246 3387 414 3424 civitatem
449 3389 714 3427 Archimandrita
733 3418 742 3426 .
779 3394 911 3431 Peffimi
946 3395 1133 3432 Monacho-

1191 332 1420 376 Theophiius.
1449 333 1638 382 Qomodo
1653 333 1791 367 cunctos
1802 331 1843 365 ad
1871 331 2077 375 Apostasnm

1188 384 1222 417 &
1237 383 1382 427 publicas
1405 388 1537 429 nuptias
1557 382 1754 429 coegerint,
1779 382 1976 425 &ipsorum
1998 383 2079 419 Mo-

1191 433 1323 469 nasteria
1351 435 1439 470 varie
1449 435 1693 479 profanaverint
1704 458 1716 475 ,
1742 432 1919 468 dictumest
1931 433 1970 466 ad
1985 434 2079 477 septi-

1190 495 1277 519 mam
1303 486 1501 530 Synodum,
1525 486 1559 519 ἀ
1581 484 1728 528 pluribus
1739 486 1796 519 suo
1806 494 1955 527 tempore
1966 481 2079 518 dicen-

1188 534 1324 569 dum.Et
1335 548 1377 569 ex
1388 536 1456 570 istis
1466 534 1614 569 fontibus
1625 535 1767 577 Ioannes
1778 534 1959 573 xvicleffus
1970 531 2079 571 hausit

1187 583 1284 620 hosce
1297 586 1429 620 insanos
1440 610 1451 626 ‚
1476 586 1510 620 ἀ
1530 597 1586 629 per
1599 585 1888 619 Constantiensem
1902 585 2090 628 Synodum*

1188 635 1319 679 optimo
1330 636 1400 679 jure
1409 636 1586 671 damnatos
1598 635 1772 669 articulos:
1804 634 2081 677 Peccantfundan-

1186 694 1230 719 tes
1266 687 1393 727 claustra
1415 711 1426 727 ,
1460 687 1495 720 et
1515 685 1723 729 ingredientes
1741 683 1816 727 sunt
1836 691 1899 720 virt
1920 686 2077 722 diabolici.

1187 737 1391 779 Ingredientes
1416 737 1598 778 Religionem
1619 743 1673 767 aut
1692 736 1822 777 aliquem
1843 738 1988 769 Ordinem
2010 761 2022 777 ,
2048 748 2092 773 eo

1188 784 1251 829 ipso
1261 784 1408 819 inhabiles
1411 784 1485 829 sunt
1495 787 1539 818 ad
1549 783 1740 828 servandum
1765 787 1887 817 Divina
1903 793 2084 828 praecepta,

1190 839 1224 871 θ
1232 845 1289 879 per
1298 834 1476 879 consequens
1487 838 1533 869 ad
1539 836 1779 877 perveniendum
1790 840 1822 867 in
1835 839 1970 880 Regnum
1992 835 2085 869 Coelo-

1191 899 1279 928 rum,
1307 886 1366 929 nisi
1383 887 1620 929 apostataverint
1654 886 1694 918 ab
1730 883 1854 928 i1sdem.
1885 885 2060 929 Augustinus
2071 910 2085 927 ,

1191 937 1376 972 Benedic‘lus
1384 963 1395 979 ,
1424 939 1606 970 Ber-nardus
1617 937 1757 970 damnati
1764 934 1837 978 fient
1849 960 1860 976 ,
1883 935 2087 978 mfipoenitue-

1189 994 1252 1022 rint
1263 989 1310 1023 ale⁴
1323 987 1397 1028 boc,
1424 989 1504 1031 quod
1526 987 1693 1021 babuerunt
1709 987 1882 1030 poffiffiones
1909 988 1943 1020 Θ·
1955 986 2085 1026 institue-

1190 1049 1261 1072 runt
1273 1041 1308 1073 (5
1319 1043 1477 1073 intrarunt
1487 1040 1655 1082 Religiones
1668 1063 1674 1070 .
1686 1042 1800 1071 Omnes
1811 1039 1977 1082 Religiones
1989 1036 2086 1079 indif-

1184 1087 1619 1132 ferenterintrodublaesunta
1641 1088 1783 1122 Diabolo.
1807 1087 1854 1121 Et
1874 1088 1916 1122 ab
1937 1085 1988 1122 his
2011 1086 2088 1122 Ma-

1191 1140 1299 1184 gistris
1322 1141 1379 1174 sua
1400 1140 1435 1173 in
1459 1138 1650 1173 Monachos
1670 1137 1749 1173 odia
1774 1137 1963 1173 didicerunt
1984 1138 2089 1172 etiam

1190 1190 1358 1224 Martinus
1377 1188 1588 1224 Lutherus&
1611 1190 1754 1232 Ioannes
1776 1188 1955 1226 Calvinus.
1982 1187 2090 1232 Οάἰεγ1

1191 1252 1263 1275 rum
1283 1241 1397 1275 causas
1422 1241 1482 1275 suo
1508 1240 1586 1276 loco
1597 1251 1785 1284 exponam.

1241 1291 1407 1336 Sacrilega
1420 1289 1670 1326 Monachorum
1690 1289 1860 1333 Apostafia
1885 1290 2013 1332 semper
2036 1285 2092 1323 ha·

1191 1340 1263 1376 buit
1277 1343 1350 1376 suos
1362 1342 1464 1375 etiam
1476 1342 1511 1375 in
1527 1340 1705 1376 Catholica
1718 1341 1861 1376 Ecclesia
1884 1339 2070 1374 defensores
2081 1364 2091 1371 .

1193 1391 1374 1425 Etenimin
1388 1391 1455 1425 hoc
1479 1391 1637 1434 Apostoli
1660 1391 1759 1425 loco:
1786 1393 1818 1424 51·
1837 1395 1904 1433 quis
1925 1398 2045 1432 turpem
2059 1386 2102 1432 se:

1191 1442 1292 1479 videri
1303 1441 1455 1480 existimat
1474 1439 1564 1482 super
1580 1446 1700 1484 virgine
1714 1439 1790 1483 sua,
1816 1442 1899 1483 quod
1908 1438 1948 1480 fit
1963 1438 2094 1482 supera-

1191 1492 1300 1530 dulta,
1327 1493 1420 1524 &ita
1431 1498 1544 1532 oportet
1554 1491 1625 1531 fieri
1640 1514 1652 1530 ,
1677 1492 1757 1532 quod
1774 1491 1844 1523 vult
1858 1489 1963 1530 faciat
1987 1513 1998 1529 ,
2034 1500 2098 1523 non

1189 1539 1325 1581 peccatfi
1333 1540 1429 1572 nubat
1441 1565 1449 1572 .
1478 1539 1558 1573 Hoc
1571 1564 1583 1579 ,
1609 1539 1747 1582 inquam
1763 1564 1773 1579 ‚
1798 1540 1834 1573 in
1847 1540 1923 1573 loco
1934 1549 2098 1573 memora-

1193 1601 1241 1623 tas
1255 1589 1296 1624 ab
1310 1589 1475 1631 Apostolo
1485 1588 1644 1633 Virgines
1663 1589 1799 1634 quidam
1830 1590 2030 1624 censuerunt
2053 1599 2098 1623 ex

1187 1640 1320 1682 *dudum
1334 1641 1453 1674 servata
1465 1640 1684 1674 continentiae
1711 1640 1909 1683 professione
1931 1639 2027 1673 fuisse
2047 1640 2099 1674 su-

1194 1689 1379 1733 peradultas
1391 1712 1401 1728 ,
1421 1690 1455 1728 δε
1469 1690 1544 1732 ipsis
1555 1690 1595 1724 ad
1608 1689 1763 1723 evitanda
1775 1691 1953 1735 gentilium
1976 1701 2098 1733 oppro-

1194 1740 1262 1774 bria
1275 1740 1422 1783 permitti
1439 1741 1589 1783 nuptias.
1630 1740 1674 1774 Et
1695 1742 1775 1783 quin
1800 1740 1908 1783 plures
1932 1738 2097 1774 seduxerit

1193 1791 1254 1824 ista
1266 1789 1409 1825 scabiosa
1421 1790 1611 1833 praedicatio
1623 1815 1634 1830 ,
1646 1802 1714 1824 non
1726 1790 1772 1824 est
1786 1790 2008 1827 dubitandum
2025 1814 2033 1822 .
2050 1789 2099 1824 Et

1193 1838 1273 1873 hinc
1286 1841 1321 1875 in
1334 1839 1519 1875 canonicis
1541 1841 1708 1884 scripturis
1733 1840 1837 1874 solam
1858 1841 2001 1874 litteram
2026 1850 2102 1874 non

1194 1892 1285 1934 posse
1302 1891 1615 1934 attendirespondet
1628 1891 1664 1924 in
1678 1891 1951 1933 Apostolicorum
1978 1890 2101 1925 Haeresi

1193 1941 1329 1975 San-stus
1344 1940 1552 1984 Epiphanius
1563 1965 1575 1983 ,
1587 1942 1621 1975 ὅ(
1636 1942 1863 1984 prosequitur:
1878 1943 1940 1973 Sed
1955 1941 2100 1974 &tradi-

1191 1996 1273 2024 tione
1286 2002 1401 2033 quoque
1413 1999 1484 2033 opus
1498 1991 1536 2031 est
1549 2016 1556 2023 .
1584 1995 1694 2033 Neque
1706 1997 1787 2024 enim
1799 2002 1838 2024 ex
1845 1989 2005 2033 scripturis
2032 1996 2102 2031 pett

1188 2041 1306 2084 p'offunt
1314 2047 1432 2074 omnia.
1460 2042 1569 2075 Idcirco
1580 2043 1644 2075 alia
1650 2040 1782 2084 scripto,
1806 2042 1969 2074 traditione
1996 2040 2101 2073 sanffl

1176 2106 1178 2108 ·
1194 2089 1317 2133 Apostoli
1328 2092 1392 2125 alia
1403 2091 1592 2134 reliquerunt
1602 2117 1610 2124 .
1632 2097 1665 2137 J
1667 2105 1718 2125 am
1731 2093 1804 2125 vero
1814 2093 1896 2125 illud
1903 2092 1942 2124 ab
1956 2089 2104 2133 Apostrdis⁴

1193 2142 1306 2175 Sancta
1315 2145 1373 2175 Dei
1382 2141 1510 2182 Ecclesia
1520 2143 1667 2175 traditum
1687 2147 1802 2183 accepit
1811 2166 1821 2182 ,
1857 2141 1921 2183 pol?
1944 2143 2099 2175 decretam
2118 2136 2193 2166 ΗΠ·
2227 2141 2246 2166 6
2253 2147 2276 2166 ¹·

1190 2195 1408 2234 Virginitatem
1419 2193 1465 2224 ad
1475 2197 1599 2232 nuptias
1606 2189 1641 2234 se
1662 2191 1794 2235 conferre
1804 2217 1815 2232 ‚
1829 2190 1936 2234 scelere
1961 2194 2106 2234 implica·
2117 2185 2180 2215 ΟΨ·
2213 2182 2278 2214 5⁶7*

1189 2250 1256 2278 ,tum
1267 2242 1390 2274 videri.
1419 2241 1492 2275 Nec
1506 2242 1577 2276 solo
1591 2240 1690 2276 verbo
1703 2266 1713 2282 ,
1740 2242 1794 2276 sed
1818 2242 1851 2276 &
1862 2243 1983 2286 scripto
1996 2243 2101 2278 tradi-

1190 2302 1265 2325 tum
1284 2291 1432 2325 ostendit
1445 2303 1488 2325 ex
1503 2291 1606 2334 prima
1617 2291 1658 2326 ad
1670 2291 1896 2327 Timotheum
1922 2293 2072 2337 Epistola
2085 2307 2095 2327 :

1193 2339 1439 2383 Adolescentiores
1454 2343 1569 2375 viduas
1581 2343 1690 2376 devita
1703 2369 1709 2375 .
1737 2344 1815 2376 Cum
1825 2350 1904 2376 enim
1926 2345 2098 2378 luxuriata

1185 2392 1305 2434 fuerint
1317 2397 1351 2425 in
1363 2391 1478 2433 Christo
1489 2417 1500 2432 ,
1513 2392 1621 2426 nubere
1632 2395 1737 2427 volunt
1749 2418 1759 2434 ‚
1767 2393 1913 2427 habentes
1925 2394 2097 2429 damnatio·-

1188 2453 1259 2477 nem
1270 2467 1281 2482 ,
1294 2448 1368 2485 quia
1376 2448 1512 2485 primam
1522 2443 1613 2487 fidem
1622 2449 1742 2477 irritam
1744 2444 1885 2485 fecerunt
1898 2469 1905 2477 .
1921 2443 1983 2478 Per
1995 2444 2098 2481 fidem

1189 2491 1557 2538 hici-ntelligividualis
1567 2495 1724 2529 castitatis
1747 2494 1979 2537 professionem
2001 2494 2099 2530 adfir-

1189 2552 1261 2577 mat
1274 2543 1335 2586 Epi
1341 2543 1544 2586 phaniu5‚ac
1556 2546 1660 2588 pergit
1674 2557 1681 2576 :
1710 2544 1838 2587 ‚Quodfi
1846 2546 1899 2579 vel
1907 2557 1942 2578 ea
1956 2547 2060 2578 mulier
2084 2570 2097 2587 ‚

1190 2605 1260 2636 quae
1271 2595 1416 2627 mundum
1427 2595 1598 2635 periclitata
1607 2594 1646 2634 est
1657 2621 1665 2634 ,
1678 2597 1775 2628 vidua
1776 2595 1867 2636 fac‘la
1880 2621 1888 2635 ,
1894 2603 1951 2637 pro
1964 2607 1995 2629 eo
2014 2596 2097 2637 quod

1192 2647 1257 2678 Deo
1276 2642 1443 2687 consecrata
1457 2643 1579 2685 fuerit,
1600 2644 1630 2687 fi
1637 2645 1738 2687 postea
1759 2644 1890 2688 nupserit
1906 2670 1916 2686 ‚
1935 2647 2096 2687 judicium

1189 2693 1283 2727 babet
1294 2719 1304 2734 ,
1327 2696 1406 2736 quod
1412 2701 1547 2735 primam
1553 2694 1647 2736 fidem
1658 2701 1778 2728 irritam
1787 2695 1888 2736 fecit,
1915 2707 1983 2736 quae
2013 2703 2096 2729 ante-

1193 2756 1284 2787 quam
1294 2745 1436 2777 mundum
1447 2751 1650 2786 experiretur,
1670 2744 1864 2788 semetipsam
1878 2748 1937 2777 Deo
1961 2745 2087 2778 dicave-

1192 2801 1235 2828 rit
1247 2799 1355 2839 virgo,
1380 2805 1477 2828 nonne
1489 2796 1583 2828 multo
1602 2802 1699 2839 magis
1722 2794 1877 2839 lascivivit
1898 2800 1931 2827 in
1953 2794 2093 2837 Christo,

1193 2847 1392 2887 majoremque
1396 2845 1491 2887 fidem
1501 2850 1621 2878 irritam
1631 2846 1741 2888 fecerit
1753 2871 1763 2886 ‚
1788 2858 1825 2879 ac
1848 2847 1997 2887 judicium
2025 2847 2094 2879 ideo

1188 2894 1345 2939 sustinebit
1362 2921 1374 2937 ‚
1413 2906 1444 2928 eo
1474 2898 1557 2938 quod
1581 2895 1669 2939 suum
1701 2897 1777 2930 illud
1794 2895 1958 2940 secundum
1996 2898 2093 2930 Deum

1196 2945 1377 2988 Propositum
1387 2947 1545 2981 relaxavit
1556 2945 1575 2979 ἓ
1602 2946 1646 2981 Et
1658 2949 1771 2982 nescio
1779 2957 1862 2993 quos
1874 2945 2069 2981 catholicos
2077 2968 2092 2986 ‚

1193 2997 1250 3038 qui
1271 2996 1396 3038 lapsum
1415 3007 1492 3031 cum
1527 2998 1613 3031 sacra
1636 2996 1779 3042 Virgine
1815 2994 2025 3031 Monachum
2046 2996 2091 3031 ad

1194 3045 1351 3080 ineundas
1372 3047 1504 3090 nuptias
1522 3071 1533 3087 ,
1560 3056 1658 3089 atque
1679 3047 1725 3080 ita
1738 3047 1945 3092 purgandum
1960 3047 2089 3081 crimen

1194 3095 1432 3136 hortabantur,
1458 3095 1586 3130 acribus
1602 3092 1649 3130 'ad
1672 3097 1871 3141 Episcopum
1896 3097 2089 3142 Januarium

1194 3147 1311 3181 litteris
1330 3155 1425 3180 notat
1441 3146 1477 3180 &
1495 3155 1664 3192 expugnat
1678 3147 1827 3182 laudatus
1846 3148 1882 3182 in
1904 3146 2090 3182 Maffilien-

1194 3199 1232 3232 sis
1245 3196 1412 3231 Gennadii
1432 3196 1606 3242 Catalogo
1629 3195 1824 3232 Bacharius.
1852 3198 1898 3232 Et
1917 3209 1976 3242 pro
1994 3197 2088 3242 Apo·

1192 3246 1386 3282 statantibus
1405 3247 1423 3281 ὲ
1439 3247 1615 3282 communi
1636 3247 1722 3283 intra
1734 3260 1837 3293 nuper
1846 3248 1868 3289 'a
1884 3249 2002 3283 Sanno
2016 3250 2085 3283 Aur·

1194 3297 1327 3343 gustino
1347 3296 1535 3333 institutum
1556 3297 1742 3334 Claustrum
1763 3300 1832 3335 vita
1854 3299 1994 3334 Clericis
2017 3297 2086 3341 plui

1194 3359 1242 3383 res
1273 3340 1432 3390 Afrorum
1469 3347 1638 3384 Catholici
1669 3350 1755 3394 apud
1790 3351 1869 3385 suos
1901 3350 2083 3391 Episcopus

1195 3399 1459 3436 intercesserunt:
1485 3401 1575 3449 ‚gurd
1583 3399 1736 3443 mitfecit
1750 3402 1768 3435 ἓ
1795 3398 1970 3479 Nonpoteg
1989 3405 2084 3431 tecum

1926 3457 1940 3481 t
1966 3457 2034 3481 era-
