2352 3736
53 519 143 566 Epist.
164 536 190 562 9.

86 3407 148 3437 1²¹0.
170 3416 196 3435 2.

90 3455 151 3485 cap.
178 3457 202 3475 i.

289 163 395 216 ‘298
607 164 939 206 SANCTI

228 250 357 288 ordines
369 258 402 287 in
411 249 536 291 Ecclesia
547 254 684 283 Romana
697 249 734 282 de
744 253 788 283 eis
800 251 855 289 qui
867 255 1012 279 vocantur
1039 249 1117 282 Car-

1009 157 1350 203 LEONIS

1420 157 1682 216 Nour,

1177 246 1273 283 datus
1305 247 1510 282 Amalarius.
1540 247 1586 286 Et
1606 250 1799 294 comprobat
1820 252 1930 290 Berno
1948 251 2062 290 Abbas
2077 254 2147 293 Cap-
2170 265 2195 293 7.

227 304 374 343 dmum,
398 301 480 335 eradi
505 298 715 344 consueverunt
736 322 743 329 .
786 294 917 339 Nempe
939 295 1026 330 circa
1054 294 1116 331 hos
1177 296 1359 343 Augienfis.

227 355 378 398 primates
389 349 538 384 clericos
547 351 736 394 primaevum
747 345 872 382 servari
888 356 1014 382 morem
1038 357 1117 381 con,-

1227 348 1377 387 Laudata
1400 347 1521 384 Gelafii
1543 349 1684 384 Decreta
1706 348 1814 385 lucide
1833 350 2063 394 loquuntur-de

227 404 346 438 stanter
368 399 473 436 voluit
493 400 682 444 Apostolica
703 395 801 430 Sedes
823 419 831 429 .
859 396 968 431 Sansti
993 396 1115 431 Gelasii
1180 400 1255 434 solis
1278 397 1482 445 presbyteris
1506 410 1605 444 atque
1624 401 1791 436 Diaconis
1807 423 1815 431 .
1836 400 2065 445 Episcopalem

226 454 406 488 Decretum
416 451 519 486 exstat
531 452 563 484 in
575 449 641 492 ejus
654 446 770 482 litteris
780 446 821 482 ad
834 446 988 481 Lucaniae
1011 459 1050 481 ac
1071 447 1119 482 Si.

227 503 311 538 ciliae
335 501 516 547 Episcopos
536 512 544 531 :
583 499 799 533 Ordinationes
823 497 1062 543 Presbyterorum
1083 509 1119 531 ac

226 556 422 587 Dias-anorum
434 575 446 596 ‚
472 548 529 591 nist
544 555 632 584 certis
647 547 825 591 temporibus
834 559 868 582 ac
877 547 982 583 diebus
998 573 1010 588 ‚
1035 559 1120 582 exer·

224 614 286 638 cere
298 613 356 637 non
369 601 478 639 debent
488 597 628 642 Episcopi
640 623 651 640 ,
677 601 714 632 id
721 598 780 639 est,
806 604 914 642 quarti
928 597 1120 641 menfisjc’ju-

227 658 296 693 nio,
324 651 463 695 fiptimi,
476 650 523 683 ’(Ἰ
539 650 668 689 decimi,
689 648 850 693 sedetiam
873 647 1121 694 ,Quadragefima-

226 705 264 737 lis
279 707 382 741 initii,
408 711 443 734 ac
453 701 596 734 mediana
617 698 859 744 ,Quadragfflmae
871 701 921 733 die
936 723 946 739 ,
971 696 1121 733 sabbathi

221 754 340 795 jejunio
357 756 438 786 circa
464 749 621 794 Vesperam
646 757 785 784 noverint
806 748 1003 784 celebrandas
1027 775 1035 787 ,
1076 750 1120 783 Et

226 804 268 836 de
291 801 426 845 Juliano
449 800 628 835 Brandensi
655 801 820 844 Episcopo
853 800 971 844 scripsit
991 801 1031 834 ad
1054 799 1121 842 ejus

226 852 364 886 Clerum
387 852 422 886 δε
443 851 601 895 populum
627 864 635 884 :
661 853 760 885 Sacris
785 851 950 885 Ordinibus
970 851 1122 892 applican-

225 904 280 936 dos
291 902 349 936 hac
360 899 561 945 observatione
571 909 750 944 promoveat
764 923 776 940 ,
799 909 833 933 ut
848 903 970 942 jejunio
994 905 1121 943 quarti,

220 951 369 997 septimi,
390 964 425 986 ac
438 953 550 986 'decimi
572 950 675 994 menfis
688 975 700 994 ,
720 949 841 994 vespere
862 950 1013 984 sabbathi
1038 948 1123 993 Prefi

227 1003 338 1042 bjteros
352 1012 443 1045 atque
454 1006 602 1036 Diaconos
612 1001 795 1035 ordinandos
814 1000 866 1044 effe
885 999 1032 1045 cognoscat
1044 1025 1051 1033 .
1081 999 1123 1033 E-

226 1052 382 1097 pistolam
392 1064 495 1096 nuper
507 1051 687 1096 publicavit
698 1051 806 1085 Lucas
819 1051 1018 1086 Holstenius
1030 1075 1038 1083 .
1065 1051 1119 1085 Ex

225 1103 340 1140 eadem
364 1103 475 1147 regula
499 1101 543 1137 de
563 1102 687 1138 Latino
708 1102 867 1137 Diacono
888 1127 899 1143 ,
920 1102 956 1136 in
978 1101 1121 1135 Marcel-

225 1152 378 1189 lia-enfis
388 1153 540 1190 Ecclefiae
553 1153 753 1196 Episcopum
764 1152 868 1190 elesto
882 1176 893 1192 ,
921 1152 963 1186 ad
986 1151 1120 1194 Tullia-

227 1215 311 1238 num
332 1204 592 1238 Grumentinum
602 1203 807 1247 Episcopum
824 1202 943 1246 scripsit
967 1201 1121 1247 Pelagius

227 1253 404 1293 secundus:
436 1258 512 1289 Ante
521 1255 601 1287 diem
606 1251 743 1296 sancium
749 1251 875 1296 festinet
894 1263 1041 1289 occurrere
1056 1276 1067 1293 ,
1086 1259 1121 1285 ut

226 1306 282 1338 vel
290 1302 439 1338 sabbatho
451 1302 512 1347 ipso
523 1303 616 1344 nostis
633 1314 751 1347 magnae
760 1301 823 1345 post
843 1301 1039 1346 Baptismum
1062 1313 1119 1339 va-

226 1356 289 1389 leat
310 1356 446 1388 ordinari
468 1379 475 1386 .
502 1355 638 1396 Alioquin
655 1354 760 1396 neceffe
784 1351 822 1393 eft
843 1353 932 1396 quue
952 1354 998 1386 ad
1016 1357 1120 1397 quarti

228 1416 296 1439 men
307 1417 331 1438 ss
346 1406 503 1447 jejunium
518 1402 660 1446 sustinero
679 1428 686 1436 .
719 1402 822 1449 Qod
842 1414 960 1447 nempe
981 1402 1119 1442 Latinus

228 1466 299 1493 non
310 1464 442 1489 tantum
453 1451 701 1498 ira-Episcopum
713 1476 726 1494 ‚
750 1452 805 1488 sed
820 1453 921 1491 etiam
934 1454 970 1488 in
982 1452 1117 1502 Presby—

229 1515 333 1540 terum
346 1506 427 1539 esset
438 1503 678 1543 consecrandus
691 1528 698 1535 .

280 1555 325 1589 Et
335 1554 469 1603 quidem
481 1565 520 1588 an
533 1553 678 1588 Romani
689 1552 771 1587 olim
785 1552 965 1586 Pontifices
984 1553 1018 1586 in
1044 1552 1115 1586 solo

229 1603 423 1645 Decembris
435 1605 547 1638 mense
559 1604 737 1647 Episcopos
753 1603 786 1636 ὅς
805 1602 945 1645 majores
968 1602 1116 1636 Clericos

227 1655 510 1696 consecraverint,
539 1665 608 1688 non
635 1653 682 1687 est
707 1651 918 1686 manifestum
939 1676 947 1684 .
984 1652 1116 1685 Amal&

229 1708 297 1740 rius
308 1707 507 1740 Fortunatus
518 1703 665 1745 loquitur
675 1713 717 1738 ex
730 1699 812 1734 libro
825 1699 1013 1734 pontificali
1023 1724 1033 1741 ,
1059 1700 1115 1743 qui

228 1757 272 1794 de
297 1754 441 1800 antiquis
466 1751 686 1787 Pontificibus
722 1750 834 1795 passim
859 1748 960 1784 habet
980 1763 991 1784 s
1031 1753 1117 1783 Fecit

229 1807 445 1840 Ordinationes
464 1801 560 1846 mense
578 1801 766 1839 Decembres.
795 1800 840 1835 Et
866 1799 964 1834 istum
990 1811 1115 1834 morem

229 1858 304 1892 vult
331 1856 397 1889 esse
422 1854 633 1891 traditionem
664 1850 893 1895 Apostolicam
915 1874 922 1882 .
959 1849 1004 1888 Et
1031 1848 1117 1884 certe

228 1906 382 1943 laudatus
409 1904 491 1939 liber
517 1901 627 1937 scribit
653 1902 694 1936 de
720 1902 838 1935 Sant'io
863 1895 962 1937 Petro
974 1900 1117 1944 Aposto-

230 1959 283 1991 10:
312 1959 366 1988 Hic
381 1955 457 1997 fecit
485 1955 682 1987 ordinationes
699 1959 757 1993 per
774 1949 902 1993 mensem
925 1950 1115 1983 Decembris.

229 2007 275 2043 Et
301 2005 396 2040 istam
417 2003 554 2048 phrasim
576 2003 750 2039 continuat
770 2001 870 2045 usque
896 1999 938 2037 ad
957 2000 1114 2036 Hilarum

230 2056 434 2092 Pontificem
448 2067 459 2088 .·
487 2058 544 2089 Hic
546 2052 625 2095 fecit
636 2053 850 2086 ordinationem
860 2062 950 2085 unam
955 2059 1014 2092 per
1039 2061 1116 2084 men·

227 2106 293 2152 sem
316 2104 521 2140 Decembrem.
552 2104 601 2138 At
628 2100 703 2137 verd
728 2100 770 2136 de
795 2101 950 2145 proximo
961 2099 1028 2151 ejus
1039 2102 1115 2136 Suc-

231 2158 353 2192 cessore
364 2155 536 2199 Simplicio
548 2152 666 2188 habet:
695 2157 750 2185 Hic
753 2151 831 2193 fecit
849 2152 1051 2185 ordinationes
1057 2159 1115 2199 per

232 2205 361 2250 mensem
372 2205 558 2240 Decembrem
570 2205 604 2239 (ν
616 2203 829 2238 Februarium.
857 2202 1026 2238 Successor
1046 2199 1117 2238 Foe·

234 2259 283 2292 lix
307 2257 421 2293 tertius
442 2254 552 2290 denuc>
573 2253 738 2289 ordinavit
758 2252 792 2287 in
816 2252 888 2286 solo
908 2250 1087 2288 Decembri
1108 2276 1114 2283 .

235 2307 407 2345 Successor
428 2315 539 2340 autern
562 2304 708 2341 Gelafius
722 2302 798 2345 fecit
819 2304 1021 2336 ordinationes
1041 2302 1116 2334 duas

233 2355 411 2402 permenses
422 2355 587 2390 Decembris
613 2357 648 2389 ὢ·
668 2354 846 2388 Februarii.
873 2353 1003 2400 Omnes
1022 2350 1117 2394 hujus

234 2408 442 2443 successores
462 2407 497 2440 in
520 2406 591 2440 solo
608 2405 689 2439 item
711 2402 913 2443 Decembri,
938 2412 994 2438 aut
1009 2403 1042 2438 in
1053 2401 1120 2436 De·

237 2458 360 2492 eembri
372 2459 405 2492 δε
423 2455 598 2491 Februario
610 2455 774 2490 ordinasse
792 2453 994 2495 scribuntur,
1020 2452 1120 2496 usque

237 2509 279 2545 ad
299 2508 456 2541 Foelicem
478 2516 631 2550 quartum
652 2529 664 2545 ,
699 2505 740 2540 de
760 2514 829 2546 quo
849 2503 998 2538 laudatus
1021 2501 1118 2536 liber:

238 2562 293 2595 Hic
309 2557 388 2600 fecit
410 2557 611 2596 ordinationes
633 2556 731 2593 duas,
745 2563 802 2595 per
828 2551 941 2595 mensi-s
959 2553 1120 2587 Februarii

240 2612 275 2642 (ν
299 2611 406 2642 Martii
427 2631 434 2638 .
469 2604 574 2653 Qod
601 2614 719 2647 nempe
745 2601 1006 2650 Qadragesimae
1029 2613 1120 2635 exer*

239 2657 333 2694 dium
355 2669 393 2691 ac
417 2657 506 2690 verni
526 2654 638 2698 jejunii
660 2663 787 2698 tempus
808 2652 907 2686 semel
927 2653 963 2686 in
985 2651 1122 2686 Februa-

240 2709 313 2748 rio,
341 2707 438 2742 semel
452 2706 486 2743 in
508 2705 636 2742 Martio
658 2704 866 2743 occurrisset.
894 2700 1025 2737 Exinde
1047 2703 1122 2738 Suc·

242 2758 383 2792 cessores
394 2757 549 2802 leguntur
559 2767 612 2800 per
622 2754 736 2789 omnia
759 2763 898 2795 quatuor
918 2762 1063 2797 tempora
1075 2763 1123 2786 or.-

243 2808 393 2843 dinasse.
433 2808 535 2842 Hisce
565 2805 699 2841 obstant
735 2804 900 2847 Zozymus
936 2802 1092 2838 Pontifex
1113 2826 1124 2842 ,

245 2859 399 2898 Aurelius
411 2855 676 2902 Carthaginiensis
687 2854 869 2898 Episcopus
881 2878 892 2893 ,
918 2862 1031 2898 quarta
1044 2851 1125 2885 Car-

246 2907 444 2952 thaginensis
454 2906 607 2952 synodus
618 2930 629 2945 ‚
642 2917 680 2939 ac
692 2903 862 2948 praesertim
873 2903 1020 2948 Magnus
1030 2902 1102 2936 Leo
1113 2925 1124 2940 ,

247 2964 383 3000 quorum
401 2956 627 3004 irrefragabilis
645 2955 817 2990 auctoritas
839 2953 948 2989 lucide
976 2951 1124 2988 adfirmat

249 3006 283 3039 ὃ(
298 3007 549 3048 sacerdotum&
570 3006 761 3046 Levitarum
783 3003 1011 3040 ordinationes
1031 3000 1126 3038 omni

252 3055 431 3092 Dominica
465 3060 520 3093 die
551 3058 648 3092 fuisse
679 3055 721 3091 ab
754 3054 954 3099 Apostolico
988 3053 1127 3087 canone

254 3106 418 3147 permissas
437 3132 444 3139 .
472 3110 516 3142 Et
540 3109 583 3146 ita
604 3107 772 3141 consuesse
798 3105 896 3138 eriam
918 3104 955 3138 in
975 3103 1128 3137 Romana

255 3155 416 3196 Ecclefia,
442 3169 495 3200 per
516 3156 658 3195 laudatas
679 3156 719 3191 ad
731 3156 931 3190 Dioscorum
943 3153 1066 3190 litteras
1078 3163 1129 3195 pa-

256 3205 324 3239 lam
345 3205 499 3240 asseverat
518 3207 661 3251 Magnus
683 3207 754 3241 Leo
774 3231 780 3237 .
808 3206 853 3239 Et
873 3205 972 3249 usque
995 3204 1038 3242 ad
1061 3202 1129 3246 Syl-

254 3253 395 3289 vestrum
412 3253 533 3297 Papam
546 3256 624 3291 liber
645 3256 849 3290 Pontificalis
873 3267 942 3289 non
960 3253 1006 3288 est
1029 3253 1129 3298 plenae

257 3302 476 3339 auctoritatis.
501 3304 674 3348 Quidquid
686 3306 745 3345 fit,
771 3315 827 3339 aut
839 3306 1050 3347 Simplicius,
1077 3310 1130 3337 aut

258 3354 403 3394 Gelafius
421 3378 432 3395 ‚
458 3362 515 3389 aut
535 3352 607 3395 quis
629 3352 719 3385 istius
740 3355 894 3396 temporis
914 3354 1072 3388 Pontifex
1088 3354 1131 3386 sa·

256 3415 329 3442 eros
346 3403 488 3438 Ordines
508 3412 649 3446 quatuor
665 3404 862 3441 temporibus
874 3404 1039 3447 alligavit.
1068 3403 1133 3437 Va-

248 3457 305 3493 na
319 3456 357 3490 ad
372 3453 404 3494 id
415 3452 573 3503 permovit
588 3450 688 3489 ratio.
715 3449 909 3498 Elegantem
922 3453 1052 3487 adducit
1065 3453 1131 3487 lau-

1175 449 1456 486 consecrationem
1469 452 1665 495 permittunt
1674 451 1815 494 antiquae
1821 445 2064 491 consuetudini.
2099 466 2104 471 ·

1179 501 1222 537 Et
1234 499 1275 534 de
1287 499 1504 536 Subdiaconis
1529 512 1627 544 atque
1638 502 1711 536 aliis
1732 500 1915 536 minoribus
1926 501 2065 537 Clericis
2080 519 2137 561 m
2167 533 2184 560 9
2188 536 2215 564 ς,

1180 549 1277 585 habet
1303 549 1398 585 Ordo
1421 550 1594 586 Romanus
1611 564 1619 584 z
1650 553 1729 589 sicut
1749 553 2003 586 sacramentorum
2023 564 2066 587 co·

1178 602 1239 635 dex
1260 606 1414 641 continet,
1440 603 1559 644 quando
1578 604 1614 637 θ
1634 602 1685 636 ubi
1699 600 1799 644 fuerit
1811 626 1823 642 ,
1846 600 1935 645 usque
1947 608 1980 635 in
1991 603 2064 636 Sub-

1181 652 1356 685 diaconatus
1378 653 1510 693 Officium
1531 653 1725 686 ordinentur.
1755 655 1879 686 Diaconi
1892 655 1962 685 verb
1973 661 2063 696 atquo

1182 701 1348 741 Presbyteri
1381 713 1542 745 numquam
1571 702 1628 745 m'fi
1650 709 1683 735 in
1710 701 1832 744 publica
1861 703 2062 736 ordinatione.

1182 750 1409 788 subdiaconos
1430 754 1464 787 δε
1485 754 1569 787 alios
1592 753 1739 789 minores
1761 752 1921 795 permittit
1942 754 2063 795 quovis

1181 801 1236 836 die
1260 802 1403 840 ordinari
1422 828 1430 839 ‚
1457 803 1590 847 Nempe
1609 802 1869 839 Subdiaconatus
1888 812 1969 837 tunc
1987 815 2066 838 nec·

1181 850 1263 889 dum
1292 863 1361 888 erat
1381 853 1484 896 major
1511 853 1608 888 Ordo
1632 876 1643 894 ‚
1670 853 1813 897 ideoque
1834 851 2063 889 Subdiaconus

1184 913 1252 936 non
1271 912 1397 946 poterat
1428 903 1506 948 eligi
1528 904 1563 938 in
1586 903 1787 947 Episcopum
1810 927 1817 935 .
1852 904 1963 946 Ipsum
1996 901 2063 940 huc

1182 951 1289 986 euexit
1314 952 1474 987 Urbanus
1495 953 1673 994 secundus,
1697 964 1796 997 atque
1805 953 1926 987 exinde
1936 955 2063 988 confer·

1182 1002 1210 1037 ti
1231 1013 1301 1040 non
1321 1002 1452 1046 potuit,
1478 1002 1540 1036 nisi
1565 1003 1599 1036 in
1620 1014 1761 1048 quatuor
1770 1001 1992 1047 temporibus.
2017 1004 2063 1037 Et

1184 1051 1262 1088 hinc
1287 1052 1329 1086 ad
1360 1050 1616 1089 Bathoniensem
1649 1053 1682 1086 in
1705 1053 1831 1097 Anglia
1858 1053 2064 1097 Episcopum

1184 1102 1306 1146 scripsit
1327 1101 1515 1136 Alexander
1526 1102 1657 1136 tertius:
1683 1102 1878 1135 subdiaconos
1891 1103 1984 1142 nulli,
2009 1102 2066 1145 nist

1183 1155 1315 1187 Romano
1336 1151 1473 1194 Pontifici
1484 1176 1495 1191 ‚
1522 1153 1604 1189 liceat
1615 1158 1647 1185 in
1659 1152 1760 1185 diebus
1772 1152 1933 1187 Dominicis
1943 1154 2064 1186 ordina-

1181 1215 1213 1237 re
1230 1228 1237 1241 ,.
1260 1203 1306 1239 Et
1327 1203 1367 1237 ad
1390 1203 1594 1246 Episcopum
1624 1202 1901 1236 Herefordensem
1922 1214 1930 1234 ε
1969 1205 2016 1236 De
2032 1212 2064 1235 eo

1182 1255 1261 1296 quod
1269 1251 1428 1295 quaefivisti
1439 1276 1451 1293 ,
1476 1265 1517 1286 an
1527 1255 1617 1286 liceat
1629 1261 1717 1286 extra
1722 1254 1845 1294 jejunia
1853 1261 1980 1296 quatuor
1990 1261 2065 1286 tem·

1179 1313 1286 1346 porum
1311 1305 1428 1346 aliquos
1452 1308 1484 1336 in
1501 1303 1641 1342 Ostlarios
1653 1326 1664 1342 ,
1691 1302 1844 1347 LclJorcs,
1870 1301 2065 1346 Exoreissas,

1183 1356 1234 1388 vel
1244 1352 1390 1392 Acolythos
1404 1377 1415 1395 ,
1442 1362 1494 1386 aut
1504 1359 1595 1389 etiam
1605 1352 1801 1386 subdiaconos
1807 1361 1977 1394 promovere
1986 1377 1998 1394 ,
2016 1360 2064 1389 ta-

1179 1405 1252 1441 liter
1276 1402 1482 1448 respondemus
1501 1429 1512 1445 ,
1539 1404 1618 1447 quod
1633 1401 1790 1446 Episcopis
1812 1403 1924 1452 {iritum
1943 1401 1982 1442 est
2006 1404 2066 1436 Do·

1183 1459 1299 1487 minicis
1321 1457 1355 1489 (9⁶
1377 1456 1446 1488 aliis
1468 1453 1599 1494 Festivis
1623 1453 1730 1487 diebus
1750 1464 1841 1486 unum
1864 1461 1919 1485 aut
1939 1454 2013 1486 duos
2021 1452 2068 1485 ad

1181 1510 1305 1538 minores
1327 1506 1456 1538 Ordines
1479 1513 1654 1546 promovere
1671 1528 1679 1535 .
1716 1504 1779 1538 sed
1803 1504 1849 1536 ad
1869 1501 2066 1536 Subdiacona-

1181 1564 1246 1586 tum
1262 1578 1274 1593 ,
1297 1554 1352 1594 nifi
1363 1559 1397 1587 in
1410 1562 1534 1595 quatuor
1547 1554 1726 1595 temporibus
1736 1579 1746 1594 ‚
1773 1561 1825 1588 aut
1835 1551 1983 1585 sabbatho
1990 1555 2067 1586 san-

1180 1603 1245 1643 έῖο,
1266 1604 1319 1636 vel
1335 1608 1368 1635 in
1389 1602 1537 1635 sabbatho
1559 1611 1630 1636 ante
1649 1605 1834 1635 Dominis-am
1858 1604 1895 1635 de
1918 1603 2065 1642 Pafflone,

1177 1654 1251 1685 nulli
1288 1651 1500 1694 Epifioporum
1528 1661 1735 1694 praeterquam
1766 1655 1899 1685 Romano
1928 1653 2064 1694 Pontifici

1179 1703 1267 1735 liceat
1286 1702 1402 1743 aliquos
1423 1702 1592 1735 ordinare..
1607 1702 1747 1736 Exstant
1760 1701 1871 1737 litterae
1887 1702 1972 1744 apud
1984 1702 2064 1735 Gre->

1180 1750 1313 1795 gorium
1336 1761 1464 1786 nonum
1486 1774 1497 1791 ,
1528 1750 1586 1784 sub
1608 1751 1708 1785 titulo
1726 1750 1768 1784 de
1783 1751 1985 1794 temporibus
2002 1753 2065 1785 Or·

1179 1800 1409 1837 dinationum.
1435 1799 1490 1834 Ad
1522 1799 1620 1835 verba
1642 1824 1654 1840 ‚
1677 1805 1773 1833 Unum
1795 1802 1847 1834 vel
1864 1801 1958 1840 duos,
1980 1800 2064 1834 reste

1181 1851 1295 1885 Glossa
1312 1863 1323 1884 .·
1347 1851 1513 1893 Numquid
1526 1852 1652 1892 plures?
1673 1854 1778 1893 Utique
1798 1874 1809 1890 ,
1831 1851 1986 1885 dummodo
2006 1861 2064 1883 non

1181 1902 1324 1935 videatur
1344 1900 1498 1945 generalis
1520 1901 1666 1933 ordinatio
1687 1924 1695 1932 .
1729 1901 1784 1934 De
1816 1898 1935 1934 eisdem
1966 1899 2064 1935 habet

1181 1949 1381 1985 hodiernum
1392 1950 1605 1989 Pontificale:
1627 1951 1813 1991 clericatus,
1828 1949 1880 1992 [ὲκ
1889 1956 1993 1991 prima
2002 1959 2068 1983 ton-

1178 1999 1272 2044 fisra,
1296 2011 1474 2043 quocumque
1496 2001 1565 2041 die,
1586 1999 1681 2040 hora,
1704 2001 1806 2037 &Ioco
1816 1999 1940 2041 conferri
1958 1998 2064 2041 potest.

1179 2054 1309 2084 Minores
1321 2053 1392 2085 verb
1407 2051 1535 2085 Ordines
1545 2050 1662 2092 poffunt
1670 2051 1742 2083 dari
1749 2048 1868 2094 fingulis
1881 2053 2043 2083 Dominicis
2053 2073 2067 2091 ,

1178 2103 1212 2135 &³
1225 2100 1356 2139 Festivis
1377 2100 1482 2134 diebus
1493 2101 1659 2142 duplicibus
1672 2125 1683 2140 ,
1706 2100 1877 2143 ubicumque
1888 2123 1899 2139 ,
1923 2104 1956 2132 in
1978 2109 2068 2133 mane

1176 2160 1277 2187 tamen
1287 2175 1295 2183 .
1323 2150 1426 2201 Qud
1439 2149 1559 2185 Festivi
1572 2150 1639 2185 dies
1650 2149 1789 2189 debeant
1808 2161 1878 2184 non
1890 2149 2020 2186 tantum
2031 2149 2070 2185 in

1179 2200 1322 2236 Ecclesia
1335 2226 1346 2242 ‚
1374 2201 1429 2234 sed
1450 2201 1552 2234 etiam
1575 2201 1609 2234 in
1627 2200 1752 2244 populo
1773 2201 1835 2234 esse
1856 2199 1977 2233 Festivi
1991 2225 2001 2240 ,
2022 2210 2070 2234 re-

1178 2252 1227 2286 ste
1249 2249 1389 2287 advertit
1409 2250 1599 2286 Franciscus
1621 2250 1760 2294 Zypaeus
1781 2275 1788 2283 .
1826 2250 1870 2284 Et
1892 2248 2067 2294 adjungit:

1181 2304 1338 2345 ,Quamvis
1348 2299 1488 2342 Rebuffus
1497 2325 1509 2342 ,
1534 2299 1642 2343 aliique
1657 2309 1764 2343 negent
1773 2298 1973 2343 consuetudine
1982 2301 2068 2333 indu-

1179 2353 1309 2395 cspoffe,
1333 2359 1367 2385 ut
1377 2352 1447 2384 aliis
1469 2351 1647 2393 temporibus
1668 2351 1870 2384 ordinationes
1888 2356 2069 2392 permittan-

1180 2411 1229 2436 tur
1239 2427 1250 2443 ‚
1275 2411 1377 2438 tamen
1386 2401 1435 2434 his
1445 2407 1478 2436 in
1496 2403 1562 2434 locis
1573 2401 1698 2435 obtinuit
1706 2425 1718 2441 ,
1746 2410 1781 2434 ut
1784 2401 1878 2442 feriis
1882 2399 1982 2443 six-tis
1994 2412 2069 2442 qua·

1181 2462 1244 2486 tuor
1255 2460 1418 2494 temporum
1439 2457 1530 2485 etiam
1552 2458 1681 2485 minores
1704 2453 1835 2484 Ordines
1854 2451 2045 2493 conferantur
2056 2473 2064 2485 .

1183 2505 1248 2546 ,Qui
1268 2500 1339 2544 usus
1362 2501 1409 2538 bie
1428 2503 1648 2535 immemorialis
1671 2506 1767 2535 vicem
1786 2500 1922 2544 viresque
1941 2498 2066 2541 privile-

1177 2558 1222 2596 gii
1242 2552 1355 2586 obtinet
1364 2577 1371 2584 .
1397 2553 1561 2596 Loquitur
1573 2551 1614 2586 de
1623 2550 1752 2596 Belgis.
1781 2551 1825 2584 Et
1837 2562 1878 2584 ex
1889 2549 1954 2583 huc
1967 2549 2067 2591 usque

1182 2601 1274 2636 distis
1283 2603 1383 2636 etiarn
1405 2601 1496 2636 vides
1518 2600 1707 2636 Innocentii
1727 2600 1814 2634 tertii
1834 2598 2042 2643 privilegium
2056 2622 2069 2639 ,

1183 2664 1249 2696 quo
1259 2651 1405 2687 Thomae
1414 2650 1605 2686 Patriarchae
1627 2648 1997 2691 Constantinopolitano
2016 2645 2070 2682 d&

1183 2703 1232 2736 dit
1242 2703 1430 2737 facultatem
1451 2700 1565 2736 dicbus
1586 2699 1776 2736 Dominicis
1790 2698 1966 2733 ordinandi
1990 2696 2069 2733 Sub-

1184 2753 1340 2788 diaconos
1350 2777 1361 2792 ‚
1386 2751 1479 2795 fuisse
1490 2749 1661 2793 insigniter
1673 2747 1832 2793 singulare
1844 2773 1852 2781 .

1233 2801 1344 2844 objici
1367 2799 1488 2844 poffint
1508 2800 1612 2834 varia.
1642 2798 1755 2835 Primo
1768 2822 1779 2838 ‚
1804 2797 1957 2841 antiquus
1972 2798 2069 2835 Ordo

1186 2852 1357 2889 Romanus
1383 2875 1396 2891 ‚
1431 2859 1571 2894 quatuor
1603 2849 1717 2892 jejunii
1739 2859 1886 2892 tempora
1908 2848 2069 2889 laudans,

1186 2912 1282 2945 atque
1293 2900 1494 2945 adjungens:
1523 2904 1561 2932 Ut
1571 2898 1622 2932 hoc
1624 2900 1773 2940 jejunium
1785 2899 1945 2934 celebretur
1964 2903 1997 2931 in
2004 2900 2071 2932 lar·
2087 2915 2146 2951 fd,
2171 2926 2221 2954 91·

1180 2956 1295 2997 gitione
1301 2949 1450 2994 sacrorum
1461 2950 1608 2983 ordinum
1622 2973 1633 2990 ,
1656 2948 1788 2991 Ecclefiae
1811 2954 1980 2991 primitive
2005 2959 2068 2980 mos

1186 3003 1310 3036 obtinuit
1318 3026 1325 3034 .
1353 3000 1518 3036 Adfirmat
1529 2998 1620 3037 hunc
1631 3010 1756 3035 morem
1766 3001 1829 3034 effe
1850 2997 2069 3033 Pontificibus

1187 3052 1317 3087 Gelafio
1344 3062 1382 3087 ac
1405 3050 1576 3094 Simplicio
1612 3049 1713 3095 longe
1738 3049 1956 3092 antiquiorem
1975 3073 1982 3080 .
2026 3049 2071 3082 Et

1190 3103 1268 3137 dum
1286 3101 1479 3136 Macedonii
1503 3099 1720 3135 Anachoretae
1743 3098 1887 3133 fastam&
1910 3098 2071 3132 Flaviano

1193 3150 1380 3188 Antioohiae
1401 3148 1586 3186 Patriarcha
1606 3148 1862 3192 presbyteralem
1883 3147 2075 3182 Ordinatio-

1193 3215 1267 3238 nem
1294 3203 1391 3236 refert
1414 3202 1449 3235 in
1481 3200 1667 3237 Monastica
1697 3197 1847 3232 Historia
1878 3195 2073 3233 Theodore-

1193 3264 1266 3293 ως,
1291 3251 1439 3287 adfirmat
1459 3250 1593 3295 quidem
1614 3248 1706 3284 fuisse
1726 3246 1815 3282 diem
1835 3248 2071 3286 Dominicam,

1195 3303 1342 3349 adjungit
1368 3312 1478 3337 tamen
1504 3301 1580 3337 talia
1600 3323 1611 3339 ‚
1648 3308 1719 3342 quae
1753 3298 1929 3333 ostendant
1954 3299 2073 3332 claram

1195 3353 1286 3387 fuiffe
1307 3351 1414 3390 diem,
1441 3363 1510 3386 non
1530 3349 1690 3392 vesperam
1713 3357 1769 3381 aut
1793 3350 1923 3383 nostem
1940 3371 1949 3378 .
1978 3345 2020 3379 Et
2031 3345 2073 3379 do

1196 3404 1309 3437 Sardio
1323 3402 1498 3436 Heriberto
1508 3398 1698 3433 Coloniensi
1722 3397 1978 3438 Archiepiscopo
2002 3394 2075 3427 scri-

1198 3452 1244 3487 bit
1258 3453 1291 3487 in
1304 3453 1371 3497 ejus
1384 3453 1448 3487 vita
1472 3450 1635 3497 Rupertus
1657 3447 1788 3485 Abbas:
1814 3443 1884 3495 Ipsa
1905 3445 2076 3526 ποέῖεβῖα.

1957 3502 1989 3530 ta
2001 3505 2028 3527 ts

2086 3183 2162 3222 cap·
2177 3189 2222 3218 23·
