2352 3736
45 341 109 380 L3.
122 345 197 373 c-26.

46 1067 107 1099 Fol.
119 1073 184 1104 543·

68 2571 140 2610 Cap.
151 2582 196 2608 40·

75 3459 208 3497 Cap-4⁶·

411 186 467 218 De
496 168 692 217 simonve.
728 163 938 224 camme,
975 181 1026 209 er
1045 174 1201 209 ivamus
1237 176 1297 206 AD
1330 175 1452 206 1PSUM
1486 156 1809 206 specmmmus.

207 262 244 299 'st
255 283 268 302 ,
292 258 442 294 adfinnat
461 258 496 291 in
517 264 632 301 quarto
643 254 727 289 libro
740 279 746 286 .
774 251 877 302 Qod
894 260 956 286 *nec
979 258 1084 296 unum

212 310 352 348 obulum
360 309 378 343 a
391 307 495 343 Laico
507 316 646 351 patrono
656 305 832 348 permiserit
840 303 930 345 exigi
942 324 953 340 ,
981 299 1084 333 istam-

213 361 387 407 queetiam
397 358 599 393 exactionem
611 356 652 390 de
663 355 810 389 Simonia‘
819 350 993 385 -damnarit
1001 373 1012 389 ‚
1041 350 1086 382 su·

214 411 272 457 pra
281 407 493 446 audivimus&
514 405 720 441 Flodoardo.
732 400 870 436 >nesab
888 400 1023 434 Vistore
1042 400 1084 434 se=

213 460 328 498 cundo
353 459 514 494 Pontifice
537 456 649 492 statuit
681 450 834 495 synodus
870 448 1065 485 Tholosana
1079 464 1086 484 z

216 512 329 546 Nullus
356 510 487 543 Clericus
506 531 519 549 ,
545 507 596 540 vel
612 501 771 536 Monachus
780 525 791 540 ‚
818 501 869 534 vel
888 502 965 534 alius
977 509 1035 544 pro
1044 506 1087 534 cis

216 560 430 606 Episcopatum
441 584 452 601 ,
464 559 516 593 vel
524 555 680 588 Abbattam
689 576 699 593 ,
710 554 761 586 vel
773 550 1007 590 Presbyteratum
1017 563 1090 585 eme-

216 621 250 646 re
256 609 436 654 praesumat.
471 607 534 640 sed
540 615 630 647 neque
641 607 748 636 Comet
759 627 770 644 ‚
796 610 850 635 aut
862 602 924 635 alia
934 602 994 636 ulla
1006 606 1089 635 Pote-

213 660 279 703 stas
290 660 436 698 vendere,
462 664 516 688 aue
531 660 663 697 pretium
679 661 736 695 pro
759 657 801 686 eis
823 658 952 694 accipere
961 653 1087 685 audeat.

218 710 427 752 presbyteros
437 729 449 745 ‚
474 704 532 748 qui
554 704 710 749 Collegas
731 706 805 738 suos
814 702 855 737 de
868 701 1020 736 Ecclefiis
1033 714 1087 737 ex-

218 756 307 795 trudi
315 766 368 801 pet
378 755 497 790 Laicos
506 755 664 790 Patronos
675 779 686 794 ‚
696 790 701 794 ,
711 754 744 787 ὅς
756 755 787 787 se
796 752 920 786 intrudi
940 752 1088 796 impetra-

219 810 297 845 bant
305 806 442 851 pecunia
455 830 466 846 ‚
477 805 635 840 damnant
646 804 775 848 plurimi
789 801 945 837 Canones
957 827 967 844 ‚
984 803 1090 837 osten-

216 858 362 899 duntque
374 856 500 891 facinus
509 855 594 889 istud
605 856 697 889 fuisse
707 853 1007 896 frequentiffimum.
1034 852 1092 885 Ri-

216 906 354 943 ohardus
365 931 376 947 ,
401 906 534 950 gloriosi
557 905 714 948 Martyris
737 903 881 937 Thomae
901 903 934 937 in
948 902 1090 937 Cantua·

215 957 311 992 riensi
325 954 491 993 Cathedra
507 956 675 999 proximus
686 955 842 988 successor
851 976 862 992 ,
877 953 972 996 -apud
984 953 1092 997 Roge-

215 1017 288 1041 rum
300 1007 533 1041 Hovedensem
543 1005 654 1040 statuit
663 1008 697 1039 in
711 1005 765 1038 sua
776 1004 977 1038 Londinensi
987 1005 1093 1047 Syno-

216 1056 272 1092 do:
284 1057 372 1090 Nulli
380 1058 467 1091 liceat
477 1055 636 1097 Ecclefiam
646 1056 777 1089 dotalitii
787 1059 903 1087 nomine
913 1054 955 1086 ad
965 1055 1093 1097 aliquem

217 1106 347 1149 conferre
357 1130 368 1147 ,
395 1108 447 1140 vel
450 1114 508 1148 pro
513 1104 743 1150 praesentatione
752 1106 877 1146 alicujus
884 1102 1018 1146 personae
1037 1112 1087 1146 pe-

217 1163 336 1192 cuniam
347 1158 399 1191 vel
407 1157 530 1199 aliquod
538 1158 760 1189 emolumentum
770 1154 859 1196 paech
874 1160 1093 1188 interveniente

217 1214 347 1249 accipere
359 1232 366 1239 .
393 1206 640 1240 Praevaricantes
649 1207 753 1249 privat
766 1205 948 1238 Patronatu
961 1228 968 1235 .
990 1201 1093 1238 Porro

218 1256 362 1292 dotalitii
374 1256 510 1291 nomine
520 1255 665 1289 conferre
675 1254 851 1289 Ecclefiam
860 1263 927 1288 erat
938 1264 1009 1288 eam
1034 1263 1093 1288 tra-

218 1308 293 1342 dere
315 1306 414 1340 alicui
434 1306 544 1340 amico
555 1329 566 1345 ,
591 1305 647 1349 qui
670 1305 727 1338 ista
739 1305 809 1338 vice
830 1306 1027 1346 praesentaret
1054 1302 1094 1338 ad

218 1358 313 1392 fuum
324 1356 584 1391 emolumentum
597 1380 603 1387 .
634 1354 736 1401 Qod
748 1355 852 1397 ipsum
864 1354 973 1388 statuit
985 1353 1094 1388 habita

219 1406 279 1444 sub
299 1406 458 1440 Honorio
478 1406 574 1439 tertio
594 1416 650 1448 per
671 1403 873 1447 Stephanum
884 1403 1096 1447 Cantuarien-

219 1457 287 1491 sem
309 1454 467 1498 Archiepi
473 1455 602 1498 scopum
625 1454 778 1496 Synodus
790 1453 1006 1488 Oxonienfis.
1036 1453 1095 1486 Ec-

219 1506 389 1541 alesmum
405 1504 608 1548 poffeffiones
625 1502 645 1535 ὸ,
670 1503 780 1538 Laicis
791 1502 944 1537 Patronis
954 1501 1072 1537 destrui
1085 1528 1095 1544 ,

221 1554 323 1589 talliis
337 1554 417 1588 item
441 1554 474 1587 δε
486 1551 709 1588 exactionibus
729 1553 854 1598 gravari
874 1553 1015 1593 queritur
1025 1579 1035 1594 ‚
1061 1554 1095 1588 &

219 1603 358 1639 damnat
366 1602 585 1638 Lateranenfis
597 1602 750 1647 Synodus
762 1603 941 1638 Alexandri
961 1604 1045 1637 tertii
1058 1628 1064 1636 .

386 1825 731 1879 CAPUT
799 1830 927 1875 VII.

221 1973 289 2025 ,An
345 1970 383 2015 in
418 1972 450 2013 S
452 1982 745 2015 aeramentorum
789 1965 1102 2029 administratione

226 2030 231 2034 ³
323 2037 468 2105 aliquid
494 2042 653 2104 accipere
700 2034 768 2082 vel
790 2040 932 2103 exigere
947 2037 1006 2101 stt

565 2110 729 2158 Simonia
748 2103 767 2157 ἓ

1881 169 1945 218 65

1144 257 1214 279 rum
1225 244 1412 281 Patriarcha
1437 243 1524 279 Ellel
1539 243 1764 279 Tiberiadenfi
1787 243 1952 288 Episcopo
1977 243 2014 278 in

1145 297 1344 339 Baptismate
1365 295 1520 330 obtulerit
1544 293 1700 339 grandem
1729 297 1797 327 auri
1834 295 2015 334 summam,

1146 345 1278 379 testatur
1301 347 1335 378 in
1358 345 1587 379 Ebionitai-um
1606 343 1710 377 haerefi
1730 343 1863 378 Sanetus
1878 343 2019 388 Epipha-

1147 396 1222 428 nius
1236 420 1243 426 .
1269 395 1312 428 Et
1331 394 1372 428 de
1384 396 1441 428 suo
1454 395 1652 438 Baptismate
1664 392 1773 427 scribit
1783 394 1823 427 ad
1844 395 2018 436 Sulpitium

1148 445 1302 479 Severum
1322 445 1456 479 Sanstus
1480 445 1636 478 Paulinus
1657 457 1668 477 .·
1697 442 1780 484 Fusis
1801 444 1947 476 redimens
1961 443 2020 486 sua
2039 436 2086 473 59¹
2109 443 2155 464 ¹2³

1148 500 1272 529 crimina
1284 500 1412 527 nummis
1423 519 1430 526 .
1460 494 1538 529 Erat
1550 493 1674 528 oblatio
1686 493 1779 538 plene
1789 495 1930 538 gratuita
1941 495 2020 528 citra

1149 556 1284 580 ornnem
1297 545 1500 578 exafflonern
1513 568 1519 575 .

1200 594 1324 630 Verum
1346 594 1386 627 ad
1398 593 1573 634 Lucaniae,
1600 594 1725 633 Brutii,
1751 606 1789 628 ae
1809 594 1925 630 Sicilire
1946 593 2024 637 Epi-

1150 648 1264 689 scopos
1284 644 1394 679 scribit
1416 646 1548 678 Sanctus
1569 644 1654 686 Papa
1669 645 1834 678 Gelafius:
1860 646 2025 678 Sacerdotes

1152 696 1343 738 baptizandis
1350 699 1452 736 pretia
1463 693 1716 736 nullapraefigant
1734 719 1743 733 ,
1772 706 1823 727 nec
1845 694 2025 728 illationibus

1151 745 1328 789 quibuslibet
1347 743 1483 786 impositis
1505 748 1658 786 exagitare
1676 749 1798 785 cupiant
1817 745 2002 787 renascentes
2013 769 2027 786 ‚

1152 802 1289 839 quoniam
1309 795 1388 837 quod
1401 799 1502 838 gratis
1525 800 1707 835 accepimus,
1728 799 1831 837 gratis
1851 794 1924 827 dare
1944 805 2027 828 man-

1154 848 1282 879 damur.
1309 848 1355 877 Et
1371 846 1437 877 idei·
1459 843 1537 877 nihil
1555 846 1575 875 ἃ
1592 843 1750 886 praediffls
1763 842 1888 886 prorsus
1909 851 2027 887 exigere

1152 897 1313 930 moliantur
1335 919 1346 934 ‚
1380 905 1434 936 quo
1460 895 1513 927 vel
1530 902 1714 936 paupertate
1737 902 1852 937 cogente
1871 894 2030 934 deterriti,

1154 949 1206 981 vel
1214 948 1416 989 indignatione
1433 950 1589 983 revocati,
1615 947 1823 985 redemptionis
1838 943 1904 986 suae
1925 941 2031 986 causas

1154 999 1237 1030 adire
1247 994 1410 1038 despiciant
1421 1020 1429 1027 .
1459 995 1594 1029 Cunstis
1605 993 1728 1039 aliquid
1740 995 1892 1037 deinceps
1906 995 2032 1028 exastw

1156 1048 1196 1080 ris
1217 1046 1359 1080 minatur
1369 1043 1505 1079 honoris
1526 1044 1703 1088 periculum
1716 1069 1727 1085 ,
1753 1046 1807 1078 seu
1831 1043 2034 1088 degradatio

1158 1107 1248 1131 nem.
1274 1095 1423 1131 Similem
1449 1095 1624 1130 Canonem
1658 1095 1743 1139 quasi
1770 1106 1814 1129 ex
1836 1096 1946 1130 nescio
1969 1104 2035 1138 qua

1158 1145 1404 1191 Carthaginensi
1419 1145 1557 1189 Synodo
1578 1144 1711 1180 adducit
1738 1146 1936 1180 Gratianus:
1963 1146 2035 1177 Pla-

1157 1202 1215 1230 cuit
1225 1206 1258 1230 ut
1269 1195 1464 1240 unusquisque
1474 1194 1637 1238 Episcopus
1651 1205 1707 1238 per
1729 1195 1871 1237 Ecclefias
1887 1195 1961 1239 suas
1985 1197 2035 1231 hoc

1152 1247 1251 1288 faciat
1262 1271 1272 1287 ‚
1298 1255 1330 1279 ut
1341 1252 1392 1289 qui
1401 1247 1534 1288 infantes
1540 1245 1610 1289 ficos
1619 1248 1664 1280 ad
1673 1245 1867 1288 Baptismum
1888 1247 2012 1288 offErunt
2026 1272 2038 1289 ,

1154 1295 1181 1338 fi
1190 1298 1263 1338 quid
1274 1298 1440 1330 voluntarie
1447 1306 1506 1339 pro
1517 1306 1584 1330 voto
1599 1296 1653 1339 suo
1662 1297 1804 1337 offerunt,
1829 1296 1869 1329 ab
1890 1302 1931 1330 et's
1948 1296 2039 1342 susci-

1157 1353 1263 1389 piatur
1279 1359 1293 1387 ‚·
1314 1346 1344 1387 fi
1363 1348 1433 1380 vero
1451 1355 1507 1389 per
1528 1348 1714 1386 neceffitatem
1732 1353 1927 1388 paupertatis
1947 1349 2040 1390 aliqui

1162 1409 1218 1430 non
1229 1395 1359 1429 babeant
1370 1398 1449 1439 quod
1457 1395 1583 1436 offerant
1594 1421 1605 1437 ‚
1630 1397 1744 1430 nullum
1755 1403 1798 1429 eis
1804 1402 1919 1440 pIgnus
1930 1400 2041 1431 violen-

1161 1456 1207 1480 ter
1217 1446 1434 1486 abstrabatur&
1445 1446 1567 1478 clericis
1581 1470 1588 1477 .
1616 1450 1649 1477 N
1654 1458 1715 1481 am,
1729 1447 1814 1477 multi
1822 1454 1970 1488 pauperes
1992 1447 2041 1480 boc

1161 1503 1316 1532 timentes,
1337 1493 1413 1535 filios
1421 1493 1489 1536 suos
1501 1495 1521 1525 ἆ
1532 1493 1689 1536 Baptismo
1698 1494 1874 1528 retrabunt.
1903 1498 2043 1539 ‚Quidam

1161 1548 1250 1585 vero,
1279 1547 1351 1577 dum
1373 1543 1569 1584 differuntur,
1589 1543 1620 1585 fi
1630 1544 1693 1585 fine
1717 1551 1820 1588 grana
1842 1546 2044 1589 Baptismide

1162 1595 1217 1629 bac
1226 1601 1295 1628 vita
1305 1594 1483 1637 receffermt,
1511 1595 1613 1637 necesse
1624 1593 1661 1633 est
1673 1605 1706 1627 ut
1717 1596 1756 1627 ab
1779 1595 1841 1628 illis
1862 1608 1960 1630 eorum
1977 1606 2046 1639 per-

1163 1648 1237 1679 ditIo
1257 1650 1447 1687 requiratur,
1475 1655 1594 1686 quorum
1609 1643 1708 1686 spolia
1726 1645 1961 1690 pertimescentes
1983 1673 1993 1688 ,
2025 1649 2044 1680 ιὶ

1165 1694 1318 1738 Baptismi
1322 1699 1426 1738 gratia
1433 1692 1467 1736 se
1471 1693 1706 1737 subtraxerunt.
1738 1696 1842 1743 Quod
1861 1698 2047 1733 facinorosa

1167 1745 1235 1779 haec
1245 1745 1377 1780 avaritia
1389 1741 1587 1790 quandoque
1599 1747 1631 1779 in
1647 1746 1746 1781 Clero
1760 1748 1896 1791 grassata
1907 1749 1946 1781 sit
1961 1773 1971 1788 ,
1991 1748 2048 1782 do-

1167 1808 1216 1832 cet
1229 1809 1288 1832 nos
1298 1798 1397 1833 etiam
1410 1795 1601 1831 venerabilis
1613 1796 1970 1841 RupertusTuitienfis
1982 1799 2050 1833 Ab·

1169 1848 1269 1883 basin
1283 1849 1349 1882 vita
1374 1847 1663 1882 SanetiHereberti
1678 1847 1927 1892 Archiepiscopi
1950 1849 2052 1884 Colo-
2072 1848 2146 1888 Capae
2165 1857 2196 1884 ις

1143 1914 1146 1918 ’
1170 1900 1307 1934 niensis:
1336 1901 1466 1940 Pauperi
1476 1900 1593 1932 cuidam
1605 1898 1775 1939 infantulus
1788 1907 1880 1932 natus
1902 1909 1988 1933 erat.
2017 1904 2052 1935 Β·

1168 1955 1240 1992 qula
1247 1958 1364 1991 pauper
1377 1958 1442 1981 crat
1454 1973 1464 1989 ,
1490 1951 1524 1982 (θ’
1535 1954 1604 1991 quia
1617 1948 1694 1981 nibil
1702 1949 1826 1991 quaestus
1838 1954 1871 1982 in
1888 1962 1979 1984 manu
1999 1951 2053 1985 ha-

1169 2000 1254 2033 bebat
1265 2024 1275 2039 ,
1301 1999 1537 2032 contemnebatur
1549 2002 1569 2031 ἆ
1580 2000 1788 2034 sacerdotibus
1799 2025 1810 2040 ,
1833 2000 1888 2041 per
1900 2010 1994 2035 totam
2003 2014 2054 2035 ur·

1168 2049 1233 2083 bem
1243 2050 1394 2082 Colonlam
1401 2049 1555 2090 puerulum
1567 2050 1649 2082 illum
1661 2050 1868 2092 ctrcumferens
1878 2076 1888 2092 ,
1916 2053 1950 2085 (τ
1958 2055 2050 2085 eidem

1163 2101 1251 2141 filiolo
1262 2105 1489 2142 regenerationls
1496 2105 1631 2143 gratiam
1641 2101 1739 2141 offerri
1749 2102 1916 2143 postulans.
1945 2102 2050 2143 Defefi

1162 2149 1216 2193 sus
1229 2161 1294 2194 ergo
1304 2150 1338 2182 Θ·
1347 2158 1530 2191 contemptus
1542 2174 1552 2189 ,
1565 2152 1610 2182 ad
1617 2153 1636 2182 5
1638 2151 1757 2183 ant‘lum
1770 2157 1893 2183 recurrit
1912 2152 2051 2185 Herlber-

1166 2209 1230 2233 tum
1242 2201 1413 2240 Pontificem
1425 2225 1434 2239 ‚
1463 2202 1497 2233 <5
1509 2202 1589 2241 quod
1609 2202 1666 2232 tali
1677 2205 1709 2232 in
1720 2212 1751 2233 re
1769 2208 1945 2242 contemptus
1966 2202 2031 2243 effet
2042 2227 2054 2242 ‚

326 2248 412 2286 Uod
425 2261 465 2284 ex
482 2249 592 2294 Regiae
603 2248 642 2284 ad
655 2250 887 2294 Episcopatum
908 2246 1120 2284 nominatio-l
1168 2262 1279 2293 magna
1305 2248 1433 2289 &flebili
1452 2260 1520 2282 voce
1532 2249 1697 2291 conquestus
1710 2250 1749 2290 est
1763 2275 1769 2282 .
1798 2251 1850 2283 Ille
1859 2259 1893 2282 ut
1916 2253 1987 2285 vere
2005 2251 2054 2295 sa-

1115 2191 1120 2217 l

1115 2219 1120 2243 ι

351 2301 400 2334 nis
410 2300 555 2334 Simonia
569 2310 649 2334 natae
658 2302 719 2335 sint
732 2311 847 2335 omnes
855 2298 1059 2332 Clericorum
1070 2297 1103 2331 in
1115 2296 1120 2368 Ι

382 2349 483 2382 Sacris
493 2349 712 2384 functionibus
722 2350 906 2384 exaffiones
918 2372 928 2388 ,
950 2348 1041 2392 supra
1051 2359 1118 2382 au·-

229 2397 372 2432 divimus
383 2399 400 2432 a
411 2397 587 2432 venerabili
600 2399 759 2434 Gethoho
771 2399 940 2442 Praepofito
956 2397 1105 2432 Reiches·

230 2449 384 2492 pergenfi.
412 2447 641 2482 Demonstrare
654 2449 686 2483 id
699 2449 906 2483 exordiamur
917 2448 957 2482 de
967 2447 1108 2483 exaCtio·

228 2498 327 2532 nibus
348 2499 383 2532 in
404 2498 642 2538 Sacramentis,
669 2510 806 2542 quorum
829 2500 968 2542 primum
989 2499 1034 2533 est
1048 2498 1106 2533 Ba-

229 2548 382 2591 ptismus,
407 2546 447 2582 de
459 2559 524 2589 quo
537 2548 692 2590 Synodus
705 2549 871 2583 Eliberina
883 2562 893 2581 :
920 2554 963 2583 Hi
986 2554 1036 2591 qui
1058 2549 1109 2581 ba·

228 2603 385 2638 ptizantur
400 2622 410 2638 ,
437 2608 470 2631 ut
479 2598 545 2639 fieri
552 2596 666 2641 solebat
676 2624 687 2640 ‚
715 2611 845 2633 nummos
860 2603 892 2632 in
901 2598 1038 2632 concham
1050 2610 1106 2631 non

232 2653 372 2689 mittant,
400 2659 436 2681 ne
452 2649 591 2681 sacerdos
605 2673 615 2687 ,
641 2652 721 2692 quod
736 2655 836 2694 gratis
859 2655 989 2691 accepit,
1010 2655 1106 2690 pretio

237 2695 390 2734 distrahere
401 2699 539 2732 videatur
552 2724 558 2730 .
587 2699 746 2742 Exposuit
758 2724 768 2740 ,
793 2700 827 2733 &
838 2699 955 2734 Statuti
967 2699 1121 2733 rationes*

237 2743 338 2778 edixit
357 2747 390 2780 in
411 2748 574 2782 Bafileenfi
600 2750 737 2792 Synodo
757 2750 902 2793 Julianus
923 2748 1106 2784 Cardinalis

239 2792 429 2826 Caesarinus:
456 2798 599 2839 Apostolur
609 2805 749 2841 praecipit
759 2800 798 2832 ab
823 2805 900 2833 omni
917 2799 1010 2842 specie
1034 2800 1106 2832 mali

238 2841 442 2880 abstinendum
464 2868 470 2875 ·
505 2850 613 2882 Nonne
631 2856 731 2893 gran's
753 2850 854 2891 offerre
875 2875 885 2891 ,
912 2852 946 2883 (5
968 2849 1105 2892 eleemos)-

238 2902 311 2924 nam
322 2891 440 2932 dareest
449 2898 531 2933 pium
554 2898 755 2933 &charitatis
778 2902 872 2942 opus?
897 2902 957 2934 Sed
967 2906 1104 2942 quoniam

237 2948 364 2983 tempore
374 2940 512 2984 baptismi
523 2953 650 2981 nummos
667 2953 809 2991 projicere
826 2956 858 2983 in
870 2949 1006 2983 concham
1023 2958 1103 2992 prae-

238 2990 379 3026 tendebat
397 2990 522 3034 speciem
542 2995 634 3035 mali,
659 3002 812 3034 emendari
837 3001 869 3034 eb·
888 3000 993 3033 aboleri
1014 3002 1103 3034 talem

240 3039 472 3082 consuetudinem
478 3044 560 3082 juffit
583 3047 718 3086 Ecclefia.
744 3051 875 3084 Eximia
897 3060 963 3085 erat
984 3050 1040 3084 ista
1054 3062 1104 3085 ca-

241 3089 331 3124 stitas
351 3115 362 3131 ,
396 3090 449 3125 sed
478 3090 603 3126 videtur
623 3094 812 3139 Hispaniam
836 3113 903 3134 non
918 3101 1083 3135 excessisse
1097 3125 1104 3131 -

241 3137 375 3174 Etenim
396 3141 431 3174 in
451 3141 600 3175 oratione
622 3144 661 3177 de
682 3146 788 3179 sancto
799 3148 994 3192 Baptismate
1005 3150 1107 3184 excla-

241 3199 310 3223 mat
331 3190 371 3224 ad
382 3201 533 3234 pauperes
552 3192 814 3230 catechumenos
825 3200 957 3233 Sanetus
983 3201 1106 3244 Grego-

239 3239 307 3274 rius
319 3239 564 3275 Nazianzenus:
592 3246 689 3285 Turpe
698 3244 734 3284 est
748 3247 860 3286 dicere,
886 3248 934 3280 ubi
953 3249 989 3287 est
1002 3260 1106 3282 munus

238 3291 322 3330 quod
336 3298 459 3331 propter
479 3291 669 3334 Baptismum
687 3293 828 3334 offeram?
854 3297 1002 3330 Muneris
1019 3298 1107 3333 istius

237 3339 506 3375 consuetudinem
520 3342 623 3384 vigere
635 3345 807 3387 supponit,
834 3346 944 3380 verum
965 3358 1034 3380 non
1055 3359 1110 3382 ex-

241 3389 333 3424 tendi
355 3390 395 3424 ad
418 3401 565 3434 pauperes
587 3416 597 3432 ‚
624 3393 762 3438 ideoque
783 3396 850 3439 ejus
870 3397 961 3429 causa
988 3398 1108 3441 Baptis-

242 3450 336 3476 mum
358 3440 399 3474 ab
419 3441 485 3477 illis
503 3452 571 3474 non
591 3441 806 3481 differendum
831 3471 838 3479 .
867 3446 968 3494 Quod
988 3448 1106 3491 Judaeo-

342 3489 622 3535 christ.Lup1·oper.
637 3497 769 3528 Toer.

1165 2306 1274 2342 piens,
1299 2310 1440 2339 currens,
1466 2304 1564 2341 inquit
1579 2323 1590 2336 ,
1619 2299 1708 2340 adfer
1730 2299 1813 2333 illum
1835 2301 1880 2332 ad
1902 2312 1948 2333 me
1967 2325 1978 2341 ,
2004 2313 2055 2345 ego

1168 2355 1247 2383 enim
1258 2350 1338 2382 illum
1350 2349 1441 2382 habeo
1450 2348 1622 2390 baptizare.
1650 2353 1691 2381 At
1702 2350 1748 2382 ille
1759 2364 1770 2382 .·
1791 2348 1928 2392 suscipe,
1940 2357 2053 2393 inquit,

1169 2412 1235 2444 ergo
1246 2411 1311 2433 eum
1320 2406 1352 2431 tu
1363 2410 1471 2441 quoque
1485 2400 1519 2431 de
1529 2397 1703 2440 sacrofonte
1718 2423 1728 2438 ,
1754 2400 1788 2432 &⁹
1797 2407 1946 2441 compater
1969 2412 2053 2435 meus

1170 2451 1221 2493 esse
1232 2452 1373 2493 dignare.
1402 2452 1590 2491 Baptizavr't
1618 2455 1717 2491 itaque
1733 2451 1944 2492 pauperculum
1957 2475 1967 2490 ,
1994 2463 2054 2484 non

1165 2510 1222 2543 pro
1227 2498 1361 2542 personis
1374 2499 1477 2539 nostrae
1486 2497 1597 2541 salutis
1610 2501 1783 2540 appendens
1804 2503 2027 2534 Sacramentum
2039 2515 2053 2534 .-

1169 2553 1224 2583 5uo
1246 2550 1477 2591 m'mirumfac‘Jo
1502 2551 1536 2582 &
1554 2552 1682 2590 exemplo
1704 2558 1801 2583 tantae
1825 2555 1960 2583 civitatis
1986 2560 2051 2583 tam

1168 2603 1274 2633 multos
1297 2601 1474 2644 redarguens
1498 2599 1683 2637 Presbytero:
1707 2622 1717 2638 ‚
1752 2601 1830 2642 quod
1849 2599 1913 2641 aufi
1928 2599 2050 2643 fuissent

1165 2650 1254 2693 fidem
1268 2654 1387 2683 Domine·
1404 2650 1492 2687 nostrl
1495 2653 1528 2693 J
1530 2648 1579 2692 esu
1593 2649 1701 2690 Christi
1712 2649 1819 2684 habere
1841 2656 1873 2683 in
1886 2657 2050 2693 acceptione

1164 2699 1372 2743 personarum.
1401 2701 1586 2734 Laudatum
1609 2711 1718 2734 tamen
1750 2700 1924 2734 Canonern
1935 2726 1944 2741 ,
1972 2702 2047 2733 ilcet

1169 2751 1309 2784 adducto
1332 2750 1506 2784 Gelasiano
1532 2761 1709 2794 utcumque
1745 2752 1903 2784 consonet
1919 2774 1930 2789 ,
1954 2760 2050 2782 num-

1168 2812 1265 2843 quam
1277 2799 1469 2834 crediderim
1479 2800 1541 2834 effe
1555 2798 1846 2844 Carthaginensem
1859 2826 1868 2841 ‚
1886 2809 1942 2833 aut
1955 2800 2049 2832 saecu-

1169 2852 1193 2884 li
1215 2850 1340 2894 quinti.
1366 2849 1564 2894 Pauperibus
1586 2850 1859 2893 baptizandorum
1875 2859 2048 2893 puerorum

1169 2900 1353 2944 parentibus
1386 2901 1544 2935 violenter
1577 2900 1696 2945 pignus
1715 2899 1894 2935 abstrahere
1925 2897 1969 2931 est
2005 2896 2047 2932 ab

1168 2952 1259 2985 istius
1282 2951 1436 2994 temporis
1447 2951 1670 2986 Sanstimonia
1691 2951 1788 2984 nimis
1802 2950 1945 2983 alienum
1957 2973 1964 2979 .
1991 2948 2049 2982 Et·

1167 3003 1258 3035 enim
1269 3002 1358 3045 quod
1375 3002 1411 3035 in
1432 3001 1631 3044 Baptismate
1644 2999 1856 3038 convivium‚'
1885 2998 1918 3031 <Sc
1935 2997 2047 3031 candi-

1167 3051 1223 3085 das
1239 3050 1485 3094 neophytorum
1498 3051 1596 3085 vestes
1608 3060 1688 3084 tunc
1696 3048 1884 3083 consuerint
1893 3046 2045 3090 Episcopi

1168 3102 1290 3134 donare
1301 3101 1492 3144 pauperibus
1502 3126 1512 3141 ,
1533 3098 1657 3133 ostendi
1670 3097 1763 3141 possit
1774 3098 1863 3131 vario
1873 3096 2025 3140 exemplo
2035 3121 2044 3130 .

1168 3150 1334 3184 Laudatus
1346 3162 1423 3194 ergo
1433 3151 1551 3184 Canon
1563 3148 1606 3182 est
1618 3148 1770 3191 septimus
1781 3146 1924 3181 secundae
1932 3147 2045 3181 Braca-

1168 3201 1262 3235 renfis
1275 3224 1286 3239 ‚
1313 3198 1429 3232 habitae
1440 3199 1497 3232 sub
1511 3198 1710 3232 Pontificatu
1729 3197 1864 3240 Joannis
1875 3198 1961 3231 tertii
1975 3221 1985 3236 ‚
2009 3197 2043 3231 δε

1170 3262 1275 3284 nonus
1286 3249 1412 3292 synodi
1442 3248 1664 3286 Emeritenfis,
1691 3246 1855 3281 celebratae
1874 3247 1931 3281 sub
1955 3246 2043 3289 Papa

1170 3300 1350 3334 Vitaliano.
1379 3298 1430 3331 Ex
1442 3309 1507 3340 quo
1521 3297 1608 3331 vides
1622 3296 1778 3330 Eliberini
1794 3298 1942 3331 Canonis
1952 3297 2042 3331 casti-

1169 3360 1269 3384 tatem
1293 3348 1397 3381 necin
1416 3348 1482 3391 ipsa
1495 3348 1655 3390 Hispania
1681 3348 1805 3381 dudum
1819 3347 2039 3390 perseverasse.

1171 3401 1252 3434 Eam
1263 3408 1369 3431 tamen
1383 3398 1575 3442 resumpfiffe
1586 3398 1711 3431 videtur
1723 3397 1893 3432 undecima
1906 3396 2040 3429 Toleta-

1169 3462 1209 3484 na
1230 3447 1381 3492 Synodus
1397 3471 1408 3488 ‚
1434 3448 1587 3489 Simoniae
1609 3448 1767 3483 damnans
1787 3446 2014 3497 Presbyterum
2028 3466 2040 3483 ι

1621 3497 1637 3531 1
1932 3502 1989 3537 qui
