2352 3736
123 1245 193 1282 Cap·
213 1254 258 1283 39-

128 2774 204 2810 Cap·
226 2774 272 2807 ΑΒ·

137 3075 222 3118 Epist.
245 3078 271 3104 8.

383 181 442 227 56

315 251 418 295 Jacob
439 250 524 284 fratr-i
542 250 774 293 circumposuit
796 274 806 290 ‚
832 250 931 283 vestes
948 246 1088 291 optimas
1113 272 1124 289 ,
1163 247 1196 282 id

315 302 384 342 est,
411 299 647 334 Sacerdotales.
677 301 738 333 Ast
751 312 788 333 ea
801 301 851 332 via
874 299 971 331 etiarn
995 296 1113 340 Jacob,
1139 299 1204 342 quir

313 353 396 385 emit
420 375 429 389 ,
470 350 504 383 δε
526 360 663 383 matrem
685 349 865 382 Rebeccam
880 371 891 387 ,
930 359 1000 390 quae·
1024 347 1195 382 mediatrix

310 395 482 442 fuitat'que
502 400 691 438 executa-ut,
717 397 888 430 reddemus
909 397 1071 432 scabiosos
1089 422 1099 431 .
1127 397 1194 432 Uti

311 449 412 483 hodie
433 449 534 483 laicus
556 449 768 486 Patronatus,
799 449 843 479 ita
866 447 947 481 olim
973 447 1195 482 Sacerdotium

309 499 438 533 adhaefit
460 497 752 541 primogeniturae,
774 495 913 540 ideoque
938 498 1125 531 &adillius
1148 499 1195 531 in·

307 551 371 583 ssat
391 549 499 593 potuit
517 548 580 580 fine
598 546 748 579 Simonia
772 547 806 580 δε
827 548 892 580 erni
914 548 947 580 δε
968 547 1066 581 vendi
1086 572 1094 579 .
1130 547 1206 586 Ρο-Γ

308 599 421 632 {it-ema
447 596 629 640 Judaeorum
642 605 719 629 ante
736 595 877 631 Domini
901 598 1092 632 Adventum
1114 608 1194 630 tem-

306 660 385 692 pora
405 648 535 680 fuerunt
564 644 787 680 scabiosissima
810 658 820 689 ;
857 658 932 681 nam
969 649 1004 682 ὅ(
1024 650 1091 690 ipse
1112 659 1191 681 tunc

308 695 525 731 pontificatus
546 696 578 730 ὃ(
599 707 726 730 annuus
756 697 818 731 fuit
840 708 953 732 contra
986 698 1190 732 manifestam

303 747 439 781 Divina:
474 747 573 790 Legis
606 746 779 790 jussionem
806 771 817 789 ,

304 797 364 830 iis.

356 849 394 882 ln
419 859 506 882 novo
528 847 745 882 Testamento
778 848 894 882 Simon
918 849 1040 894 Magus
1062 848 1188 883 dudum

305 898 545 932 nullos‘habuit
559 899 727 941 sequaces.
754 899 808 932 Ne
819 897 953 942 quidem
972 897 1057 942 apud
1077 899 1184 941 dupli-

303 948 352 981 cis
371 949 567 982 Divinitatis
586 948 757 982 fabulones
779 948 978 990 Gnofficos,
1006 949 1186 984 nefandiffi-

302 1009 375 1033 mos
385 996 646 1033 Christianorum
656 1009 787 1032 morum
799 999 957 1033 eversores
968 1024 976 1032 .
998 1000 1117 1044 Longe
1128 1000 1184 1033 mi-

305 1047 367 1080 nsis
389 1048 473 1092 apud
485 1048 567 1083 alios
578 1048 761 1083 haereticos.
786 1049 962 1084 Ecclesiam
976 1049 1186 1084 Catholicam

301 1097 428 1131 dudum
444 1099 537 1133 fuisse
556 1100 751 1142 purissimam
766 1123 776 1139 ,
804 1099 890 1133 lucet
911 1111 954 1134 ex
976 1100 1185 1145 apologetico

301 1145 385 1183 libro
394 1147 617 1183 Tertulliani:
645 1148 938 1192 Praefidentprobati
962 1156 1069 1193 quique
1088 1153 1188 1183 senion-

300 1210 351 1231 τε]
363 1224 372 1240 ,
386 1198 522 1233 honorem
530 1199 614 1240 tstum
627 1211 684 1232 non
696 1205 797 1242 pretio
805 1226 816 1242 ‚
822 1199 882 1243 sed
893 1199 1049 1240 testimonio
1059 1201 1182 1241 adepti.

301 1250 357 1282 Ad
388 1249 592 1284 Montanum
616 1250 762 1293 delapsus
787 1252 873 1284 idem
895 1251 1039 1294 Scriptor
1060 1250 1180 1284 nostro·

867 750 901 780 ὃ(
936 749 1044 783 lucide
1100 758 1188 781 vena-

297 1310 370 1333 rum
391 1324 402 1340 ‚
429 1311 511 1344 quos
531 1300 711 1344 Psychicos
729 1301 783 1334 seu
806 1301 962 1334 animales
984 1307 1080 1334 vocat
1097 1324 1108 1340 ,
1135 1300 1182 1333 vi-

297 1350 343 1383 tia
379 1351 597 1393 undequaque
614 1360 793 1393 congregat
823 1375 833 1389 ,
875 1362 913 1384 ac
940 1350 1182 1385 invidiofiffime

296 1398 494 1443 improperat
516 1413 526 1432 .·
565 1397 695 1433 Nullibi
721 1410 832 1434 tamen
857 1400 1055 1444 improperat
1081 1399 1181 1434 Simo-

296 1450 404 1482 niam.
432 1449 709 1483 Marcionitarum
733 1460 770 1482 ac
795 1450 994 1491 reliquorum
1017 1449 1183 1484 haeretico-

296 1510 369 1533 rum
381 1499 525 1533 facinora
539 1524 548 1538 ‚
575 1500 609 1531 ὃς
622 1498 760 1532 multam
772 1498 858 1531 circa
870 1498 979 1531 Sacras
999 1500 1099 1532 etiarn
1121 1501 1182 1533 Or-

293 1547 831 1591 dinationesindisciplinationem
851 1547 961 1591 prodit
981 1548 1017 1581 &
1047 1550 1183 1592 praescri-

296 1598 390 1634 bitin
404 1598 687 1642 Praescriptionum
713 1597 796 1631 libro
811 1611 822 1631 .·
847 1608 880 1631 at
901 1609 962 1632 nec
985 1597 1052 1631 illic
1069 1600 1180 1632 memi-

294 1649 347 1683 nit
358 1649 457 1683 ullius
479 1650 656 1686 Simoniae.
683 1648 809 1682 Omnia
829 1647 933 1681 fidelis
957 1649 1014 1681 suo
1036 1659 1181 1690 tempore

293 1699 410 1743 -populi
433 1699 531 1740 vitia,
558 1697 720 1732 horrenda
740 1698 826 1741 peste
847 1699 880 1731 δε
901 1699 1019 1742 gentili
1042 1699 1180 1741 persecu·

291 1751 388 1783 tione
396 1760 450 1792 per
462 1748 621 1783 Divinam
634 1747 796 1791 Iustitiam
806 1747 975 1792 insigniter
991 1746 1156 1792 flagellata
1171 1772 1182 1789 ‚

290 1801 391 1837 ,refert
403 1799 436 1832 in
449 1801 607 1833 Sermone
617 1797 657 1832 de
677 1797 789 1840 Lapfis
808 1797 942 1832 Sanctus
967 1797 1179 1842 Cyprianus;

294 1848 484 1884 Felicissimi
505 1849 585 1883 item
621 1850 669 1882 sui
700 1847 848 1882 Diaconi
865 1872 877 1889 ‚
908 1847 944 1882 δε
965 1848 1180 1892 quorumdam

295 1899 349 1933 illi
388 1897 619 1933 adhaerentium
645 1898 915 1941 Presbyterorum
943 1909 981 1932 ac
1007 1899 1180 1943 Episcopo·

290 1961 369 1983 3um
393 1950 538 1983 facinora
561 1949 594 1982 in
620 1947 952 1982 litterisadSanaum
967 1947 1091 1992 Papam
1102 1950 1182 1983 Cor-

291 2000 424 2034 nelium
440 2024 451 2041 ‚
476 1999 510 2033 dc
534 1998 681 2033 Basilidis
702 2009 739 2032 ac
761 1997 922 2032 Martialis
944 1997 1181 2042 Episcoporum

294 2050 415 2084 -scelera
427 2049 460 2083 in
473 2049 590 2083 litteris
615 2048 656 2083 ad
668 2048 900 2091 Hispaniarum
927 2048 1104 2082 Ecclefias:
1131 2060 1183 2082 ve—

294 2099 369 2137 sum
382 2099 502 2133 nullibi
513 2108 644 2143 apparet
654 2098 823 2132 Simonia.
852 2098 908 2132 De
934 2097 1062 2133 sordida
1084 2099 1184 2132 avari·

295 2149 365 2188 tia,
390 2147 517 2183 ambitu
549 2172 561 2188 ,
585 2160 624 2182 ac
648 2149 736 2192 turpi
757 2149 792 2182 in
814 2147 906 2182 rebus
927 2148 1079 2183 civilibus
1101 2159 1184 2192 quae-

292 2199 371 2244 RH>
398 2208 431 2239 at
441 2209 509 2238 non
519 2197 560 2233 de
571 2197 719 2238 simonia
730 2198 890 2238 accusavit
913 2198 1015 2237 etiam
1036 2199 1182 2236 Paulum

296 2251 568 2289 Samosatenum,
595 2246 782 2283 Antiochiae
801 2246 1043 2293 patriarcham,
1071 2249 1179 2285 lauda-

300 2310 334 2335 ta
358 2311 412 2344 per
436 2298 614 2333 Eusebium
634 2299 866 2332 Caesateensem
887 2299 1042 2341 Synodus
1065 2299 1185 2334 Antio-

296 2349 424 2389 chena.
452 2347 583 2386 Ethinc
595 2347 756 2396 Romanae
766 2347 969 2391 Reipublicae
989 2349 1070 2384 vitia
1095 2360 1184 2384 cura-

298 2411 390 2436 turus
400 2399 486 2444 apud
496 2398 635 2433 ’AElium
645 2398 873 2443 Lampridium
897 2398 1087 2434 Alexander
1113 2399 1187 2433 Au·

298 2451 411 2496 gustus
434 2474 444 2490 ,
471 2449 717 2483 Provinciarum
753 2448 787 2482 3<
808 2448 989 2482 civitatum
1014 2449 1186 2494 Magistra-

298 2510 355 2534 tus
364 2500 514 2541 deinceps
524 2498 565 2533 ad
588 2509 659 2533 eam
682 2523 692 2539 ,
719 2509 784 2542 qua
808 2497 988 2532 Christiani
1013 2498 1102 2535 Cleri
1121 2500 1187 2533 ele·

301 2551 426 2585 stiones
448 2547 569 2590 fiebant
595 2572 605 2587 ,
631 2549 777 2594 regulam
800 2548 907 2582 sanxit
924 2550 1024 2589 creari
1041 2574 1049 2584 .
1078 2549 1184 2596 Qod

302 2612 422 2644 nempe
442 2609 521 2633 tunc
531 2599 705 2633 ele-stiones
715 2597 832 2644 nostrae
840 2609 974 2632 omnem
997 2599 1185 2644 ignorarent

303 2650 464 2686 maculam
475 2661 511 2683 ac
523 2660 654 2693 rugam.
682 2648 1006 2697 Qamimmaculati
1032 2650 1066 2682 in
1079 2650 1186 2684 Sacra-

306 2711 493 2735 mentorum
525 2698 804 2733 administratione
825 2698 950 2732 fuerint
982 2698 1066 2733 olim
1087 2698 1199 2744 nostri*

306 2760 452 2796 parentes
475 2773 485 2789 ‚
513 2749 600 2783 lucet
625 2760 667 2782 ex
693 2759 820 2783 canone
845 2747 1018 2782 Eliberino
1039 2761 1047 2781 ε
1074 2752 1185 2783 Emen-

306 2804 376 2836 dari
382 2801 514 2843 placuit,
538 2808 573 2833 ut
582 2797 614 2831 hi
628 2825 638 2840 ‚
664 2804 715 2841 qui
736 2800 953 2840 baptizantur,
978 2806 1011 2833 ut
1028 2798 1096 2841 fieri
1119 2798 1188 2842 Jble-

305 2854 362 2886 bat
373 2876 384 2891 ‚
408 2861 539 2883 nummos
550 2855 582 2882 in
594 2849 730 2883 concham
742 2860 800 2882 non
811 2854 953 2890 mittant,
979 2860 1016 2882 ne
1026 2851 1166 2882 sacerdos
1177 2873 1188 2890 ‚

306 2903 385 2945 quod
403 2905 504 2945 gratis
532 2904 642 2941 accepit
663 2924 674 2940 ,
707 2904 805 2942 pretio
829 2898 989 2940 abstrahere
1015 2900 1158 2932 videatur
1179 2923 1187 2931 .

311 2950 516 2995 Exposuitin
539 2950 707 2984 Bafileenfi
731 2947 870 2992 Synodo
889 2949 1036 2993 Julianus
1061 2949 1190 2983 Caesari-

306 3013 387 3039 nus,
397 3002 553 3034 Romanae
565 2999 712 3034 Ecclefiae
722 3000 761 3034 ad
774 3000 923 3033 sanctam
935 2998 1088 3033 Sabinam
1101 2998 1189 3033 Pres-

312 3050 408 3092 byter
419 3050 620 3084 Cardinalis:
646 3055 759 3084 Nonne
773 3054 873 3093 gratis
895 3048 996 3089 offerre
1019 3050 1054 3083 ὢ·
1074 3050 1190 3083 eleemo-

304 3098 415 3143 ssmam
426 3099 498 3130 dare
510 3121 519 3135 ‚
539 3106 623 3139 pium
633 3100 670 3140 est
691 3102 726 3134 <vr
743 3100 903 3132 charitatis
921 3107 993 3141 opus
1005 3100 1021 3131 ἒ
1048 3101 1106 3132 Sed
1123 3111 1190 3141 quo-

316 3155 398 3183 nlam
410 3155 535 3188 tempore
545 3149 660 3191 Raptis
654 3155 694 3182 mi
707 3162 839 3183 nummos
846 3151 989 3190 projicere
1001 3154 1033 3182 in
1042 3149 1189 3191 concham,

308 3199 438 3243 speciem
444 3197 651 3238 praetendebat
673 3202 766 3239 malt,
792 3199 901 3234 aboleri
923 3201 957 3233 ἐπ’
974 3200 1124 3233 emendari
1145 3208 1189 3232 ta-

315 3251 373 3283 lem
384 3246 617 3290 consuetudinem
622 3248 699 3285 juffit
710 3250 849 3290 Ecclesia.
877 3249 1028 3283 Canonis
1039 3273 1050 3289 ,
1060 3260 1127 3292 quo
1139 3250 1192 3283 Sa-

305 3297 484 3333 ⁴,cerdonem
509 3296 570 3330 effe
595 3297 694 3338 turpis
715 3297 794 3330 lucri
815 3300 971 3340 cupidum
992 3309 1081 3333 vetat
1103 3298 1193 3343 Apo-

308 3348 422 3382 -stolus
434 3371 443 3386 ,
458 3344 572 3378 violati
583 3356 643 3378 nec
655 3346 809 3383 leviffima
827 3348 1008 3392 suspicione
1019 3348 1191 3385 voluerunt

320 3398 434 3440 Panes
449 3395 550 3437 nostri
560 3393 721 3434 laborare,

649 170 930 214 SECUNDA
967 169 1359 213 Pitoommns
1396 167 1824 229 Dasumiano,

1309 248 1428 283 Fateor
1448 248 1571 282 Sanffis
1601 250 1668 284 istis
1686 250 1886 296 temporibus
1908 263 1976 287 non
2000 251 2140 287 defuisse

1259 297 1377 339 Cleri,
1405 298 1605 342 Episcopalis
1617 302 1789 343 praesertim
1811 303 1932 346 apicis,
1956 302 2139 337 ambitum.

1261 346 1442 391 Apostolus
1464 349 1626 390 scribens,
1652 351 1721 392 ,Qut
1739 351 1950 396 Episcopatum
1973 349 2139 393 eddiderat,

1256 397 1360 431 bonum
1370 408 1442 441 opus
1453 398 1617 440 defiderat,
1643 410 1848 443 nequaquam
1869 414 1976 437 aerem
1998 400 2140 437 verbera-

1257 447 1321 481 vit.
1348 449 1457 492 Loqui
1495 450 1591 493 possit
1611 449 1762 483 adversus
1781 448 1991 493 Thebutem‚
2017 452 2139 486 Hiero-

1255 498 1460 540 solymitanae.
1470 499 1619 534 Ecclefiae
1629 499 1880 543 Presbyterum,
1907 504 1964 545 qui
1988 503 2060 536 istic
2085 513 2139 536 va·

1254 558 1385 582 cantem
1407 561 1447 583 ex
1470 549 1578 583 Sancti
1613 550 1726 593 Jacobi
1753 551 1918 594 Martyrio
1939 552 2137 586 cathedram

1253 597 1369 631 ambiit
1379 598 1529 632 adversus
1551 599 1704 635 Saustum
1728 601 1915 634 Simeonem
1935 625 1945 640 ,
1971 612 2008 635 ac
2034 601 2135 644 repul-

1255 649 1319 681 sam
1344 651 1464 691 passuS,
1493 649 1610 684 erroris
1631 650 1703 684 labe
1727 652 1908 690 maculare,
1934 652 1967 684 &
1990 649 2136 687 scindere.

1251 709 1389 731 conatus
1401 699 1619 743 estintegram
1629 711 1725 744 atque
1747 700 1946 735 indivulsam
1967 702 2008 734 eo
2036 701 2135 742 usque

1252 747 1428 783 Ecclesiam
1439 774 1449 789 ‚
1477 749 1577 783 factus
1589 751 1670 784 Dux
1682 761 1720 785 ac
1731 750 1883 795 magister
1897 751 2040 785 Simonis
2061 751 2135 784 Ma·-

1250 798 1301 841 gi.
1322 796 1418 832 Itaex
1432 798 1592 843 Egesippo
1603 801 1698 834 refert
1721 801 1884 834 Eusebius
1905 801 2131 836 Caesareenfis.

1252 848 1293 881 Et
1307 849 1380 892 quis
1391 849 1587 889 Valentini,
1601 850 1783 891 Montani,
1799 851 1978 884 Novatiani
1991 876 2001 891 ‚
2018 852 2134 884 Fortu-

1250 900 1341 938 nati,
1367 899 1461 933 Pauli
1472 901 1723 941 Samosatenfis‚
1750 901 1955 945 pluriumque
1966 902 2000 934 in
2015 902 2132 935 mediis

1250 947 1436 983 Gentilium
1460 950 1739 992 persecutionibus
1761 952 1900 985 aliorum
1935 950 2099 985 ambitum
2121 976 2132 990 ,

1248 999 1403 1042 natasque
1426 1000 1545 1034 exinde
1564 999 1693 1034 haereses
1714 1001 1748 1036 <Sc
1772 1000 1944 1036 schismata
1964 1001 2096 1045 ignoret
2116 1000 2132 1032 ἓ

1249 1047 1292 1081 Et
1313 1049 1402 1092 quod
1425 1060 1493 1084 tam
1513 1049 1556 1084 ab
1587 1050 1744 1094 obsequio
1766 1061 1864 1095 quam
1882 1051 1901 1084 a
1927 1051 2038 1096 lingua
2062 1061 2136 1085 mu-

1247 1108 1308 1131 nus
1329 1098 1469 1133 ambitui
1498 1109 1578 1133 tunc
1599 1101 1742 1134 servierit
1765 1125 1775 1141 ,
1803 1113 1871 1135 non
1896 1100 1942 1135 est
1966 1101 2135 1146 ambigen-

1246 1148 1325 1182 dum
1339 1173 1347 1180 .
1375 1148 1437 1182 Per
1459 1149 1568 1182 datam
1581 1148 1759 1183 Ecclesiisa
1771 1151 1994 1185 Constantino
2018 1152 2138 1196 Augu·

1246 1199 1296 1232 sto
1320 1210 1433 1241 pacem
1464 1209 1501 1231 ac
1521 1198 1725 1242 opulentiam
1759 1200 1857 1242 coepit
1878 1201 2048 1244 insigniter
2067 1210 2135 1234 cre·

1247 1249 1329 1282 scere
1353 1250 1440 1283 virus
1460 1271 1471 1287 ,
1496 1259 1534 1283 ac
1565 1260 1607 1281 ex
1629 1249 1700 1293 ipso
1723 1249 1857 1283 tandem
1878 1250 2001 1294 prodiit
2022 1249 2137 1283 turbu-

1243 1297 1344 1332 lentia
1367 1311 1405 1333 ac
1427 1298 1548 1332 haerefis
1561 1297 1686 1333 Ariana
1707 1324 1726 1340 .,
1741 1299 1845 1350 Qod
1868 1311 2011 1342 namque
2046 1298 2137 1334 Pres-

1244 1348 1337 1391 byter
1357 1349 1457 1383 Arius
1479 1347 1709 1382 Alexandrinae
1730 1348 1880 1383 Ecclefiae
1893 1349 2128 1393 Episcopatum

1243 1399 1393 1431 adversus
1416 1399 1570 1432 Sanstum
1593 1397 1822 1433 Alexandrum
1844 1400 2068 1443 praetenderit‚
2093 1410 2132 1434 ae

1244 1447 1288 1482 ob
1324 1449 1482 1491 repulsam
1504 1448 1637 1490 coeperit
1666 1449 1851 1483 doc‘irinam
1879 1449 1948 1492 ejus
1975 1450 2096 1494 agitare
2118 1473 2134 1491 ,
2189 1482 2191 1486 ,

1243 1499 1276 1532 &
1318 1510 1438 1532 novam
1459 1498 1500 1531 ad
1525 1498 1754 1534 divertendum
1786 1498 1828 1532 ab
1862 1499 1933 1543 ipso
1965 1497 2127 1543 populum

1245 1550 1390 1592 spargere
1414 1573 1425 1589 ,
1462 1548 1593 1582 constat
1615 1559 1656 1582 ex
1683 1546 1881 1583 authenticis
1900 1548 2097 1582 testimoniis
2120 1573 2130 1582 .

1242 1598 1372 1632 Malum
1393 1610 1468 1633 cum
1493 1599 1620 1632 foenore
1642 1596 1786 1633 traduxit
1808 1599 1841 1632 in
1865 1599 1940 1633 suos
1958 1600 2131 1640 sequaces,

1242 1648 1283 1682 de
1309 1648 1427 1691 quibus
1441 1649 1474 1681 in
1487 1648 1634 1691 Epistola
1645 1648 1687 1682 ad
1699 1648 1868 1682 Solitarios
1877 1648 2011 1683 Sanstus
2022 1646 2129 1682 Atha·-

1245 1698 1349 1732 nafius
1379 1710 1387 1730 :
1424 1700 1490 1741 ,ραι
1512 1707 1556 1731 tot
1578 1699 1612 1732 ὼ·
1633 1707 1696 1731 tam
1714 1710 1830 1743 graves
1850 1707 1943 1733 aetate
1964 1697 2130 1742 Episcopo:

1242 1750 1432 1791 relegarunt,
1458 1753 1490 1780 in
1516 1749 1636 1781 ¹illorum
1654 1750 1746 1782 loeum
1759 1751 1892 1789 juvenes
1906 1772 1916 1788 ,
1940 1745 2128 1792 libidinosos,

1241 1797 1385 1831 Ethnicos
1396 1822 1408 1838 ‚
1434 1809 1472 1831 ne
1493 1796 1663 1841 catechismo
1682 1800 1803 1840 quidem
1823 1798 1971 1838 imbutos,
1994 1808 2045 1831 nec
2067 1808 2131 1830 non

1241 1849 1277 1883 Θ
1297 1850 1432 1892 digamos
1454 1873 1466 1889 ,
1501 1849 1535 1881 ἐν
1555 1849 1592 1881 de
1609 1854 1752 1881 maximIs
1785 1847 1956 1882 criminibus
1977 1849 2056 1881 male
2077 1846 2134 1880 ou-

1243 1900 1360 1932 dientes
1389 1923 1400 1939 ‚
1425 1906 1510 1940 opum
1528 1903 1630 1942 gratia
1650 1899 1683 1931 (5
1704 1903 1838 1940 pecunia·
1858 1894 2133 1937 commendativa&

1242 1950 1327 1982 modo
1345 1959 1450 1982 aarum
1474 1950 1583 1982 darent
1605 1972 1616 1988 ‚
1642 1949 1725 1982 velut
1746 1957 1890 1990 emptores
1909 1954 1942 1980 in
1959 1946 2030 1988 foro
2047 1970 2059 1986 ,
2082 1947 2131 1978 ad

1244 1996 1463 2042 Eptfiopamm
1480 1996 1702 2041 submiserunt.
1729 1998 1869 2032 Easdem
1890 1996 1931 2031 ab
1953 1995 2024 2039 ipsis
2046 2005 2132 2029 nun-

1244 2048 1336 2082 dinas
1370 2046 1461 2082 addit
1486 2047 1578 2081 fuiffe
1599 2049 1762 2090 persuasas
1779 2048 1879 2082 etiam
1912 2044 2127 2080 Meletianis.

1248 2098 1402 2141 Utraque
1413 2097 1503 2131 enim
1516 2122 1526 2138 ‚
1539 2097 1580 2131 ad
1602 2097 1700 2131 instar
1717 2096 1862 2132 Herodis
1870 2106 1908 2131 ac
1917 2096 2018 2130 Pilati
2037 2119 2049 2136 ‚
2060 2094 2132 2130 col-

1246 2148 1344 2194 ligata
1357 2148 1453 2181 fastio
1463 2147 1504 2181 ad
1526 2147 1596 2180 suas
1619 2148 1654 2180 in
1678 2147 1790 2181 Deum
1813 2146 1964 2182 Verbum
1986 2143 2146 2189 blasphe··

1247 2200 1328 2233 mias
1347 2196 1551 2242 exequendas
1573 2196 1716 2230 nummis
1737 2196 1907 2241 indigebat
1930 2220 1942 2238 ‚
1969 2195 2011 2230 ad
2032 2195 2132 2240 largi·-

1247 2246 1393 2284 tionibus
1414 2246 1685 2290 corrumpendum
1695 2247 1872 2290 populum.
1901 2246 1946 2281 Et
1966 2245 2033 2280 haec
2043 2244 2134 2288 apud.

1250 2299 1404 2334 Ecclesias
1424 2298 1469 2332 est
1489 2297 1596 2340 prima
1618 2297 1716 2341 origo
1736 2298 1770 2337 &
1793 2296 1920 2333 mentio
1939 2293 2135 2340 pecuniario

1249 2349 1422 2384 Simoniae.

1298 2398 1446 2437 Scabiem
1455 2400 1504 2434 illi
1515 2410 1583 2434 non
1596 2399 1660 2433 suis
1672 2397 1777 2433 solum
1788 2422 1798 2439 ,
1826 2397 1880 2433 sed
1903 2398 1936 2432 ὃς
1947 2393 2131 2430 Catholicis

1249 2450 1468 2484 adfricuetunt
1490 2476 1496 2482 .
1523 2450 1702 2484 Praesertim
1723 2449 1758 2482 in
1782 2447 1940 2492 AEgypto
1959 2471 1966 2478 .
1994 2443 2131 2478 Etenim

1248 2501 1296 2535 sui
1306 2501 1460 2544 temporis
1472 2500 1650 2543 Episcopus
1659 2499 1678 2531 a
1689 2497 1752 2531 suis
1764 2494 2026 2531 Antecesroribus
2037 2491 2131 2537 Apo*

1249 2550 1339 2585 stolis
1350 2548 1672 2593 distareplurimum‚
1700 2546 1863 2580 inlitteris
1874 2544 1915 2580 ad
1937 2544 2045 2578 virum
2059 2542 2127 2577 cla-

1248 2600 1404 2636 riffirnutn
1418 2598 1629 2634 Dorotheum
1649 2596 1792 2641 queritur
1814 2594 2047 2630 Alexandrinae
2068 2592 2131 2627 Ee·

1249 2650 1350 2685 clefiae
1360 2648 1531 2692 Presbyter
1553 2647 1690 2682 Isidorus
1711 2644 1896 2686 Pelusiota,
1920 2646 1953 2679 δε
1978 2644 2035 2679 dat
2054 2654 2129 2677 cau⁴

1250 2702 1337 2735 sam:
1365 2703 1440 2732 Cum
1453 2697 1575 2740 Apostoli
1587 2708 1677 2731 unum
1691 2721 1701 2737 ‚
1726 2701 1778 2738 qui
1790 2695 1978 2738 apostolicam
1999 2695 2133 2738 dignita-
2145 2683 2185 2759 13‘9
2186 2691 2222 2759 33
2243 2685 2301 2726 ,ἶβι-

1248 2760 1309 2784 tem
1313 2755 1439 2792 pecunia
1456 2747 1490 2792 se
1510 2755 1676 2789 empturum
1690 2744 1893 2789 speraverat,
1919 2745 2129 2788 objurgarint,

1248 2811 1284 2834 ac
1309 2801 1445 2833 dixerint
1468 2823 1478 2839 ,
1518 2801 1652 2831 Pecunia
1678 2805 1732 2829 tua
1748 2795 1788 2838 fit
1814 2804 1906 2829 tecum
1932 2802 1965 2827 in
1985 2795 2132 2842 perdim-

1251 2861 1316 2883 nem
1341 2873 1354 2890 ,
1380 2848 1426 2889 isti
1452 2856 1553 2882 contra
1578 2847 1740 2880 Sacerci-tu
1765 2857 1874 2879 munus
1899 2849 1938 2877 iis
1959 2842 2129 2887 praesertim

1248 2897 1451 2943 commiserunt
1476 2922 1486 2938 ‚
1525 2902 1575 2940 qui
1599 2906 1755 2939 tamquam
1782 2902 1816 2930 in
1833 2894 1904 2937 foro
1934 2892 2029 2936 ipsum
2050 2903 2130 2926 eme-

1249 2959 1338 2984 runt.
1364 2954 1430 2983 Nec
1451 2947 1594 2981 vero.b0c
1613 2946 1814 2989 adhucgrave
1824 2944 1882 2986 est,
1907 2947 2046 2986 quamvis
2054 2943 2130 2975 alio-

1251 3006 1322 3043 quin
1338 3010 1436 3043 grave
1459 3022 1470 3038 ,
1505 2999 1610 3031 verum
1631 3003 1722 3030 etiam
1743 2995 1796 3029 hoc
1817 2999 1931 3028 nomine
1945 2997 2043 3035 magis
2063 2989 2131 3032 effi·-

1251 3059 1381 3090 rantur,
1408 3060 1498 3091 quam
1515 3049 1569 3081 alit·
1593 3047 1627 3079 ob
1637 3046 1794 3089 probatam
1805 3043 2045 3079 &voluntariam
2050 3049 2128 3083 pau-

1248 3108 1402 3142 pertatem
1414 3125 1421 3132 .
1449 3102 1545 3141 Atque
1566 3108 1632 3131 cum
1653 3099 1674 3128 ἃ
1693 3093 1867 3138 quibusdam
1877 3092 2020 3125 videntur
2031 3096 2132 3125 convi-

1252 3156 1306 3184 tiis
1331 3155 1433 3191 impete·
1458 3172 1468 3188 ,
1496 3148 1600 3188 statim
1622 3145 1805 3188 Apaefioltcam
1830 3143 2007 3185 dignitatem
2024 3141 2126 3184 profe-

1251 3209 1339 3234 runt:
1368 3205 1440 3232 Non
1451 3204 1530 3232 enim
1556 3209 1632 3236 nos,
1657 3198 1819 3235 inquiunt,
1841 3190 1900 3234 sed
1917 3190 2130 3234 Episcopatum

1251 3253 1366 3291 injuria
1389 3248 1564 3290 adfecerunt
1590 3270 1598 3278 .
1633 3242 1798 3276 Promotis
1831 3242 1872 3276 ad
1898 3241 2130 3285 Episcopatum

1252 3301 1297 3335 ob
1318 3299 1388 3334 vitae
1409 3299 1561 3333 meritum
1577 3292 1768 3338 pauperibus
1788 3291 1941 3326 valebant
1962 3290 2131 3325 habendi,

1253 3351 1404 3396 gniores.
1432 3347 1590 3389 Antiquae
1598 3340 1681 3376 adeo
1691 3343 1764 3375 sunt
1777 3338 1824 3374 hae
1835 3341 1964 3383 sordes;
1989 3351 2066 3383 quas
2078 3350 2131 3382 po-

1254 3403 1319 3437 stea
1333 3398 1484 3445 singulari
1498 3395 1637 3437 Canone
1647 3392 1815 3427 damnavit
1831 3390 1970 3429 secunda
1979 3387 2132 3473 ξὲροάυε

1991 3457 1996 3460 -
2019 3450 2085 3473 tcae-

2152 786 2211 818 Lib.
2231 797 2259 823 4.
2280 794 2309 817 c.

2182 837 2205 858 ι.
