2352 3736
146 1260 223 1296 (ἶειῖ)Δ
257 1269 303 1301 45.

145 1309 194 1343 7¹}-
216 1311 263 1346 27.-

410 149 516 209 Μ

652 145 926 198 Saeuum
960 140 1358 187 PaoozmAns
1393 133 1828 206 Dresia-nno,

341 233 454 273 Faciie
466 241 574 266 tamen
595 229 786 266 crediderim
806 223 1131 277 Qinreffimgensrs,
1158 225 1212 259 cui
1277 225 1347 259 dam
1361 226 1553 261 traditionem
1563 229 1724 270 amatu
1733 233 1819 267 sedis
1827 256 1840 273 ‚
1864 237 1899 265 ut
1906 228 2037 275 fngestis
2048 230 2151 266 Ponti.

342 282 498 328 Gregorii
510 281 638 325 septimi
651 281 792 326 Legatos
803 274 987 313 cardinalis
998 278 1085 312 Otto
1106 275 1215 318 praese-

339 333 393 366 dit
415 356 427 373 ‚
461 329 589 374 Synodi
614 331 706 366 fuisse
731 330 827 363 aliam
851 335 995 360 mentem
1015 338 1023 357 ε
1050 325 1215 359 Wectlonis

342 383 510 425 Magantia}
529 380 680 425 invaseris
697 403 708 419 ,
736 379 768 410 ὃ*
789 375 923 419 5¹'gtsrid1
946 373 1123 419 Augustenfis
1146 399 1159 416 ‚
1182 375 1217 409 o·

340 431 483 470 Nar-bern
504 430 668 470 cumn-fils,
693 427 750 458 im&
758 425 956 459 ordinattones
977 428 1012 460 cb·
1029 423 1217 469 consecrativo·

338 491 391 521 pes
403 485 714 516 excommunicatorum
719 479 845 518 penitus
865 480 963 509 irrite
974 477 1123 516 Judtcatae
1139 473 1215 519 sunt

326 531 431 583 juxta
441 534 564 564 Decreta
574 530 595 559 5
594 525 746 559 anelarum
757 528 883 560 Patr-um
896 530 1058 560 Innocentii
1066 549 1078 566 ,
1104 527 1212 559 Leonis

334 587 450 627 primi,
477 578 615 620 Pelagii,
639 585 729 618 atque
739 578 802 616 ejus
819 575 979 620 succeffirts
999 578 1133 619 Gregorii
1148 579 1213 617 pri·

335 634 394 669 mi.
422 625 572 661 Omnino
582 625 710 660 videtur
722 637 815 672 agere
834 626 876 660 de
902 625 1082 661 irritatione
1102 625 1209 668 quoad

335 677 548 711 substantiam
571 701 578 709 .
613 677 747 717 Etenim
770 677 828 716 iste
850 675 1034 710 Cardinalis
1056 676 1142 708 Otto
1164 675 1209 709 est

337 725 498 760 Urbanus
510 726 666 762 secundus
676 725 854 769 PontifeX‚
879 727 914 761 &
929 726 987 759 iste
1009 725 1138 759 Wicelo
1162 725 1207 760 est

331 773 502 811 ordinator
521 777 706 812 Daimberti
719 801 730 818 ,
754 777 844 821 cujus
863 777 1086 813 Diaconatum
1106 775 1209 812 exsuf-

330 824 423 867 flavit
434 825 538 861 dictus
552 826 712 862 Urbanus
724 834 734 868 ,⁴
759 838 856 871 atque
867 826 1028 861 reiteravit
1041 850 1047 857 .

382 876 530 911 Eandem
542 878 752 920 quaestionem
766 878 807 912 de
817 876 1013 911 simoniacis
1025 900 1034 915 ‚
1050 885 1088 908 ac
1101 874 1206 911 omni·

328 924 391 961 bus
401 928 582 971 generatim
604 927 781 968 haereticis,
808 928 964 970 proponit
985 927 1019 961 in
1041 926 1146 966 quarti
1169 925 1207 957 li-

328 974 377 1009 bri
390 978 540 1022 vigesima
552 977 665 1021 quinta
687 977 895 1011 distinetione
918 974 1031 1010 Petrus
1052 973 1205 1012 Lombar-

327 1027 409 1066 dus,
435 1027 644 1071 &praefaturz
667 1032 757 1060 Hanc
767 1027 950 1069 quaestionem
965 1027 1142 1067 perplexam
1170 1035 1205 1057 ac

327 1075 733 1119 poeneinsblubilemfaciunt
746 1076 901 1110 DoHorum
921 1075 1014 1109 verba
1030 1097 1040 1113 ‚
1065 1081 1116 1116 qui
1139 1075 1204 1115 plu-

324 1132 434 1160 rimum
460 1127 607 1170 drffemire
630 1129 772 1161 videntur
793 1152 800 1159 .
831 1127 978 1161 Adducit
999 1135 1136 1168 quatuor
1156 1123 1205 1156 di-

327 1178 428 1211 versas
442 1177 485 1210 sui
496 1178 651 1220 temporis
673 1178 866 1219 sententias3
895 1175 978 1209 nihil
1000 1175 1144 1214 decidit,
1171 1174 1203 1207 δι

321 1238 391 1260 cem
405 1227 510 1270 magis
522 1227 661 1261 involvit
674 1253 683 1268 ‚
711 1228 727 1260 ὲ
743 1227 921 1261 manifestis
932 1224 1123 1259 simoniacis
1135 1248 1146 1263 ‚
1168 1223 1203 1258 li-

318 1276 374 1310 cet
388 1288 454 1310 non
469 1277 654 1311 simoniace
665 1302 675 1316 ‚
704 1278 796 1311 datos
809 1277 952 1311 Ordines
963 1275 1088 1309 videtur
1099 1273 1202 1307 exsuf-

321 1325 415 1359 flare.
444 1326 597 1359 Eundem
609 1337 748 1360 errorem
770 1328 945 1369 sequuntur
965 1323 1079 1358 Petrus
1102 1322 1202 1358 Pieta-

320 1375 393 1408 vien
400 1376 434 1407 sis
446 1400 455 1415 ‚
482 1375 705 1419 Praepofitivus
717 1399 728 1415 ,
754 1376 860 1419 Hugo
872 1377 890 1409 a
902 1376 1020 1411 sancto
1046 1374 1180 1408 Vistore
1189 1400 1199 1415 ,

317 1425 353 1458 ἅ
365 1425 404 1458 ad
418 1425 526 1467 primae
535 1427 634 1459 causae
642 1426 777 1467 primam
791 1426 999 1467 quaestionem
1008 1425 1183 1458 Gratianus
1194 1449 1201 1457 .

316 1473 674 1518 SanEtiAugustinide
685 1485 753 1508 non
773 1474 957 1516 repetendis
979 1472 1201 1509 haereticorum

315 1524 538 1559 §aeramentis
561 1524 759 1557 sententiam
781 1523 946 1567 restringit
956 1523 997 1558 ad
1010 1523 1202 1568 solumBap-

318 1574 414 1608 tisma
429 1599 437 1606 .
465 1572 624 1609 Attamen
646 1573 761 1607 veritas
788 1574 863 1607 suos
884 1573 982 1606 etiam
1006 1574 1128 1616 semper
1149 1573 1203 1608 ha-

318 1622 586 1658 buirPatronos.
617 1622 904 1658 Duravitdubium
915 1621 1016 1657 ferme
1036 1625 1138 1665 usque
1160 1624 1202 1658 ad

317 1684 467 1716 tempora
480 1675 586 1707 Sansti
614 1671 758 1708 Thomae
785 1673 982 1716 Aquinatis,
1007 1673 1063 1716 qui
1090 1675 1202 1707 omnia

316 1723 564 1763 haerericomm,
590 1722 869 1760 schismaticorum
882 1747 892 1762 ‚
917 1734 958 1756 ex
979 1724 1202 1757 communica·

323 1782 433 1808 torum
455 1773 488 1806 &
503 1773 752 1817 degradatorum
775 1779 883 1815 praeter
904 1771 1129 1815 poenitentiam
1150 1774 1202 1807 Sa-

317 1835 484 1857 cramenta
499 1848 508 1862 ‚
533 1822 715 1857 dummodo
729 1823 762 1857 in
778 1823 922 1857 Ecclesiae
935 1824 1039 1856 forma
1063 1822 1202 1864 dentur,

317 1874 434 1908 docuit
444 1874 477 1906 ὅ(
488 1874 645 1907 omnibus
659 1874 804 1915 persuasit
816 1873 920 1907 valida
934 1897 944 1912 ,
970 1872 1004 1906 ὃς
1016 1872 1199 1908 nullatenus

317 1923 493 1966 repetenda
514 1945 524 1961 ‚
550 1923 700 1966 atqueita
724 1921 925 1961 Ecclesiam&
941 1921 1055 1966 grandi
1075 1922 1200 1960 dubita,

318 1975 413 2014 tione
423 1971 571 2009 liberavit
582 1997 590 2012 .
955 1972 958 1974 ’

470 2200 511 2248 C.
546 2200 589 2247 A
624 2199 659 2248 Ρ
694 2200 739 2245 U
775 2197 815 2248 T
868 2198 1057 2256 XVII.

376 2337 586 2390 Solvuntur
620 2336 759 2402 aliquot
794 2336 835 2384 de
872 2335 941 2385 hac
976 2342 1137 2389 materia

643 2408 848 2473 quaeffiones
861 2443 872 2458 .

393 2529 491 2562 Rima
506 2528 637 2571 quaestio
648 2527 692 2560 est
704 2552 714 2567 ,
742 2539 781 2560 an
795 2529 894 2561 etiarn
910 2527 1111 2562 Hinemarus
1124 2528 1196 2562 Μο-Ι

416 2580 570 2621 tropolita
583 2577 751 2611 Remensis
763 2603 774 2618 ‚
800 2578 832 2611 &
845 2579 901 2611 alii
924 2588 1004 2612 tune
1017 2578 1195 2618 Galliarum

320 2629 476 2672 Episcopi
490 2653 498 2666 ,
526 2626 620 2661 datos
631 2628 650 2661 ὲ
661 2626 838 2671 degradato
849 2628 1024 2662 Hincmari
1045 2626 1198 2661 Anteces-

321 2681 392 2712 sore
417 2678 553 2712 Ebbone
578 2676 720 2711 Ordines
746 2677 945 2711 exsufflarint
971 2678 1005 2711 δε
1031 2678 1199 2712 iterarint?

322 2729 358 2762 ln
374 2740 472 2770 opere
485 2729 524 2761 de
538 2728 630 2761 sacris
643 2726 919 2763 Ordinationibus
941 2729 1080 2762 affirmat
1103 2728 1199 2771 Joan-

320 2791 379 2813 nes
393 2778 546 2811 Morinus
555 2802 565 2818 ,
578 2776 648 2820 post
658 2776 822 2811 haereticos
835 2778 866 2812 &
877 2777 1100 2812 schismaticos
1109 2803 1119 2818 ,
1131 2776 1199 2811 imo

322 2829 393 2872 post
407 2828 536 2871 quosvis
547 2827 738 2871 degradatos
753 2827 931 2871 Episcopos
942 2827 1012 2861 vult
1032 2828 1067 2861 in
1091 2827 1199 2861 Eccle-

321 2879 362 2912 fia
377 2879 499 2921 semper
509 2877 600 2910 fuiffe
610 2877 828 2911 reordinatum
840 2902 849 2917 ,
876 2878 908 2911 δε
921 2878 1046 2910 firmare
1064 2887 1198 2910 conatur

324 2928 479 2971 exemplis
514 2927 663 2961 omnium
690 2926 893 2960 saeculorum.
922 2926 1098 2960 Hincmari
1134 2927 1199 2960 sen-

326 2978 521 3019 sumprobat
541 2989 583 3011 ex
610 2977 768 3010 Immonis
795 2976 1014 3009 Tornacenfis
1043 2975 1199 3019 Episcopi

328 3025 428 3058 verbis
451 3028 489 3060 ad
526 3027 700 3060 secundam
727 3026 889 3059 astionem
915 3025 1043 3067 Synodi
1064 3025 1200 3059 Sueffio-

329 3074 433 3106 nensls
445 3087 454 3105 .·
481 3076 523 3106 Ab
545 3076 666 3109 Ebbone
680 3101 691 3116 ‚
718 3077 886 3118 quodtdem
897 3086 954 3107 non
967 3074 1070 3107 babuit
1081 3098 1092 3114 ‚
1118 3087 1200 3108 nemo

325 3127 455 3162 accipere
472 3130 579 3162 potuit.
607 3130 857 3165 Damnationem,
878 3136 968 3167 quam
995 3125 1122 3163 babuit,
1144 3134 1199 3167 per

324 3181 459 3215 pravam
472 3182 575 3203 manus
588 3175 787 3215 impofitionem
803 3177 904 3208 dedit.
932 3174 1031 3208 Hanc
1042 3177 1103 3208 esse
1112 3175 1198 3208 dixit

326 3223 537 3256 eanonicam
556 3221 589 3253 &
611 3221 830 3262 Apostolicam
849 3225 1071 3259 auctoritatem
1092 3250 1099 3258 .
1137 3224 1201 3259 Eo-

327 3272 404 3306 dem
418 3270 517 3303 modo
529 3270 670 3311 loquitur
681 3274 790 3313 quinta
802 3275 943 3316 ejusdem
955 3274 1080 3317 Synodi
1090 3275 1175 3309 affio
1188 3289 1198 3308 :

328 3324 487 3354 canonica
500 3321 533 3352 <a
558 3319 711 3359 Apostolica
733 3323 904 3359 auz‘Joritate
924 3331 1079 3358 inventum
1100 3326 1134 3359 Θ
1152 3325 1200 3358 de-

333 3374 442 3406 atrum
453 3368 490 3408 est
507 3392 517 3407 ,
544 3377 576 3399 ut
587 3370 733 3409 quidquid
752 3376 783 3401 in
803 3374 1042 3407 ordinationibus
1064 3373 1198 3416 Ecclefia·

1270 274 1361 318 ficum
1372 275 1500 318 legitur,
1523 278 1759 323 praetersacvum
1769 280 1953 324 Baptifinae,
1972 283 2054 324 quod
2060 287 2092 315 in
2102 292 2151 315 no-

1274 330 1353 359 mine
1363 325 1480 359 Sandae
1491 328 1821 372 Trinitatis'pffffum
1833 331 1871 372 est
1884 356 1894 372 ‚
1920 336 2036 364 mmm
2047 333 2082 365 (9
2097 343 2153 365 va·

1270 385 1361 410 cuum
1371 375 1546 410 baberetur.
1572 378 1676 427 Qod
1690 378 1936 416 Hincmams&
1960 381 2069 414 omnis
2090 380 2151 417 ista

1273 424 1425 468 Synodus
1434 429 1548 462 cundia
1560 438 1669 471 praeter
1681 428 1885 472 Baptismum
1894 430 2071 466 dataextra
2087 429 2150 463 Ee·

1272 474 1399 511 clefiam
1409 476 1614 516 Sacramenta
1623 503 1635 520 ,
1659 480 1838 521 omnesque
1848 479 1896 512 uti
1907 478 2152 521 jurisdictionis,

1271 523 1318 561 ita
1337 526 1371 565 ὃς
1391 525 1528 561 Ordinis
1549 539 1605 572 per
1629 528 1845 573 degradatum
1867 528 2064 572 Episcopum
2094 538 2152 563 aut

1274 573 1442 613 Clericum
1451 585 1624 612 attentates
1642 579 1727 613 aetus
1748 578 1902 613 duxerint
1926 578 2125 613 exsufflanda
2137 603 2150 620 ,

1271 636 1311 660 ex
1324 624 1484 668 ejusmodi
1505 626 1700 663 testimoniis
1723 627 1877 665 Morinus
1897 628 2056 662 affirmat.
2080 628 2151 663 Fir-

1270 675 1349 711 mari
1386 674 1510 710 videtur
1543 676 1610 719 ejus
1634 679 1762 713 assertio
1801 689 1855 721 per
1890 678 2008 712 factum
2042 677 2150 713 sanai

1268 722 1417 760 Arstardi
1439 725 1667 762 Namnetenfis
1686 727 1838 771 Episcopi
1864 751 1875 767 ‚
1913 727 1930 760 a
1955 738 2023 770 quo
2057 726 2151 764 datos

1267 785 1322 817 per
1334 776 1519 810 Gisiardum
1532 777 1693 811 intrusum
1707 777 1902 820 Episcopum
1913 778 2057 811 Ordines
2072 777 2151 813 fuis-

1269 826 1300 859 se
1309 826 1516 865 exsufflatos,
1542 826 1633 870 supra
1645 826 1832 861 audivimus
1843 836 1884 861 ex
1903 825 2021 861 litteris
2044 825 2152 860 Nico-

1265 873 1310 911 lai
1350 875 1444 919 primi
1480 876 1653 910 pontificis
1672 877 1714 911 ad
1737 876 1948 910 Salomonem
1971 876 2150 910 Britonum

1267 923 1468 969 Principem.
1499 925 1675 963 Arctardus
1686 926 1777 961 enim
1790 926 1852 960 fuit
1873 926 2050 966 Hincmari
2071 924 2150 969 Cor

1267 974 1357 1019 lega.

1317 1024 1440 1060 Veram
1450 1026 1570 1063 labitur
1581 1028 1633 1063 vir
1644 1028 1799 1064 Eruditus
1818 1054 1825 1061 .
1851 1027 1956 1077 Qiod
1982 1025 2073 1062 enim
2097 1035 2151 1061 to-

1266 1083 1298 1109 ta
1309 1074 1580 1111 Sueffionenfium
1588 1078 1800 1120 synodorum
1811 1078 1896 1113 circa
1911 1078 2060 1112 Clericos
2069 1076 2149 1111 istos

1266 1123 1433 1158 altercatio
1453 1132 1657 1168 nequaquam
1682 1128 1724 1161 de
1749 1127 1952 1163 substantiali
1978 1127 2147 1163 Ordinum

1266 1173 1375 1209 valore
1388 1197 1398 1213 ,
1424 1175 1478 1211 sed
1491 1175 1532 1209 de
1543 1176 1613 1210 solo
1627 1179 1682 1219 per
1690 1175 1777 1220 ipsos
1790 1186 1925 1220 accepto
1938 1175 2149 1210 ministrandi

1264 1222 1331 1264 jure
1352 1225 1447 1258 fuerit
1461 1247 1472 1263 ‚
1495 1225 1688 1260 lucidissime
1707 1237 1792 1270 patet
1815 1238 1854 1260 ex
1874 1226 1953 1261 astis
1976 1222 2149 1270 Synodalis
2165 1234 2225 1266 Lib.
2245 1243 2274 1272 3.

1267 1272 1326 1306 bus
1338 1298 1348 1311 ,
1373 1275 1615 1318 confirmatque
1627 1276 1660 1308 in
1676 1276 1845 1310 Remensis
1857 1276 2014 1311 Ecclefiae*
2035 1275 2149 1310 Histoi,
2163 1283 2226 1314 cap·
2250 1284 2294 1308 υ»

1266 1322 1311 1360 ria
1320 1323 1542 1360 Flodoardus.
1570 1325 1613 1359 Et
1625 1324 1705 1359 hinc
1717 1325 1913 1370 degradatos
1940 1324 2019 1359 istos
2043 1324 2148 1359 Cleri-

1265 1384 1321 1406 cos
1333 1375 1490 1417 reparavit
1500 1375 1566 1410 fine
1575 1375 1817 1411 reordinatione
1841 1376 1875 1410 N
1879 1376 2003 1410 icolaus
2025 1374 2145 1410 Ponti·

1264 1423 1320 1459 fex
1343 1448 1354 1464 ,
1381 1424 1552 1468 nullusque
1577 1425 1694 1459 Galliae
1719 1425 1901 1470 Episcopus
1933 1424 2147 1467 reclamavit,

1266 1474 1418 1516 quinimo
1430 1474 1485 1518 ipsi
1499 1473 1725 1518 degradatores
1736 1486 1839 1510 unum
1849 1474 1966 1510 existis
1986 1473 2146 1518 Wulpha·

1266 1523 1345 1557 dum
1354 1534 1586 1566 promoverunt
1599 1526 1635 1559 in
1648 1523 1941 1569 Archiepiscopum
1965 1523 2146 1569 Bituricen·
2181 1529 2185 1533 ’

1265 1573 1329 1606 sem
1341 1598 1348 1608 ,
1374 1572 1450 1608 Nec
1460 1574 1524 1609 fine
1534 1576 1627 1609 causa
1638 1575 1847 1620 distinguunt
1870 1576 1955 1610 inter
1976 1573 2146 1618 Baptisma

1265 1622 1299 1656 δε
1312 1621 1491 1660 Ordinem.
1520 1624 1615 1659 Licet
1635 1625 1725 1659 enim
1737 1635 1911 1670 utrumque
1927 1621 2145 1659 substantiali-

1265 1682 1312 1705 ter
1323 1682 1454 1713 teneat,
1480 1673 1563 1708 illud
1578 1684 1684 1709 tamen
1704 1673 1746 1709 ab
1769 1675 1910 1710 Ecclesia
1929 1674 2143 1720 agnoscitur,

1265 1722 1299 1755 ἀ
1310 1733 1365 1764 per
1375 1725 1600 1765 poenitentiam
1609 1724 1741 1760 formari
1753 1725 1857 1769 potest
1868 1737 1907 1760 ac
1917 1726 2015 1760 debet
2029 1749 2040 1765 ‚
2050 1722 2142 1758 huno

1265 1771 1339 1805 vero
1351 1772 1391 1806 ad
1402 1774 1630 1808 executionem
1641 1775 1732 1808 nulla
1741 1787 1781 1810 ex
1791 1777 1884 1814 causa
1894 1798 1905 1814 ,
1930 1775 1989 1809 nisi
2002 1784 2055 1818 per
2078 1773 2144 1807 fin*

1264 1821 1496 1866 gularisfimam
1505 1822 1780 1867 dispensationem
1793 1849 1806 1866 ,
1832 1825 1962 1860 admisit
1985 1823 2144 1866 antiquus

1267 1871 1415 1906 Ecclesiae
1441 1872 1562 1908 Canon
1585 1898 1597 1914 ,
1622 1874 1761 1919 ideoque
1784 1876 1892 1910 irritus
1917 1875 2083 1911 dicebatur
2106 1873 2144 1906 &t

1266 1921 1372 1956 nullus
1386 1949 1393 1955 .
1425 1923 1463 1957 In
1491 1931 1642 1968 perpetua
1668 1925 1846 1959 Laicorum
1873 1925 2062 1960 humilitate
2082 1924 2143 1961 fixi

1212 1999 1213 2002 η
1264 1982 1356 2008 erant
1368 1973 1478 2008 taliter
1502 1975 1667 2016 ordinati,
1693 1976 1777 2010 adeo
1795 1984 1835 2009 ut
1856 1985 1916 2008 nec
1938 1974 2059 2011 Clerici
2076 1986 2144 2009 no·

1265 2035 1342 2059 men
1367 2033 1424 2060 aut
1451 2023 1569 2059 vestem
1595 2025 1706 2069 regula
1731 2025 1797 2059 illis
1822 2023 2030 2069 indulgeret.
2057 2024 2143 2076 (ξω

1264 2074 1377 2108 omnia
1405 2076 1440 2109 in
1467 2075 1704 2118 marginalibus
1729 2073 1770 2109 ad
1797 2074 1970 2118 Synodum
1992 2075 2143 2108 ofiavam

1266 2123 1409 2158 Scholiis
1421 2124 1623 2158 disertissime
1637 2125 1734 2159 tradit
1748 2123 1936 2159 Anastasius
1956 2123 2141 2158 Bibliothe-

1262 2175 1389 2208 carius:
1414 2175 1562 2215 Sacratos
1573 2173 1615 2208 ab
1627 2170 1787 2214 Ebbo‘ne,
1811 2174 1874 2212 &a
1895 2175 1978 2209 dicia
1999 2173 2139 2220 Synodo

1263 2223 1456 2269 degradatos
1468 2224 1614 2259 Clericos
1620 2225 1702 2258 dicit
1716 2234 1771 2268 per
1782 2224 1898 2261 Sedem
1910 2222 2139 2270 Apostolicam

1265 2274 1332 2309 sine
1345 2286 1429 2309 nova
1440 2274 1627 2309 Sacratione
1640 2275 1732 2309 fuisse
1742 2285 1784 2308 ex
1806 2275 1906 2308 causis
1927 2273 2140 2307 restauratos.

1265 2325 1338 2359 Nec
1364 2324 1471 2358 obstat
1498 2326 1616 2358 fastum
1642 2325 1750 2358 San&
1778 2323 1923 2359 Arstardi
1947 2337 1958 2359 .-
1984 2323 2138 2357 Britones

1263 2384 1354 2409 erant
1367 2373 1490 2409 barbari
1503 2399 1513 2414 ,
1541 2372 1813 2408 semi-Christiani
1828 2399 1838 2414 ,
1849 2374 1931 2408 &ab
1941 2371 2137 2406 Ecclesiasti-

1261 2437 1298 2459 ca
1311 2425 1438 2469 Regula
1462 2425 1497 2458 in
1518 2424 1664 2467 pluribus
1682 2423 1792 2464 devii,
1813 2423 1953 2466 ideoque
1975 2421 2069 2458 datos
2091 2420 2136 2454 ab

1261 2486 1375 2509 eorum
1389 2474 1557 2519 Epistopis
1567 2473 1710 2509 Ordines
1721 2472 1921 2506 substantiali
1933 2470 2031 2505 alicui
2044 2470 2136 2503 —vitio

1262 2524 1424 2568 subjacere
1435 2523 1574 2559 credidit
1587 2522 1760 2556 Arctardus
1774 2546 1781 2552 .
1809 2521 1920 2567 Quare
1932 2520 2134 2563 interipsum

1261 2576 1295 2610 &
1304 2575 1523 2609 Hincmarum
1536 2569 1619 2605 nihil
1626 2572 1690 2605 fuit
1702 2570 1764 2605 hac
1774 2571 1810 2604 in
1823 2582 1855 2604 re
1867 2570 2113 2604 communionis
2126 2593 2137 2603 .

1263 2626 1305 2658 Et
1331 2625 1400 2669 ejus
1421 2622 1637 2660 nihilominus
1658 2622 1777 2657 fastum
1797 2619 1956 2657 Nicolaus
1976 2619 2135 2657 Pontifex

1260 2674 1431 2709 damnavit
1445 2698 1452 2706 .

1310 2725 1423 2758 Altera
1435 2723 1566 2767 quaestio
1578 2721 1623 2765 9st
1636 2745 1646 2761 ‚
1673 2733 1716 2755 an
1727 2720 1819 2755 datos
1837 2721 1855 2754 a
1872 2719 1997 2755 Photio
2021 2721 2136 2754 Eccle-

1260 2773 1308 2807 fiae
1319 2771 1694 2815 Constantinopolitanae
1714 2771 1838 2805 intruso
1863 2769 2051 2804 Patriareha
2071 2771 2135 2805 Or·-

1260 2823 1375 2862 dines,
1400 2833 1457 2857 aut
1467 2823 1535 2866 ejus
1545 2822 1767 2856 consecratore
1787 2821 1950 2865 Gregorio
1972 2820 2133 2863 syracusa

1261 2871 1518 2916 Archiepiscopo
1531 2896 1543 2912 ‚
1569 2871 1721 2905 Romana
1735 2871 1875 2904 Ecclesia
1887 2881 1945 2905 aut
1954 2872 2063 2905 οᾶινει·
2073 2869 2133 2911 Sy-

1263 2924 1367 2958 nodus
1391 2922 1542 2957 duxerint
1569 2921 1819 2957 substantialiter
1842 2921 1949 2954 irritos
1967 2930 2005 2953 ae
2025 2920 2133 2953 exsuf-

1261 2974 1415 3008 flandos?
1441 2971 1716 3007 Etenimlaudata
1737 2970 1890 3011 Synodus
1910 2965 2133 3003 Methodianae

1260 3035 1357 3068 atque
1382 3024 1560 3069 Ignatianae
1596 3021 1852 3056 consecrationis
1884 3017 2063 3068 Episcopos
2098 3019 2133 3052 δε

1261 3074 1406 3108 Clericos
1417 3085 1471 3118 per
1484 3071 1686 3117 poenitentiae
1701 3071 1850 3104 libellum
1863 3067 1982 3110 recepit
2005 3068 2038 3101 in
2061 3078 2134 3113 gra-

1260 3123 1361 3164 dum,
1387 3134 1420 3158 at
1433 3125 1508 3158 vero
1536 3122 1733 3157 Photianam
1751 3119 2028 3154 consecrationem
2047 3118 2134 3152 adeo

1259 3173 1416 3217 projecit,
1441 3183 1479 3207 ut
1502 3172 1601 3207 etiam
1627 3173 1669 3206 de
1692 3168 1796 3203 Paulo
1822 3167 2076 3202 Caesaraeenfium
2097 3168 2134 3202 in

1259 3223 1471 3268 Cappadocia
1482 3222 1736 3266 Archiepiscopo
1759 3217 1878 3255 scribat
1900 3217 1935 3250 in
1956 3217 2131 3263 marginali

1259 3273 1394 3308 Scholio
1407 3273 1592 3308 Anastasius
1607 3266 1896 3303 Bibliothecarius:
1925 3269 2039 3301 Paulus
2056 3267 2106 3307 isle
2119 3287 2132 3307 ⁵

1261 3320 1492 3368 achiepiscopus
1505 3317 1719 3364 quandamfuit
1729 3315 1908 3359 consecratus
1918 3320 1939 3350 ἃ
1952 3317 2067 3364 Phario,
2073 3316 2135 3367 sed

1259 3381 1330 3416 quia
1353 3386 1417 3408 cum
1428 3366 1542 3406 caeterit
1555 3393 1566 3409 ,
1590 3374 1640 3411 qui
1650 3370 1669 3400 ἃ
1683 3367 1785 3401 Photio
1797 3379 1905 3400 manus
1927 3365 2130 3409 impofitionem

331 3422 413 3463 stim
439 3417 526 3457 Ebbo
540 3416 602 3460 post
620 3419 841 3454 damnationem
858 3419 945 3462 suam
965 3431 1076 3466 egerit,
1098 3423 1199 3468 ficun-
1253 3422 1423 3468 suscepere,
1444 3417 1791 3471 ficundimfintentiam
1812 3420 1905 3460 Papae
1926 3416 2045 3450 Nicolaz
2068 3427 2133 3449 con-

1966 3467 2084 3503 ,demna-
