2352 3736
64 912 116 950 Ep.
150 921 191 945 ¹7·

65 953 117 990 Ep.
143 954 204 987 1587

64 1029 215 1066 Lib.3.tit.

63 1081 112 1108 39.
139 1078 165 1100 c·
189 1074 206 1100 6

58 1828 135 1865 Capi
161 1835 186 1863 ς.

440 149 491 177 ΒΕ
530 133 727 176 SIMONIAE
762 142 974 183 CRIMINE,
1013 141 1062 170 ET
1098 137 1239 169 VARIIS
1277 137 1335 166 AD
1370 135 1493 167 IPSUM
1529 135 1857 166 SPECTANTIBUS.

242 213 297 251 fis.
323 211 717 248 Archi-Diaconorumin
732 209 939 244 parochiales
962 206 1132 249 Presbyte-

240 275 292 300 ros
304 264 337 298 δε
350 263 499 298 Clericos
510 261 658 307 angarias
671 271 766 304 atque
778 260 976 293 indistiones
986 269 1027 290 ex
1044 257 1133 300 vige-

238 316 320 348 fimo
346 314 446 348 tertiae
471 312 646 346 Toletanae
673 310 802 354 Synodi
830 309 970 342 Canone
996 305 1131 338 damnat

238 365 318 398 irem
331 366 364 397 in
378 363 495 398 litteris
505 363 544 397 ad
558 361 740 397 Lifiardum
755 356 1011 392 Sueffionensem
1040 355 1131 398 Epis-

237 426 362 459 copum
373 415 506 448 Sanctus
521 413 580 446 lvo
596 409 802 448 Carnutensis
815 431 823 438 .
853 406 929 452 Ubi
952 416 1062 439 tamen
1079 403 1130 437 ad-

238 470 341 499 vertas
354 462 638 498 Canonemisturn
660 469 729 494 non
754 458 790 490 in
816 454 1131 493 Archi-Diaconos,

236 514 339 550 sedin
353 514 535 557 Episcopos
561 510 670 553 loqui.
704 505 803 541 Adeo
826 504 888 539 hac
911 507 946 540 in
968 517 1003 540 re
1024 506 1143 547 excefi

236 566 273 599 fit
295 564 517 599 Theobaldus
541 557 834 594 Archi-Diaconus
861 555 1068 596 Parifiensis,
1092 565 1130 590 ut

235 615 305 657 ejus
331 614 480 656 Nepotes
505 607 749 647 venerabilem,
772 608 790 642 ὲ
816 619 883 651 quo
907 606 1073 641 fistebatur
1095 606 1129 639 δε

236 664 426 707 culpabatur
437 660 496 693 ista
520 657 710 702 improbitas
725 682 735 697 ‚
761 655 939 692 ‘rhomam
960 655 1126 690 Canonici

236 716 278 749 ad
297 710 633 749 Sanstum,Vistorem
657 707 854 745 Monasterii
878 707 1052 746 Priorem,
1079 706 1127 739 in·
1152 731 1154 734 v

237 776 285 798 tra
295 764 396 796 sacras
407 784 420 800 ‚,
444 758 487 794 ad
507 771 587 803 quas
613 760 831 803 confugerat,
852 755 1011 800 Stephani
1036 755 1125 789 Pari-

235 812 341 847 fienfis
354 810 508 854 Episcopi
518 821 633 843 manus
657 807 757 852 impie
773 809 808 844 ὃ(
831 807 962 842 barbare
988 806 1131 840 trucida--

234 863 298 896 rint
311 886 318 893 .
358 857 498 894 Facinus
519 869 699 903 exponunt
719 857 841 894 Petrus.
865 855 1071 891 Venerabilis
1091 856 1126 890 δε

232 912 370 949 δαηᾶυε,
379 910 565 944 Bernardus
579 934 586 941 .
616 910 660 943 Et
674 908 754 943 hinc
767 909 801 942 in
813 907 952 951 Synodo
964 909 1019 941 sua
1030 907 1130 941 Late-v

232 960 357 996 ranenfi
370 961 481 995 statuit
491 959 684 994 Alexander
694 959 810 993 tertius
823 971 829 990 z
847 957 1054 991 Archidiaconi
1063 956 1125 999 five
1151 979 1153 983 ι

233 1015 347 1047 Decani
356 1012 455 1044 nullas
466 1010 637 1045 exactiones
641 1008 707 1050 five
718 1009 821 1042 tallias
832 1014 864 1041 in
876 1008 1061 1047 Presbytero:
1072 1006 1125 1051 seu

233 1064 359 1096 clericos
371 1072 504 1096 exercere
516 1059 723 1103 pra-sumant.
750 1060 863 1106 Qem
876 1059 1049 1094 Canonem
1063 1058 1125 1093 suis
1151 1079 1154 1082 ⁴

233 1110 466 1148 Decretalibus
476 1112 597 1146 merito
610 1110 743 1143 inseruit
755 1109 934 1153 Gregorius
949 1119 1055 1142 nonus
1066 1132 1079 1140 ..

235 1212 269 1245 ὃς
283 1223 416 1257 purgare
428 1211 647 1246 conabantur.
677 1209 983 1252 Cher-Episcopus,
1008 1206 1123 1242 Archi·

234 1261 457 1304 Presbyter&
471 1260 762 1296 Archi-Diaconus
785 1259 859 1293 sunt
882 1258 1038 1302 Episcopi
1058 1270 1121 1292 ma-

231 1313 342 1347 nus&
361 1312 473 1352 oculi,
498 1312 534 1345 in
562 1311 636 1344 suos
663 1309 823 1344 distristus
851 1307 972 1342 habent
997 1307 1126 1351 jurisdi-

232 1363 380 1396 &ionem
399 1361 598 1395 ordinariam
615 1384 625 1399 ‚
652 1358 935 1403 ipsisque-multam
948 1370 1059 1393 curam
1071 1358 1124 1392 de-

231 1411 313 1447 bent
337 1438 344 1445 .
374 1412 468 1446 Hinc
488 1422 530 1445 ex
555 1410 697 1453 cujusvis
721 1409 779 1442 fibi
806 1408 949 1449 subjestae
976 1408 1122 1442 Ecclefiae

231 1461 450 1505 proventibus.
459 1460 617 1495 volebant
630 1459 816 1502 portionem
841 1457 985 1501 aliquam
997 1482 1008 1498 ,
1035 1458 1121 1502 quafi

230 1511 395 1546 decimam
407 1509 557 1544 decimae.
585 1508 676 1543 Nam
696 1507 731 1541 δε
755 1507 942 1551 Episcopali
964 1519 1047 1543 curae
1067 1507 1121 1542 ali-

231 1560 323 1605 quod
339 1572 382 1595 ex
393 1560 458 1594 illis
467 1559 618 1594 solatium
637 1583 646 1597 ‚
676 1560 726 1591 seu
740 1568 861 1600 partem
875 1557 953 1591 sacri
965 1557 1120 1592 Canones

229 1610 417 1655 affignant„
439 1609 544 1654 Justus
556 1618 625 1643 erat
636 1608 774 1648 titulus,
802 1607 980 1642 maculatus
1006 1618 1119 1643 tamen

230 1659 413 1701 exceffibus
423 1686 433 1701 ‚
458 1659 630 1694 adversum
641 1669 722 1702 quos
735 1657 845 1691 statuit
860 1657 1039 1692 secundum
1054 1657 1119 1692 Lu·

230 1709 620 1754 dovicipiilmperatoris
643 1709 682 1742 ad
709 1708 888 1751 Episcopos
909 1707 1119 1750 capitulare:

232 1765 286 1794 Ne
298 1765 328 1793 E
330 1758 435 1802 cclefiaef
447 1767 479 1794 in
490 1759 698 1799 restauratione
710 1768 762 1792 aut
778 1764 811 1791 in
823 1758 1020 1791 luminaribus
1022 1760 1121 1799 juxta

227 1811 446 1853 pofflbilitatem
466 1822 573 1843 rerum*
592 1810 783 1853 negligantur
800 1832 812 1848 ,
838 1806 935 1848 vestra
959 1810 1122 1852 invigilare

234 1861 318 1893 debet
326 1859 465 1903 solertia.
494 1864 539 1893 Et
542 1859 616 1902 ficut
624 1859 698 1893 alios
706 1858 872 1900 prohibetis
884 1883 894 1898 ‚
921 1869 956 1891 ne
978 1859 1015 1892 de
1038 1871 1120 1892 man·

226 1910 268 1952 fis
280 1911 324 1942 ad
334 1910 474 1951 Ecclefiae
482 1912 647 1943 luminarIa
659 1910 743 1942 datis
753 1910 872 1952 aliquid
889 1915 1039 1950 accipiant
1051 1935 1061 1950 ‚
1082 1908 1122 1950 fic

232 1961 267 1994 ὅ
280 1959 480 1993 vos&veffrt
500 1959 709 1994 Archtdiacom
718 1984 735 2000 ,Α
758 1962 797 1993 de
822 1958 930 2001 eisdem
950 1959 1058 2001 mansis
1078 1964 1122 1992 ni-

233 2009 280 2043 hil
298 2011 465 2051 accipiendo
486 2034 496 2050 ,
522 2011 593 2043 aliis
614 2010 783 2051 exemplum
799 2009 983 2052 praebeatis.
1013 2010 1122 2054 Regia

230 2059 493 2095 amortizationis
506 2059 635 2094 lexerat
647 2070 726 2093 tunc
745 2060 861 2104 ignota
873 2085 886 2092 ..
910 2060 1122 2093 Attamenne
1148 2104 1150 2106 v

231 2110 298 2153 jura
308 2112 362 2144 sua
375 2110 521 2153 perderet
534 2110 707 2145 Dominus*
725 2109 801 2143 Rex
813 2133 823 2149 ,
849 2119 905 2143 aut
924 2109 1037 2143 inillis
1060 2110 1122 2143 sol-

232 2172 271 2193 ve
280 2159 352 2194 ndis
371 2161 515 2194 nimium
535 2170 723 2205 gravaretur
743 2159 906 2203 populus,
932 2169 1082 2202 exempta
1103 2159 1120 2192 a

233 2209 537 2253 public-isoneribus
548 2212 659 2244 mansa
672 2210 714 2243 ad
724 2219 849 2244 certum
872 2209 1044 2243 dumtaxat
1065 2221 1120 2243 nu·

234 2269 360 2292 merum
381 2259 520 2294 habebat
539 2262 661 2304 quaevis
674 2259 875 2293 Parochialis
897 2259 1038 2293 Ecclesia
1051 2283 1062 2299 ,
1087 2260 1120 2293 δε

234 2309 308 2351 ipfis
329 2308 507 2352 quidquam
530 2310 627 2353 pendi
655 2308 953 2349 Archi-maeonis,
982 2309 1120 2353 ipsisque

231 2359 332 2391 eriam
346 2357 516 2402 Episcopis
541 2359 592 2401 pie
617 2360 719 2392 vetuit
747 2359 818 2401 pius
831 2358 1020 2393 Ludovicus
1034 2384 1049 2391 ..
1071 2359 1119 2394 Ea

233 2408 416 2443 enimultra
438 2407 612 2443 honestam>
633 2408 781 2442 Ecclefiae
802 2409 836 2442 ὅ(
859 2407 950 2444 Cleri
970 2408 1122 2444 sustenta·

233 2459 367 2493 tionem·
388 2455 475 2492 nihil
492 2468 548 2493 aut
570 2457 943 2502 parumsuppeditabant
957 2483 965 2491 .
992 2459 1047 2493 De
1066 2459 1123 2493 ali·

236 2508 263 2542 is
282 2508 398 2543 mansis
415 2509 449 2541 δε
480 2507 828 2552 proventibusaliquid
852 2508 957 2553 accipi
977 2509 1126 2544 omnino

237 2568 415 2602 permittit.

230 2607 429 2698 *isthinc*
447 2609 492 2645 de·
501 2609 687 2651 portionibus
707 2608 901 2651 Ecclefiarum
922 2608 964 2643 ad
989 2608 1121 2652 Episco-
1144 2611 1148 2632 :-

287 2659 585 2701 mpertinentibus,
612 2671 692 2704 quas
714 2659 762 2693 sui
776 2657 1042 2694 Archi-Diaconi
1065 2670 1121 2694 an·

246 2706 397 2748 te&p0st
418 2710 484 2753 ejus
506 2710 705 2745 electionem·
721 2709 777 2743 fibi
801 2710 1011 2753 usurparant,
1041 2721 1121 2744 num

244 2750 584 2807 haberet-Canonium
596 2761 809 2800 sententiam,
838 2771 900 2802 qua
922 2760 980 2794 ista
1004 2759 1122 2803 rapaci-

245 2813 295 2835 tas
325 2800 547 2851 cohiberetur,
572 2811 589 2845 a
603 2812 721 2845 Sandio
742 2811 845 2845 Ivone
867 2809 1040 2853 postulavit
1058 2821 1123 2844 me·

244 2863 391 2887 moratus
403 2853 565 2894 Lifiardus.
578 2861 757 2904 Episcopus
777 2859 1007 2894 Sueffionensis
1021 2885 1034 2892 .,
1067 2860 1122 2895 De

244 2903 368 2944 cunstis
381 2903 624 2944 parochialium
644 2911 862 2945 Ecclefiarum
881 2922 992 2953 praeter
1014 2921 1122 2944 exem·

244 2962 297 2995 pta
308 2954 417 2988 mansa
433 2956 638 2997 proventibus
648 2962 732 2994 suam
747 2961 938 3005 portionem
957 2958 1121 2994 habebant
1145 3002 1147 3008 ,

245 3005 277 3036 ὅ(
292 3003 470 3047 Episcopus
489 3005 521 3038 &
544 3004 851 3050 Archi-Diaconus,
872 3020 988 3044 verum
1006 3009 1121 3044 Archi·

245 3053 389 3088 Diaconi
406 3055 643 3089 Sueffionenses
656 3079 667 3095 ,
692 3060 746 3092 sua
757 3072 825 3094 non
836 3061 984 3095 contenti
994 3083 1004 3099 ‚
1024 3061 1123 3094 etiam

245 3102 400 3147 Episcopi
413 3105 599 3147 portionem
613 3115 653 3138 ex
668 3107 775 3141 nescio
786 3120 853 3151 quo
866 3111 966 3144 titulo
979 3121 1034 3144 aut
1047 3110 1123 3144 fuco

246 3153 427 3187 invaserant
439 3154 472 3188 &
483 3154 673 3189 detinebant
688 3180 700 3189 s
724 3155 818 3190 Hinc
827 3161 973 3201 reposuit
991 3160 1124 3194 Sanstus

247 3203 309 3236 lvo
329 3214 336 3233 ε
364 3206 458 3236 Nova
464 3203 535 3246 sunt
546 3203 610 3237 baec
616 3216 728 3248 genera
737 3206 900 3239 morborum
914 3234 925 3249 ‚
951 3210 1058 3243 &ideo
1078 3221 1125 3242 no-

247 3265 293 3285 va
305 3257 430 3296 exigunt
435 3265 546 3295 genera
556 3255 831 3289 medicamentorum
843 3282 850 3289 .
877 3259 986 3290 Tamen
1000 3257 1031 3299 fi
1038 3257 1124 3301 inspi-

247 3307 360 3336 ciamus
385 3302 549 3344 Epistolam
567 3303 664 3346 Jfidori
686 3308 831 3338 Leutredo
850 3305 992 3349 Episcopo
1017 3311 1128 3342 Cordu-

247 3352 499 3395 benfidiredlam,
526 3362 669 3396 patenter
679 3357 801 3399 intelligi
819 3363 952 3397 poterit,
977 3362 1051 3399 quiet
1071 3370 1131 3392 non

245 3409 380 3445 pertinet
393 3405 438 3438 ad
449 3403 714 3442 Archi-Diaconum
729 3414 842 3450 praeter
858 3413 1024 3450 portionem
1039 3405 1130 3452 suam

1147 1810 1151 1828 ἵ
1171 1812 1302 1849 Ιειιηιὶιὶι
1312 1832 1325 1848 ,
1351 1808 1438 1841 nolite
1442 1819 1556 1851 graves
1569 1807 1620 1850 effe
1631 1808 1812 1846 Presbyteri:
1823 1832 1834 1849 ,
1857 1816 1994 1851 petentes
1997 1804 2075 1850 sti]z

1150 1867 1151 1870 ¹
1181 1859 1304 1902 langas,
1328 1859 1380 1891 vel
1394 1857 1512 1902 pisces,
1537 1860 1590 1892 vel
1608 1858 1783 1902 formaticos
1796 1882 1806 1898 ,
1823 1868 1874 1892 aut
1899 1868 2073 1898 annonam,

1932 136 1994 179 95

1195 206 1315 247 aliquid
1321 206 1358 238 de
1368 205 1512 238 reditibus
1526 204 1796 246 Parocbiarumfibi
1806 209 1935 238 retinere
1945 229 1956 244 ,
1968 206 2020 238 vel
2028 209 2074 239 ul-

1195 264 1244 287 tra
1256 261 1397 288 terminos
1407 257 1427 288 a
1438 256 1579 289 Patribus
1585 254 1691 297 pofitos
1701 257 1819 297 aliquid
1827 253 1969 298 usurpare
1978 281 1985 288 .
2012 256 2074 289 Di-

1197 305 1276 339 serte
1301 306 1407 340 asserit
1434 304 1716 340 Archi-Diaconis
1740 305 1848 339 deberi
1885 306 2073 349 portionem

1195 355 1284 388 suam
1296 377 1306 394 ‚
1332 355 1434 398 idque
1445 367 1488 390 ex
1510 357 1629 390 statuto
1650 356 1785 389 Parrum
1797 380 1803 386 .
1831 355 1873 388 Et
1893 356 1971 390 hinc
1992 354 2075 390 indi·

1193 404 1316 437 stiones
1326 404 1360 438 ὅ(
1371 406 1466 438 talliae
1477 431 1486 446 ‚
1506 418 1586 450 quas
1599 404 1788 440 Alexander
1810 406 1923 438 tertius
1943 418 1982 441 ac
2002 406 2074 440 alia:

1191 453 1387 489 damnarunt
1399 455 1524 498 Synodi
1537 481 1548 497 ,
1559 458 1634 491 sunt
1645 456 1718 491 soiae
1730 455 1810 497 illae,
1817 466 1888 499 quae
1898 457 1978 490 fiant
1989 457 2074 491 ultra

1184 504 1285 538 'istam
1299 504 1485 548 portionem
1496 529 1505 535 .

1242 554 1339 588 Alter
1365 554 1719 591 Archi-Diaconalium
1745 556 1955 592 exastionum
1980 557 2073 590 fucus

1191 605 1252 638 fuit
1264 604 1478 638 Ecclesrarum
1491 605 1630 639 visitatio
1642 630 1653 646 ,
1680 607 1831 641 adversus
1842 616 1940 649 quern
1961 606 2073 640 statuit

1191 655 1224 688 in
1239 655 1359 697 quinto
1372 654 1609 698 Capitularium
1625 655 1710 690 libro
1724 655 1926 691 Hincmarus
1947 656 2073 691 Metro-

1191 705 1293 747 polita
1313 705 1500 739 Remenfis.:
1528 709 1566 738 Ut
1579 717 1637 738 non
1647 705 1782 747 occasione
1793 707 1891 739 vietus
1904 705 2067 740 Parochias

1191 759 1376 788 circumeatis
1389 779 1399 795 ,
1425 765 1572 798 quatenus
1586 757 1624 791 de
1635 755 1923 796 aliorumstipendiis
1933 763 2074 790 viventes

1192 803 1292 845 vestra
1310 805 1463 847 stipendia
1488 805 1667 849 conservetis
1690 832 1697 838 .
1736 804 1886 840 Subditas
1915 806 2074 841 Ecclefias

2092 741 2163 779 Cap.
2188 752 2216 770 z.

1189 855 1352 896 vifitanti,
1379 856 1427 889 uti
1450 856 1616 900 Episcopo
1638 881 1649 898 ,
1675 855 1722 891 ita
1742 856 1776 890 &
1800 854 2080 890 Archi-Diacono-

1187 904 1348 939 debentur
1358 907 1603 949 procurationes
1612 932 1629 948 „
1651 908 1705 941 seu
1717 905 1891 940 honestum
1914 905 2072 941 viaticum

1179 967 1225 990 ac
1242 955 1458 991 alimentum.
1481 957 1574 991 Hinc
1587 956 1719 999 quidam
1731 983 1742 998 ,
1771 968 1812 991 ne
1823 955 1914 990 domi
1924 957 2073 990 comede-

1181 1007 1305 1041 rent&
1318 1007 1562 1050 expenderent,
1589 1007 1677 1042 lente
1700 1020 1739 1047 ac
1759 1006 1888 1042 morose
1908 1007 2071 1041 visitatum

1186 1055 1319 1091 abibant
1341 1081 1352 1097 ,
1378 1057 1516 1101 istasque
1542 1068 1624 1092 artes
1650 1058 1853 1092 Hincmarus
1889 1055 2000 1091 abolet
2038 1056 2071 1090 δε

1185 1106 1334 1141 damnat.
1363 1107 1407 1142 Et
1433 1108 1511 1152 quia
1527 1108 1627 1142 etiam
1649 1108 1892 1143 necessariarum
1915 1107 2075 1142 vifitatio-

1188 1168 1269 1191 num
1279 1158 1525 1200 procurationes
1551 1159 1734 1200 frequenter
1756 1157 1943 1192 habuerunt
1964 1157 2071 1191 varios

1188 1208 1330 1241 excessus
1343 1232 1353 1247 ‚
1364 1208 1445 1252 ipsas
1455 1209 1517 1243 effe
1528 1208 1725 1248 moderatas,
1737 1209 1849 1243 &non
1866 1207 1994 1251 gravari
2007 1205 2071 1240 Pa-

1187 1256 1305 1291 rochos
1315 1258 1421 1292 sanxit
1432 1259 1467 1292 in
1481 1260 1534 1293 sua
1548 1259 1754 1293 Lateranenfi
1773 1255 1912 1301 synodo
1925 1257 2071 1291 Alexan-

1186 1306 1241 1340 der
1252 1307 1384 1341 tertius.
1414 1308 1526 1353 Pergit
1538 1309 1714 1343 Hincmari
1731 1307 1920 1351 Capitulare
1941 1307 1982 1340 ad
2008 1306 2072 1339 Ar-

1149 1358 1151 1360 ’
1185 1355 1442 1393 chi-Diaconos:
1458 1362 1497 1391 Ut
1507 1361 1527 1391 ἃ
1538 1359 1721 1398 Presbyterts
1731 1364 1827 1392 xenia·
1836 1369 1893 1390 non
1904 1361 2071 1399 accipiatis,

1184 1417 1330 1448 quatenus
1356 1409 1478 1441 illorum·
1497 1410 1580 1441 mala
1599 1408 1694 1450 fama
1719 1413 1902 1450 cooperiatur
1920 1431 1935 1439 .,
1965 1403 2071 1453 Qiod

1184 1456 1290 1501 ipsum
1302 1458 1340 1491 in
1349 1457 1532 1491 Canonicis
1542 1458 1583 1490 ad
1596 1457 1860 1499 Hedenulphum
1872 1456 2071 1490 Laudunen-

1186 1508 1251 1540 sem
1265 1506 1464 1549 Episcopum
1476 1505 1595 1540 litteriS
1607 1507 1756 1550 expreffit
1769 1530 1784 1539 .,
1805 1505 1880 1540 Nec
1892 1505 2000 1539 solum
2013 1504 2073 1538 cri·

1184 1556 1310 1589 minum
1326 1566 1436 1599 poenas
1450 1579 1461 1595 ,
1473 1554 1526 1589 sed
1538 1556 1571 1590 ὅ(
1584 1556 1686 1599 ipsam
1699 1555 1919 1590 visitationem
1932 1567 2010 1599 pecu
2017 1555 2071 1588 nia

1183 1605 1299 1640 redimi
1312 1607 1330 1639 a
1339 1606 1518 1641 criminosis
1538 1606 1678 1641 Clericis
1690 1606 1921 1650 permittebant
1934 1604 2071 1649 quidam

1183 1654 1446 1690 Archi-Diaconi
1457 1682 1468 1698 ‚
1496 1667 1576 1700 quas
1587 1656 1696 1692 sordes
1709 1657 1747 1690 in,
1756 1657 1811 1691 sua
1823 1654 1955 1691 laudata
1966 1655 2074 1699 Syno-

1183 1706 1228 1739 do
1240 1706 1376 1741 damnat
1388 1707 1488 1741 etiam
1500 1706 1657 1742 laudatus.
1673 1707 1835 1747 Pontifex
1857 1705 2049 1740 Alexander
2059 1729 2070 1739 .

1183 1755 1295 1800 Pergit
1308 1758 1439 1791 rursum*
1450 1756 1670 1792 Hincmarus:
1692 1759 1828 1802 ‚Quando
1843 1756 2007 1791 Parocbias
2016 1760 2073 1789 cir-

2093 1803 2165 1842 Cap·
2194 1813 2221 1839 4,-

1182 1917 1235 1941 aut
1246 1909 1327 1940 alias
1338 1908 1486 1950 quaslibet
1504 1920 1553 1946 res,
1569 1934 1580 1950 ,
1604 1918 1638 1943 ut
1651 1908 1788 1944 habeatis
1800 1934 1811 1950 ,
1837 1909 1958 1952 quando
1971 1909 2017 1942 ad
2035 1913 2075 1942 ci·

1183 1963 1311 1991 vitatem
1326 1958 1438 2000 reverfi
1452 1959 1578 2000 fueritis
1591 1984 1602 1999 ‚
1629 1961 1707 1993 unde
1729 1957 1813 2003 quafi
1823 1959 1978 2001 fratribus
2001 1957 2073 1999 refe-

1183 2009 1306 2042 c‘lionem
1311 2008 1442 2050 faciatis
1453 2033 1464 2049 ,
1489 2018 1521 2042 ut
1526 2008 1626 2052 salvis
1634 2009 1795 2053 stipendiis
1806 2009 1910 2051 vestris
1931 2008 2073 2043 habeatis·

1181 2059 1258 2092 unde
1268 2070 1323 2092 vos
1337 2060 1371 2093 ά·
1383 2058 1492 2097 vestros
1502 2061 1675 2093 conducatis
1691 2085 1698 2092 .
1727 2060 1757 2094 E
1770 2060 1958 2095 visitatione
1970 2058 2072 2092 redux

1183 2106 1471 2144 Archi-Diaconus
1487 2109 1613 2144 solebat
1623 2109 1758 2155 Agapes
1771 2112 1876 2143 facere
1885 2134 1897 2149 ,
1925 2109 1980 2142 seu
1992 2108 2073 2142 ami-

1173 2155 1259 2192 'cum
1278 2159 1363 2192 inter
1389 2159 1539 2193 Ecclesiae
1564 2161 1626 2193 suae
1655 2161 1836 2193 confratres
1856 2158 2070 2193 convivium:

1181 2202 1274 2241 Hinc
1287 2208 1406 2251 partim
1417 2208 1457 2242 ad
1468 2208 1548 2242 illud
1560 2232 1571 2248 ,
1598 2209 1717 2252 partim
1729 2209 1770 2243 ad
1782 2209 1876 2243 suum
1888 2220 1926 2243 ac
1937 2209 2070 2242 suorum

1181 2257 1216 2291 in
1233 2258 1325 2292 via&
1337 2258 1442 2292 reditu
1457 2259 1584 2301 pastum
1597 2257 1779 2303 exigebata
1801 2257 1961 2293 Parochis
1981 2258 2068 2292 estu-

1181 2309 1270 2342 lenta
1297 2308 1383 2342 varia
1404 2333 1416 2348 ,
1442 2309 1681 2353 pessimumque
1703 2308 1839 2344 abusum
1865 2308 2069 2343 Hincmarus

1182 2357 1422 2393 circumscribit
1432 2382 1445 2390 ..

1234 2408 1321 2441 Tres
1332 2408 1462 2452 insuper
1483 2408 1567 2443 alios
1593 2407 1724 2444 istarum
1747 2410 1956 2445 exastionum
1977 2409 2074 2444 fucos

1185 2457 1318 2492 adducit
1330 2457 1418 2492 idern
1430 2459 1652 2493 Hincmarus:
1680 2462 1784 2494 Nolite
1795 2459 1879 2503 quasi
1889 2468 1949 2502 pro
1973 2461 2073 2502 aliquo

1185 2509 1336 2549 adjutorio
1348 2510 1394 2541 ad
1400 2519 1610 2552 quamcumque
1619 2521 1682 2543 rem
1691 2511 1831 2544 denarios
1841 2511 1927 2552 apud
1952 2508 2073 2552 Presby-

1141 2590 1143 2592 ,
1187 2568 1266 2592 teror
1272 2558 1426 2600 postuletis
1438 2583 1449 2598 ‚
1475 2571 1564 2601 neque
1572 2561 1694 2602 quando
1705 2561 1750 2594 ad
1770 2562 1939 2601 synodum,
1957 2561 2009 2593 vel
2016 2568 2071 2602 pro

1184 2607 1364 2651 inquisitione
1375 2608 1587 2653 Ministeriifiti
1598 2616 1764 2651 venerint,
1775 2611 1904 2655 eulogias
1916 2616 2048 2654 exigatis
2060 2633 2071 2649 ,

1179 2657 1236 2702 sed
1252 2657 1281 2700 fi
1292 2658 1379 2700 fort?
1401 2662 1579 2693 commodum
1594 2660 1698 2702 fuerit
1710 2669 1769 2703 pro
1783 2659 1843 2704 sua
1864 2662 2018 2694 voluntate
2037 2660 2071 2692 Ca·

1185 2710 1390 2742 commoditate
1414 2712 1537 2752 aliquid
1567 2714 1670 2754 gratis
1695 2711 1798 2752 offerre
1821 2736 1833 2752 ,
1867 2722 1933 2745 cum
1953 2714 2072 2753 gratia-

1185 2770 1253 2792 rum
1278 2758 1391 2794 ac‘lione
1416 2765 1540 2802 accipite
1560 2785 1566 2792 .
1595 2759 1833 2796 parochianam
1861 2761 1916 2795 seu
1943 2760 2074 2793 Dioece-

1186 2811 1296 2843 sanam
1325 2809 1500 2851 Synodum
1525 2810 1685 2855 dirigere,
1726 2810 1844 2846 dubios
1869 2807 2072 2851 Parochialis
2089 2810 2161 2849 Cap·
2187 2821 2214 2847 5·

1184 2859 1364 2893 Ministerii
1388 2861 1478 2894 casus
1500 2872 1686 2904 exponere,
1711 2862 1816 2906 &pro
1828 2859 2072 2895 communiEc-

1185 2909 1287 2944 clefiae
1314 2909 1405 2944 bono
1433 2912 1631 2955 quandoque
1667 2923 1766 2946 onera
1792 2912 1897 2946 subire
1915 2909 2010 2944 debet
2029 2921 2071 2944 ex

1185 2960 1298 2994 officio
1323 2959 1637 2996 Archi-Diaconus
1661 2974 1668 2994 :
1706 2963 1740 2996 8<
1771 2974 1827 3005 pro
1853 2960 1983 2994 cunffis‘
2002 2959 2071 2995 istis

1186 3009 1322 3053 aliquod
1344 3010 1495 3045 solatium
1520 3036 1537 3052 ,.
1558 3011 1757 3054 stipendium
1781 3035 1791 3049 ,
1817 3006 1851 3044 δ’(
1871 3010 2071 3053 adjutorium

1187 3059 1364 3104 exigebant
1374 3061 1392 3094 a
1404 3060 1562 3095 Parochis
1574 3086 1581 3093 .
1610 3061 1753 3094 Rursum
1765 3060 1984 3095 Hincmarus:
2007 3066 2071 3093 No-

1186 3110 1242 3142 lite
1260 3108 1343 3150 quafi
1356 3118 1414 3150 per
1433 3116 1631 3151 precationem
1651 3107 1779 3143 caballos
1800 3109 1910 3150 vestros
1936 3110 1989 3144 vel
1995 3116 2071 3143 ami·

1189 3157 1457 3197 corumvestrorum
1479 3160 1524 3191 ad
1536 3158 1654 3200 pastum
1678 3158 1860 3198 Presbyteri:
1886 3162 2070 3194 commenda-

1191 3221 1228 3243 re
1247 3234 1258 3250 ‚
1285 3218 1376 3249 neque
1401 3219 1550 3241 annonam
1574 3210 1626 3243 vel
1639 3208 1764 3251 fodrum
1789 3210 1829 3243 ab
1852 3216 1894 3244 eis
1920 3217 2068 3255 exigatis.

1191 3258 1335 3292 Fodrum
1349 3257 1395 3291 est
1417 3268 1481 3292 vox
1502 3258 1741 3301 Lombardica,
1763 3260 1946 3306 significans
1968 3259 2070 3305 publi-

1192 3319 1263 3342 cam
1277 3307 1499 3342 exactionem..
1523 3308 1627 3342 Porro
1643 3309 1836 3345 nenitnium
1851 3311 1950 3345 durus
1963 3312 1997 3344 in
2009 3310 2071 3342 Ar-

1193 3357 1434 3391 chi-Diaconos
1445 3357 1605 3392 videretur
1614 3359 1813 3394 Hincmarus
1826 3385 1836 3401 ,
1861 3358 2073 3394 laudatissuis

1196 3406 1356 3453 Capitulis
1367 3407 1536 3445 admiscuit
1549 3409 1675 3452 aliquid
1693 3410 1811 3448 dulce:
1837 3412 1903 3446 Ideo
1923 3408 2010 3501 }⁰bi,i
2031 3409 2075 3443 de
2086 3430 2158 3468 ρῳ.
2191 3434 2218 3461 6·

1945 3468 1994 3493 acu
2009 3476 2019 3483 -
