2352 3736
64 775 96 804 1--
111 781 136 809 ς·
155 782 183 809 c·
198 782 224 810 5.

59 1948 130 1986 Cap.
149 1952 179 1983 6,

516 171 606 202 DE
676 155 716 199 S.
788 153 1121 200 Leonrs

244 246 325 280 eius:
354 242 511 285 Postquam
522 245 691 275 Graecorum
713 238 845 280 Ecclefiae
871 249 935 272 cum
954 234 1130 280 quibusdam

242 290 648 335 complicibusacautboribus
656 288 719 334 suis
731 290 770 324 ab
797 289 964 327 obedientia
984 287 1068 320 sedis
1094 290 1130 317 A·

237 344 381 388 postolicae
397 341 431 386 se
458 342 610 384 subtraxit
624 366 636 381 ,
660 338 774 378 Graeci
792 346 940 380 coeperunt
961 337 1130 380 abominare

244 398 371 429 Latinos
384 417 391 425 .
419 396 600 434 Baptizatos
611 393 631 424 ἆ
645 394 770 430 Latinis
793 388 979 429 rebaptizare
998 385 1070 429 ausu
1090 393 1129 419 τε·

242 450 370 478 merario
379 441 600 490 praesumebant
618 467 627 481 ,
655 438 794 476 &adbuc
806 463 816 478 ,
846 437 921 479 ficut
939 443 1127 482 accepimus,

242 497 364 537 quidam
374 505 459 536 agere
470 492 523 527 boc
532 504 590 526 non
601 499 748 527 verentur
758 513 765 525 .
798 487 924 525 Lucide
935 489 1003 531 agit
1013 487 1055 521 de
1068 497 1126 524 no-

243 545 370 578 viffimo
385 542 560 581 Michaelis
573 539 731 575 Cerularii
752 537 924 576 schismate
935 562 942 570 .
955 538 1028 575 Nec
1037 536 1126 575 enim

242 594 385 632 Photius
398 618 408 633 ,
435 604 491 632 aut
502 594 575 635 quis
586 589 770 629 Photianus
783 587 817 621 id
829 589 974 632 unquam
996 586 1055 623 vel..
1075 596 1125 620 co·

241 645 378 688 gitavit.
407 643 519 685 Etipfi
532 641 631 675 etiam
643 638 858 678 Michaelistae
881 635 921 678 de
944 634 1061 676 infami.
1085 636 1129 668 fa-

242 695 354 729 cinore
365 692 497 730 tandem
510 690 707 727 erubuerunt
718 709 726 718 ·
739 689 832 723 Hinc
843 687 934 722 addit
947 686 1104 723 Pontifex
1117 697 1124 718 :

242 748 289 782 Et
309 743 407 776 adbuc
426 743 550 782 quidam
578 751 665 785 agere
688 751 746 773 non
759 748 899 775 verentur
911 763 919 770 .
947 735 1077 778 Nempe
1089 736 1123 768 in

242 793 334 827 libris
343 791 512 829 adversum
528 790 718 828 Donatistas
740 791 774 823 &
795 789 930 825 cunctos
950 785 1125 828 rebaptiza-

242 854 329 877 tores
339 843 420 876 recu}
433 841 542 875 scribit
556 841 691 874 Sanctus
711 837 934 881 Augustinus:
964 840 1029 872 Huc
1050 846 1126 873 acce·

242 895 290 929 dit
303 918 314 933 ,
342 891 456 935 quiafic
467 891 595 925 homines
606 890 716 926 occulta
740 886 832 930 nescio
857 898 916 929 qua
933 883 1126 928 inspiratione

243 945 299 979 Dei
308 942 485 982 detestantur
498 964 509 980 ‚
529 938 559 980 fi
569 944 641 981 >quis
665 938 770 976 iterum
790 935 982 979 Baptismum
1000 941 1126 977 accipiat

242 1003 329 1033 quem
345 991 517 1031 ubicumque
525 997 677 1031 acceperat
689 1012 700 1027 ‚
725 998 759 1022 ut
772 989 866 1021 eidem
887 985 948 1034 ipfi
962 990 1102 1024 Haeretici
1114 1010 1126 1026 ‚

242 1042 311 1074 dum
323 1042 393 1074 inde
405 1039 562 1083 disputant
578 1065 587 1080 ‚
609 1038 744 1080 frontem
757 1037 919 1078 confricent
931 1059 941 1074 ‚
978 1038 1012 1070 (τ
1030 1027 1142 1078 prope?

241 1103 339 1125 omnes
356 1103 455 1125 eorum
479 1094 565 1127 Laici
578 1113 587 1128 ,
613 1094 665 1130 qui
688 1090 772 1129 apud
790 1099 836 1120 eos
856 1092 1123 1126 inveteraverunt,

239 1143 275 1174 (5
285 1139 449 1184 animosam
455 1144 655 1184 pertinaciam
670 1138 822 1176 adversus
836 1136 1021 1175 Catholicam
1031 1147 1123 1174 conce·

238 1199 367 1234 perunt,
395 1191 445 1229 boc
453 1188 616 1234 solumillic
632 1187 687 1228 fibi
705 1185 856 1231 displicere
868 1187 1031 1228 fateantur
1043 1211 1050 1218 .
1079 1189 1124 1219 Et

240 1243 347 1281 multi,
370 1246 423 1284 qui
430 1248 552 1282 propter
562 1236 754 1281 adipiscenda
781 1239 886 1279 aliqua
905 1237 1053 1274 commoda
1069 1234 1123 1279 sae-

240 1293 353 1324 cularia
363 1289 484 1331 transire
493 1291 538 1327 ad
546 1301 593 1322 eos
606 1289 711 1322 volunt
725 1311 735 1327 ‚
762 1289 877 1321 occultis
890 1287 1042 1320 conatibus
1065 1297 1128 1318 am÷

240 1341 326 1377 blant
339 1365 349 1382 ,
374 1350 407 1377 ut
421 1339 472 1373 boc
485 1345 526 1373 eis
537 1337 622 1381 quast
622 1337 765 1379 peculiari
777 1340 811 1371 (¹5
825 1337 971 1377 domestico
994 1335 1127 1378 beneficio

235 1391 392 1434 praestetur
401 1415 410 1430 ‚
438 1402 473 1423 ne
485 1390 707 1431 rebaptizentur
718 1412 725 1420 .
756 1391 801 1424 Et
814 1388 946 1425 nonnulli
954 1392 1070 1421 caeteris
1083 1397 1123 1420 eo-

239 1452 306 1476 rum
317 1446 409 1474 vanis
422 1439 568 1478 erroribus
580 1440 614 1476 &⁵
630 1435 719 1479 falfis
738 1437 993 1473 criminationibus
1013 1438 1125 1469 adver-

240 1492 291 1524 sus
304 1491 488 1528 catholicam
511 1487 669 1530 Ecclesiam
690 1488 839 1526 credentes
854 1513 864 1527 ‚
890 1486 943 1520 hoc
964 1497 1021 1519 uno
1044 1497 1125 1521 revo-

239 1552 338 1574 centur
352 1564 363 1582 ‚
380 1548 412 1576 ut
423 1546 465 1576 eis
474 1539 579 1582 sociari
603 1540 697 1571 nolint
707 1561 718 1579 2
743 1548 780 1574 ne
806 1537 1031 1577 rebaptizentur
1045 1559 1052 1565 .
1080 1535 1123 1568 Et

239 1602 280 1624 ex
291 1588 356 1624 hoc
366 1589 564 1623 ineluctabili
578 1588 688 1620 omnis
700 1584 892 1619 Christianae
905 1584 1024 1618 mentis
1050 1582 1124 1618 hor-

238 1650 308 1673 rore
322 1640 380 1682 ipsi
392 1639 491 1672 etiam
506 1635 755 1671 Donatistarum
768 1634 936 1677 Principes
949 1634 1123 1668 Primiani-

237 1689 291 1722 stae
322 1687 643 1722 maximianistarum
677 1685 883 1728 Baptismum
911 1694 1024 1718 contra
1068 1684 1121 1716 sua

237 1738 394 1782 principia
433 1739 624 1771 censuerunt
655 1745 762 1768 ratum
784 1758 795 1773 ‚
835 1733 870 1767 δε
903 1733 1121 1768 admiserunt.

236 1789 311 1822 Nec
336 1799 483 1831 unquam
504 1788 645 1830 integras
667 1785 702 1818 in
725 1782 881 1823 Paschate
896 1793 1018 1822 turmas
1032 1807 1043 1823 ‚
1070 1781 1122 1819 sed

237 1837 404 1872 hincinde
413 1837 583 1874 dumtaxat
596 1846 702 1872 unum
714 1833 950 1876 rebaptizarunt
975 1843 1031 1868 aut
1044 1832 1125 1869 alte·

236 1899 328 1922 rum:
350 1886 454 1934 Qod
476 1885 594 1929 nempe
615 1886 649 1918 in
670 1895 737 1918 uno
761 1894 813 1927 per
846 1884 970 1918 diversa
982 1883 1053 1917 loca
1065 1893 1121 1917 aut

237 1938 341 1975 altero
359 1936 441 1978 fadi
453 1935 555 1971 horror
566 1947 623 1968 non
634 1940 678 1968 ita
684 1932 845 1977 sentiretur
860 1958 867 1966 .
893 1932 994 1979 Qod
1008 1935 1120 1976 ipsum

236 1987 445 2033 Augustinus
457 1987 572 2030 repetit
586 1986 686 2019 etiam
698 1985 733 2018 in
744 1986 985 2021 commentario
1000 1982 1121 2018 Psalmi

237 2036 634 2082 quinquagefimiquarti.
659 2034 702 2068 Et
727 2033 782 2071 hic
803 2033 919 2068 horror
942 2034 1056 2067 invafit
1077 2043 1125 2067 et--

238 2089 305 2121 iam
326 2088 457 2124 Graecos
479 2110 486 2117 .
523 2086 616 2118 Hinc
640 2084 731 2118 enim
755 2084 872 2119 Marco
905 2083 1119 2126 Ephefiorum

236 2136 515 2183 Archiepiscopo,
545 2134 710 2178 Baptisma
736 2135 885 2170 nostrum
905 2134 968 2169 effe
995 2133 1121 2170 irritum

236 2189 271 2221 &
291 2185 502 2230 repetendum
526 2185 722 2222 blateranti,
749 2182 916 2227 respondit
942 2183 1122 2227 Gregorius

235 2236 522 2280 Protosyncellus:
552 2236 641 2278 ,Quid
662 2234 777 2268 multa?
800 2239 896 2269 Unum
915 2234 949 2267 (5
973 2232 1034 2275 ipse
1067 2237 1123 2267 Vir

234 2292 363 2332 egregius
376 2291 460 2320 novit
471 2285 629 2328 Baptisma
643 2283 767 2323 nostrum
779 2284 813 2318 (ν
837 2287 1016 2318 Latinorum
1025 2308 1035 2324 ‚
1062 2295 1123 2316 non

235 2341 293 2371 duo
304 2361 312 2368 .
339 2338 415 2374 Ciam
425 2342 503 2370 enim
513 2338 652 2368 alumnus
666 2333 798 2376 Eccleſsae
804 2332 842 2375 fit
854 2359 866 2375 ‚
907 2336 1061 2376 nunquam
1073 2339 1120 2366 vi-

235 2389 282 2420 dit
293 2390 420 2423 Latinos
430 2388 537 2420 iterum
549 2386 701 2427 baptizari
714 2386 735 2416 ἃ
746 2384 828 2418 nobis
841 2408 849 2415 .
876 2385 984 2425 Verum
995 2382 1058 2417 baec
1069 2383 1122 2419 ille
1138 2421 1141 2425 ,

232 2437 349 2480 profert
359 2443 463 2472 iratior
476 2461 483 2467 .
510 2435 663 2470 Affirmat
674 2434 826 2468 Marcum
839 2446 881 2468 ex
896 2437 944 2469 ira
966 2434 1057 2476 loqui
1067 2433 1120 2468 ad-
1139 2479 1141 2482 Α

235 2486 344 2521 versus
355 2489 521 2530 proprium
535 2485 691 2529 iudicium
710 2509 720 2524 ,
746 2485 916 2527 nunquam
940 2485 1052 2518 vidisse
1074 2494 1120 2518 re-

237 2536 390 2580 baptizari
412 2537 551 2574 Latinos
564 2561 575 2579 ‚
602 2548 663 2570 nec
686 2537 756 2573 fore
777 2536 892 2572 ausum
913 2544 1121 2581 prorumpere
1139 2561 1141 2563 >

237 2586 273 2623 in
285 2586 370 2621 istud
382 2587 521 2624 facinus.

289 2637 452 2684 Qintam
464 2633 638 2671 Michaelis
651 2636 811 2671 Cerularii
826 2637 863 2670 in
887 2647 948 2671 nos
968 2635 1122 2678 injuriam
1137 2655 1139 2658 -

239 2686 375 2728 exponit
396 2686 432 2720 in,
453 2687 567 2720 litteris
591 2688 632 2720 ad
656 2687 759 2729 ipsum
782 2684 983 2721 Michaelem
1006 2686 1035 2719 S.
1050 2686 1120 2719 Leo

240 2746 367 2769 nonus:
404 2738 546 2769 Roman-e,
571 2736 704 2776 Ecclesia·
728 2748 819 2780 agnos
847 2736 886 2768 ab
904 2748 939 2769 ea
959 2735 1124 2780 separare2

239 2792 330 2821 etiam
351 2783 542 2819 anathemate
560 2785 594 2818 (τ
618 2786 736 2828 flagellis
758 2788 936 2820 contenditis
949 2810 959 2827 ,
985 2795 1019 2818 ut
1042 2791 1120 2819 enim

230 2836 335 2881 fertur
346 2859 367 2874 ‚¹
382 2845 482 2869 omnes
494 2837 670 2868 Latinorum
683 2835 824 2876 Basilicas
833 2845 927 2877 penes
948 2848 1003 2869 vos
1028 2834 1121 2877 clauſs-

232 2885 289 2927 stis
299 2910 309 2925 ,
338 2882 490 2919 Monacbis
501 2882 677 2923 Monasteriet
705 2886 738 2918 (Ὗ
750 2885 916 2919 Abbatibus
930 2886 1035 2926 tulistis
1047 2910 1058 2926 ,
1070 2888 1119 2921 do-

239 2946 289 2968 nec
300 2935 402 2975 vestris
416 2940 555 2969 viverent
566 2931 725 2973 Institutis.
755 2934 797 2967 Et
811 2935 845 2967 in
872 2934 944 2968 latae
964 2935 1115 2971 adversus

238 2984 440 3020 Michaelern
454 2984 812 3020 excommunicationis
821 2983 998 3028 diplomate
1009 2984 1117 3019 Cardi—

237 3034 321 3068 n‘alis
333 3034 537 3071 Humbertus
549 3047 560 3067 .·
588 3033 715 3068 Michacl
726 3033 886 3074 apostolicis
900 3038 1030 3068 Nuntii:
1038 3043 1117 3076 prae-

237 3082 363 3124 sentiam
370 3084 455 3127 suam
467 3086 500 3118 <tr
509 3085 676 3126 colloquium
687 3085 848 3127 denegavit
859 3109 868 3124 ,
881 3086 915 3118 (θ’
926 3082 1068 3125 Ecclesia:
1077 3087 1120 3118 ad

239 3134 341 3175 Missas
353 3137 481 3177 agendas.
496 3135 653 3167 interdixit
665 3159 672 3166 .
699 3135 778 3167 Sicut
789 3135 918 3177 &prius
939 3137 1117 3168 Latinorum

237 3182 380 3224 Ecclesias
403 3183 569 3226 clauserat.
597 3183 641 3217 Et
666 3185 700 3217 in
724 3184 816 3226 supra
839 3183 977 3219 laudatis
1001 3184 1117 3220 litteris

238 3232 416 3275 Imperator
425 3233 606 3268 Balduinus
618 3248 629 3268 .·
656 3237 761 3268 Graeca
779 3244 855 3277 gens
865 3238 898 3266 in
908 3231 1117 3275 odiumsummi
1135 3253 1137 3255 ·

239 3283 393 3325 Pontifici:
417 3282 606 3324 Apostolorum
640 3287 788 3325 Principis
809 3294 911 3316 nomen
933 3285 1038 3318 audire
1061 3291 1115 3319 vioe

235 3340 353 3374 poterat
366 3358 376 3373 ‚
403 3343 454 3367 nec
479 3343 569 3367 unam
580 3334 674 3368 eidem
685 3341 762 3368 inter
774 3343 816 3368 tot
829 3337 949 3366 Graecas
963 3332 1115 3374 Ecclefiam

239 3384 414 3419 concedendo
427 3407 437 3423 ‚
463 3387 514 3426 qui
525 3387 651 3418 omnium
661 3383 853 3424 Ecclefiarum,
862 3382 970 3426 abipso
993 3387 1116 3419 Domino
1134 3420 1136 3425 ,

240 3439 349 3475 accepit
363 3436 568 3477 Principatum
583 3458 591 3467 .
617 3432 724 3477 Hujus
736 3433 914 3470 schismatis
935 3433 1020 3469 mala
1041 3446 1115 3471 enu-

1192 150 1423 200 NON'I
1496 152 1798 198 Acrls.
1899 166 1987 209 341

1190 246 1291 269 metat
1306 236 1338 269 in
1361 235 1478 269 litteris
1498 235 1540 269 ad
1561 234 1771 278 Gregorium·
1785 244 1912 268 nonum
1931 232 2072 268 Pontifi-

1188 296 1257 318 cem
1270 287 1368 324 etiam
1382 285 1773 327 Constantinopolitanus
1796 285 1982 317 Graecorum
2004 282 2068 323 Pa·

1189 335 1325 369 triarcha
1340 336 1525 369 Germanus
1535 359 1545 375 ‚
1557 334 1719 378 habetque
1730 336 1762 368 ὅς
1776 333 1864 367 hunc
1876 333 2063 371 articulum:

1187 387 1292 429 sigilla
1296 389 1406 427 januis
1416 385 1609 427 Ecclefiarum
1626 382 1789 428 impressa*
1819 383 1949 424 Utique
1973 383 2070 427 Sigil-v

1190 437 1433 479 lalmperialia.
1463 437 1598 470 Latinas
1611 435 1760 469 ssafilicas
1782 433 1968 468 Graecorum
1993 433 2070 476 Epi«,

1189 487 1320 529 scopi&
1343 486 1508 529 Principes
1531 487 1724 525 traciarum,
1750 482 1920 527 quomodo
1945 481 2071 519 Christi

1188 536 1327 574 Domini
1343 535 1556 579 Sepulchrum
1578 537 1754 569 tractarunt
1776 534 1957 578 Judaeorum
1980 534 2071 570 Pone

1187 586 1287 623 tifices
1298 598 1334 619 ac
1347 586 1486 620 Pontius
1500 586 1623 619 Pilatus
1635 612 1642 618 .
1675 585 1822 619 Eandem
1847 584 1996 627 injuriam
2019 596 2070 618 ur-

1185 647 1242 681 get
1256 638 1288 669 in
1302 635 1415 671 litteris
1429 637 1467 669 ad
1480 634 1652 669 Thornam
1663 636 1819 669 Latinum
1833 634 2071 669 Constantino-

1185 686 1337 730 politanae
1361 686 1508 719 Ecclefiae
1530 684 1749 718 patriarcham
1778 686 1989 719 Innocentius
2010 695 2073 719 ter-

1185 730 1249 769 tius
1263 760 1273 775 ,
1300 736 1333 769 <Sc
1346 735 1496 778 adjungit
1510 734 1549 767 de
1563 735 1762 776 Imperatore
1776 734 1896 767 isaacio
1908 734 2046 779 Angelo
2058 747 2071 768 .-
2089 747 2149 778 Lib,
2172 749 2200 776 r.‘

1184 784 1314 828 Isaacius
1336 791 1502 826 Imperator
1525 784 1560 816 ob
1579 790 1713 826 gratiam
1736 784 1872 817 saladini
1880 783 1946 825 fieri
1950 785 2027 825 fecit
2039 791 2076 820 in,
2089 785 2242 827 Epist.184.‘

1184 836 1255 871 urbe
1289 835 1619 876 constantinopolitana
1656 835 1819 867 Meskitam
1844 857 1851 865 .
1900 833 2072 871 Saladinus

1186 886 1243 919 isse
1254 885 1316 919 fuit
1330 885 1517 919 Turcarum
1532 885 1564 918 in
1578 884 1670 927 Syria
1694 883 1847 921 Sultanus
1860 907 1870 923 ‚
1896 883 1951 926 qui
1974 883 2073 917 nobis

1183 936 1523 979 Hierosolymitanam
1535 934 1712 971 Civitatem
1727 934 1761 968 &
1771 944 1906 968 omnem
1918 933 1980 967 fere
1990 933 2076 968 Ter-

1185 997 1253 1020 ram
1276 987 1422 1023 Sanctam
1442 986 1562 1028 eripuit
1583 1010 1594 1026 ,
1633 986 1666 1019 δε
1690 984 1731 1019 de
1754 995 1821 1027 quo
1841 984 1951 1019 scribit
1984 984 2080 1019 Μαι-ι

1184 1036 1287 1071 thaeus
1299 1036 1500 1071 Parifienfis:
1528 1037 1645 1069 Accedit
1665 1036 1708 1068 ad
1716 1036 1861 1069 cumulum
1875 1040 2047 1077 iniquitatis
2060 1059 2073 1076 ,

1183 1086 1417 1129 &opprobrium
1438 1087 1482 1119 ad
1502 1085 1708 1131 desolationem
1734 1083 1996 1125 Christianitatis,
2012 1084 2080 1126 ‹fa-⁴

1183 1139 1343 1171 miliaritas
1354 1149 1421 1180 quae
1436 1142 1518 1180 viget
1528 1142 1607 1170 inter
1619 1135 1797 1170 saladinum
1813 1136 1847 1170 (9·
1861 1140 2073 1177 Imperatorem

1187 1187 1541 1228 constantinopolitanum
1555 1211 1566 1226 ,
1592 1193 1637 1219 cui
1657 1186 1737 1218 idem
1758 1185 1919 1220 Saladinus
1940 1186 2072 1218 tradidit

1185 1250 1282 1270 omnes
1296 1241 1326 1269 E
1328 1236 1439 1279 cclefias
1451 1239 1551 1269 Terrae
1560 1236 1747 1278 promifflonis
1762 1259 1772 1274 ‚
1799 1243 1834 1268 ut
1859 1241 1890 1268 in
1899 1234 2005 1277 eisdem
2012 1233 2072 1277 ser-

1185 1294 1290 1322 viatur
1309 1284 1472 1329 secundum
1493 1293 1583 1321 ritum
1605 1289 1794 1323 Graecorum.
1836 1283 1959 1328 Insuper
1979 1292 2072 1318 etiam

1186 1340 1263 1372 idem
1285 1339 1443 1373 saladinus
1463 1336 1537 1379 misit
1560 1337 1671 1370 Idolum
1684 1333 1770 1379 suum
1792 1335 2073 1378 Constantinopolim

1186 1393 1376 1430 Imperatoris
1389 1385 1496 1430 affensu
1512 1412 1523 1427 ‚
1548 1396 1580 1419 ut
1592 1386 1757 1428 ibipublice
1767 1386 1924 1422 coleretur.
1954 1387 2074 1427 sedper

1179 1443 1312 1480 gratiam
1341 1440 1397 1470 Dei
1418 1437 1455 1476 est
1477 1445 1594 1478 captum
1611 1442 1643 1468 in
1660 1442 1738 1468 mari
1759 1438 1779 1468 ci
1784 1439 1816 1480 J
1819 1434 2013 1477 anuenfibus,
2039 1436 2074 1469 Θ

1185 1499 1247 1519 cum
1269 1486 1335 1530 ipsa
1359 1491 1435 1519 navi
1455 1487 1632 1526 perductum
1657 1485 1694 1523 est
1706 1489 1829 1524 Tyrum.
1856 1490 1963 1526 Nuper
1983 1490 2075 1519 ctiam

1183 1541 1330 1569 exercitus
1349 1535 1523 1574 constructus
1543 1535 1581 1575 est
1605 1533 1732 1577 copiosus
1757 1544 1827 1569 ante
1848 1535 1950 1568 urbem
1977 1539 2077 1567 Antio-

1183 1585 1281 1625 chia,
1309 1586 1343 1618 Θ
1363 1585 1460 1617 dicius
1487 1589 1651 1627 Imperator
1671 1584 1801 1626 promisit
1825 1593 1938 1618 centum
1951 1587 2075 1618 Galaeas

1183 1637 1343 1668 saladino.
1366 1635 1529 1667 saladinus
1554 1645 1667 1677 quoque
1687 1636 1774 1668 dedit
1795 1642 1821 1668 ei
1846 1644 1939 1668 totam
1950 1630 2076 1669 Tirram

1185 1685 1378 1724 Promiffiom's
1392 1708 1403 1724 ‚
1428 1682 1588 1727 itascilicet
1625 1692 1659 1717 ut
1671 1686 1818 1727 impediat
1828 1692 1914 1718 viam
1933 1684 2078 1725 christia-

1183 1745 1296 1774 norum,
1307 1735 1439 1770 maxime*
1450 1743 1546 1769 autem
1558 1739 1752 1774 Francorum,
1762 1737 1805 1768 ad
1812 1733 1963 1779 successum
1973 1736 2076 1769 Terre

1183 1785 1301 1820 5anc‘lae
1313 1790 1542 1826 properantium
1554 1808 1562 1817 .
1590 1789 1656 1820 Nec
1669 1783 1707 1826 est
1719 1786 1829 1826 aliquis
1842 1786 1925 1827 apud
1934 1784 2077 1824 Constam

1183 1836 1354 1877 tinopolim,
1381 1839 1433 1877 qui
1455 1845 1568 1869 crucem
1587 1839 1736 1877 accipiat,
1761 1839 1833 1878 quin
1852 1834 1956 1878 statim
1978 1841 2077 1877 capia·

1182 1894 1229 1919 tur
1241 1886 1462 1919 &carceretun
1500 1883 1705 1926 Huiusmodi
1730 1884 1954 1921 abominanda
1968 1883 2076 1919 adver-

1180 1935 1253 1969 sum
1263 1935 1399 1969 Latinos
1414 1934 1534 1969 foedera
1547 1944 1624 1969 cum
1636 1934 1759 1968 Turcis
1770 1935 1848 1969 iniit
1865 1935 1926 1970 iste
1937 1959 1948 1975 ‚
1977 1946 2075 1978 quem

1183 1986 1317 2019 Nicetas
1331 1983 1515 2018 Choniates
1530 1982 1649 2019 merito
1662 1993 1759 2018 vocat
1775 1983 1955 2018 terrestrem
1966 2009 1977 2026 ,
2003 1985 2076 2020 An-

1179 2035 1287 2080 gelus.
1314 2033 1407 2080 Qid
1423 2045 1479 2077 per
1500 2034 1648 2071 Saladini
1672 2034 1804 2069 Idolum
1828 2033 2005 2069 Matthaeus
2026 2035 2074 2070 in-

1180 2085 1329 2128 telligat,
1357 2084 1497 2128 ignoro.
1525 2084 1645 2119 Turcae
1666 2085 1755 2119 enim
1777 2085 1795 2119 a
1813 2085 2003 2126 Saracenis,
2029 2097 2073 2121 ex

1180 2134 1298 2179 quibus
1310 2134 1521 2171 iconoclassia
1533 2147 1587 2181 per
1602 2136 1752 2172 Leonem
1765 2135 1908 2169 isaurum
1932 2135 2072 2180 Impera·

1179 2196 1285 2224 torem
1296 2183 1387 2218 ducit
1399 2183 1586 2230 originem,
1614 2185 1688 2220 licet
1702 2194 1800 2230 gente
1821 2184 1973 2221 differant
1986 2210 1997 2226 ,
2023 2197 2073 2221 er-

1180 2234 1307 2272 roribus
1329 2234 1533 2270 concordant
1558 2261 1568 2277 ,
1605 2236 1638 2270 &
1660 2234 1758 2269 ambo
1779 2236 1880 2271 sacras
1904 2236 2071 2281 Imagines

1179 2285 1377 2320 detestantur
1389 2310 1396 2318 .
1425 2285 1588 2320 Existimo
1600 2286 1619 2320 a
1630 2284 1792 2320 Matthaeo
1805 2286 1947 2331 intelligi
1969 2287 2068 2330 ipsius

1179 2334 1479 2380 Saladinieffigiem
1498 2359 1509 2375 ‚
1535 2337 1568 2370 in
1582 2335 1956 2381 Constantinopolitana
1978 2337 2068 2371 Aula.

1179 2384 1344 2430 figendam
1363 2396 1400 2420 ac
1422 2385 1659 2420 venerandam.
1687 2385 1862 2435 Qidquid
1883 2388 1944 2428 fit,
1980 2387 2069 2421 Mes-

1179 2436 1249 2472 kita
1275 2436 1339 2468 fuit
1366 2436 1510 2470 omnino
1530 2436 1706 2472 aedificata.
1743 2438 1851 2471 Fuisse
1871 2437 1912 2472 ad
1935 2438 2070 2480 septem-

1180 2485 1354 2520 trionalem
1380 2485 1486 2520 Urbis
1508 2497 1634 2531 portam
1654 2512 1666 2528 ‚
1713 2488 1796 2523 circa
1820 2499 1929 2528 mare,
1966 2485 2068 2531 prope

1180 2538 1209 2571 S.
1260 2537 1367 2570 Irenes
1392 2535 1562 2571 Basilicam
1587 2561 1599 2577 ,
1644 2537 1755 2571 scribit
1788 2538 1834 2570 'in
1883 2547 2069 2572 memorato
2230 2578 2237 2583 ¹

1178 2586 1300 2620 Isaacio
1313 2587 1459 2628 praefatus
1470 2587 1607 2622 Nicetes
1619 2612 1627 2619 .
1655 2586 1700 2620 Et
1726 2586 1767 2621 de
1786 2587 1893 2622 Urbis
1913 2588 2069 2623 invasori·
2087 2583 2159 2621 (3³1³-
2176 2594 2201 2612 ²·

1178 2636 1237 2670 bus
1254 2636 1404 2669 Flandris
1431 2638 1532 2681 pergit
1554 2662 1562 2668 .
1602 2638 1741 2680 ,Quidam
1771 2639 1787 2670 ἰ
1811 2643 1939 2671 Francis
1959 2661 1970 2677 ‚
2014 2642 2067 2679 qui

1178 2689 1245 2719 olim
1260 2687 1406 2719 Flaminii
1429 2688 1613 2720 vocabantur
1626 2711 1636 2726 ,
1661 2689 1705 2720 ad
1713 2688 1902 2728 diripiendas
1913 2690 2067 2720 Saraceno-

1179 2747 1244 2770 rum
1249 2734 1414 2776 facultates
1434 2739 1611 2777 trajiciunt.
1638 2740 1690 2769 Ea
1705 2735 1845 2779 scelerata
1859 2736 1976 2778 fac‘lio,
1999 2738 2066 2770 cum

1179 2787 1222 2819 ad
1243 2785 1350 2819 Urbem
1372 2784 1537 2829 appulisset
1559 2808 1571 2825 ,
1606 2792 1640 2819 in
1656 2789 1865 2821 saracenorum
1885 2789 2069 2831 synagogam

1180 2843 1369 2879 irrumpunt,
1395 2838 1428 2870 &¹
1434 2844 1489 2879 per
1502 2846 1566 2871 vim
1576 2842 1675 2870 omnia
1687 2838 1836 2880 diripiunt
1847 2862 1856 2871 .
1882 2840 1966 2871 Eam
1982 2843 2067 2871 inex·

1176 2887 1329 2930 pettatam
1351 2888 1493 2928 injuriam
1537 2889 1677 2921 saraceni
1696 2894 1788 2920 armis
1817 2888 1908 2921 obiter
1931 2892 2065 2930 arreptis

1178 2935 1353 2979 ulciscuntur
1377 2961 1386 2976 ‚
1426 2941 1567 2970 Romanis
1606 2943 1697 2971 etiam
1718 2962 1730 2978 ,
1765 2940 1831 2979 ejus
1867 2939 1939 2971 mali
1970 2938 2064 2980 fama

1181 2992 1320 3020 excitatis
1341 3011 1352 3027 ‚
1383 2987 1623 3028 adjuvantibus.
1663 2986 1765 3035 Qod
1789 2988 1913 3022 nullam
1935 2988 2063 3026 Latinis

1183 3035 1358 3070 Ecclefiam
1371 3061 1381 3076 ‚
1407 3038 1571 3071 Saracenis
1585 3046 1692 3072 autern
1705 3038 1737 3070 δε
1748 3038 1870 3071 Turcis
1888 3037 1950 3073 effe
1973 3039 2063 3073 suam

1181 3085 1365 3120 Meskitam.
1384 3085 1540 3120 viderent·
1557 3087 1709 3120 Parentes
1730 3087 1831 3122 nostri
1850 3113 1862 3129 ,
1897 3087 2063 3134 indignati

1181 3137 1265 3171 hanc
1304 3136 1485 3170 lacerarunt
1522 3137 1652 3179 penitus
1689 3138 1723 3172 ἀ
1771 3147 1955 3174 everterunt
1974 3163 1986 3172 .
2017 3137 2063 3173 Et

1181 3186 1264 3221 hanc
1290 3185 1334 3219 ita
1360 3185 1540 3221 dilexerant
1566 3187 1691 3228 Graeci,
1718 3196 1754 3222 ut
1780 3188 1818 3223 in
1854 3189 1923 3234 ipfi.
1955 3198 2063 3223 tutan·

1181 3238 1222 3271 da
1259 3236 1437 3271 Saracenos
1466 3236 1501 3270 &
1537 3236 1667 3272 Turcas
1701 3248 1817 3273 contra
1852 3237 2061 3274 Christianos

1182 3287 1318 3321 Latinos
1333 3285 1520 3328 adiuvarent
1532 3311 1539 3318 .
1569 3288 1614 3324 Et
1633 3286 1710 3322 hinc
1728 3288 1835 3323 aot-ius
1853 3289 1976 3324 incensi
1999 3298 2060 3321 no-

1182 3337 1235 3370 stri
1256 3335 1410 3370 Parentes
1431 3338 1542 3382 ignem
1565 3337 1743 3380 injecerunt
1766 3339 1802 3372 in
1825 3350 1958 3374 omnem
1969 3336 2057 3370 Con-

1183 3386 1430 3431 stantinopolim
1449 3412 1459 3428 ‚
1493 3388 1531 3422 &
1555 3388 1693 3432 Regiam
1712 3388 1825 3424 urbem
1847 3387 1933 3423 foede
1953 3384 2057 3420 defer.-

1183 3447 1310 3474 matum
1332 3461 1340 3470 .
1376 3437 1420 3472 Et
1447 3447 1529 3475 tuuc*
1562 3438 1667 3475 Studii
1708 3438 1920 3481 Monasterio
1948 3435 2058 3517 :scuit

1927 3495 1964 3519 ca
1979 3496 2010 3520 a·
