2352 3736
78 901 140 935 Lib.
151 913 175 934 t.

99 3303 156 3335 lib.
176 3314 202 3334 2.

98 3354 158 3384 cap.
181 3355 206 3382 5.

622 131 945 166 SECUNDUM
979 117 1288 164 ROMANUM
1323 117 1711 163 Couertruu.

254 202 430 245 Eusebium
452 200 665 241 Brunonem,
694 200 894 244 Episcopum
916 201 1008 235 suum
1017 198 1131 233 *Ande-

250 254 419 300 gavensem
431 276 443 293 ,
470 252 575 286 virum
595 250 784 286 eruditione
809 262 847 285 ac
868 249 1053 285 virtutibus·
1066 249 1129 283 cla-

248 315 322 339 rum
339 327 350 344 ‚
375 302 420 337 ob
432 301 573 336 nimium
592 302 627 336 in
642 303 673 335 se
698 301 845 335 affecturn
859 300 1002 334 traduxit
1014 300 1048 334 in
1060 311 1131 344 gra-

247 354 409 390 viffimam
430 352 615 395 participati
641 351 758 386 erroris
774 350 989 393 suspicionem
1003 362 1014 383 .=
1040 349 1129 394 quod

247 404 366 446 nempe
378 404 491 436 Bruno
503 402 648 437 nascenti
663 411 792 436 veneno
813 399 1048 444 Episcopaliter
1060 410 1129 438 non

247 454 438 490 obstitisset.
464 452 576 487 Etiam
598 452 616 486 a
634 450 837 486 Turonensis
853 449 1001 485 Ecclesiae
1025 449 1131 484 Chro-

250 505 328 539 nico
348 502 470 543 eximie
490 502 614 537 laudari
636 499 870 544 Berengarium
891 501 984 544 supra
1005 500 1131 536 audivi-

249 566 347 589 mus.
374 554 469 600 Qin
489 553 523 587 ἀ
544 550 774 587 Adelmannus
795 549 973 586 Brixienfis
999 550 1131 594 Episco-

250 617 327 650 pus,
355 604 446 641 dum
452 599 652 641 bominem'
641 611 710 643 jam
730 600 899 635 manifeste
923 602 1075 635 insanum
1086 611 1130 635 re-

250 666 369 691 vocare
381 652 493 691 studet
495 662 551 694 per
561 650 704 691 litteras,
721 661 791 685 non
803 650 893 686 desiit
906 650 1128 687 dulciffimum

250 701 513 745 condiscipulum
531 701 717 735 intitulare

300 752 378 788 Post
400 751 509 787 saneti
521 750 688 791 Fulberti,
716 761 754 784 ac
766 750 906 785 Roberti
916 731 1128 785 Francorum

249 805 354 847 Regis
362 826 373 843 ‚
399 801 493 836 duri
485 812 521 839 in
527 800 708 840 Haereticos
720 800 865 844 flagelli,
890 811 1032 836 mortem
1043 802 1131 845 prius

249 852 349 896 coepit
368 850 635 895 palem‚delirare
647 876 654 883 .
679 851 896 886 Occasionem
907 853 1046 896 exponit
1057 852 1131 886 San-

249 906 318 940 ctus
329 900 574 935 Guitmundus:
603 904 826 945 Berengarius,
855 912 918 934 cum
923 910 981 943 per
988 900 1022 945 se
1038 909 1131 936 attin-

245 965 315 1001 gere
340 950 536 994 Philosopblae
559 952 677 985 altioris
699 951 816 994 secreta
837 963 894 985 non
902 953 1013 995 posset,
1040 948 1147 996 neque}

239 1003 331 1040 'emm
349 1002 432 1039 bomo
443 1007 488 1035 ita
505 1010 609 1039 acutus
628 1011 717 1042 erat,
742 999 801 1043 sed
818 1004 930 1036 &tunc
941 1008 1083 1045 temporis
1095 1004 1133 1036 lt·-

252 1055 367 1087 berales
379 1061 463 1085 artes
475 1057 558 1084 intra
570 1053 689 1085 Gallias
697 1053 774 1093 pene
792 1051 1015 1094 obsoleverant,
1045 1059 1131 1087 novis

247 1102 531 1150 saltemverborum
552 1102 850 1143 interpretationibus
877 1127 887 1143 ‚
912 1103 1020 1145 quibus
1039 1110 1131 1137 etiam

252 1166 331 1189 nunc
351 1158 475 1185 nimium
481 1154 595 1195 gaudet
605 1175 616 1191 ,
634 1150 793 1195 singularis
802 1151 935 1195 scientiae
948 1155 1069 1187 laudem
1073 1152 1132 1195 fibi

252 1214 411 1247 arrogare,
438 1200 633 1243 &cujusdam
655 1202 837 1235 excellentie
860 1205 990 1247 gloriam
1002 1209 1109 1238 venari
1121 1227 1132 1242 ‚

251 1257 503 1299 qualitercumque
518 1260 638 1293 poterat
650 1275 660 1291 ,
686 1252 866 1292 affec‘Jabat.
894 1253 1082 1295 Factumque
1093 1255 1130 1292 est

252 1314 288 1339 nt
306 1308 472 1346 pompatico
492 1305 593 1344 incessit
613 1300 776 1343 &sublimi
793 1310 862 1343 prae
872 1310 987 1337 caretis
998 1301 1128 1347 suggestu

253 1357 432 1399 dignitatem
454 1352 587 1396 Magistri
610 1352 711 1393 potius
726 1351 871 1393 fimulans
890 1374 905 1393 »,
930 1364 1021 1396 quam
1035 1353 1129 1387 *rebus

254 1406 428 1445 ostendens,
448 1403 605 1444 profunda
628 1413 742 1444 quoque
760 1402 929 1443 conclusione
950 1409 1033 1435 intra
1042 1403 1134 1436 cucul-

253 1458 336 1495 lum,
359 1451 582 1494 assimulatione
601 1452 696 1494 longae
718 1453 921 1485 meditationis
942 1454 977 1486 <²7
996 1458 1054 1485 vix
1066 1460 1133 1484 tan-

253 1508 323 1540 dem
328 1505 408 1547 satls
426 1501 598 1544 defideratae
609 1502 661 1534 dm
672 1506 752 1535 vocis
765 1503 910 1541 lentiffimo
920 1504 1048 1544 quodam
1060 1514 1132 1544 qua-

249 1556 279 1599 fi
282 1557 426 1598 plangore
447 1559 580 1585 incautos
592 1552 740 1592 decipiens
753 1575 763 1590 ‚
788 1551 938 1583 Doe‘lorem
945 1549 1011 1593 sese
1021 1558 1132 1584 artium

250 1606 329 1648 pene
339 1602 447 1646 inscius
463 1601 665 1643 profiteretur.
691 1602 711 1632 5
713 1602 753 1634 ed
758 1600 910 1642 postquam
921 1604 940 1633 ἃ
954 1604 1035 1634 Divo
1049 1604 1128 1633 Lan-

249 1655 359 1697 fremco
369 1659 401 1685 in
415 1651 577 1685 malenina
599 1658 630 1683 in
643 1662 674 1683 re
683 1649 764 1692 satis
770 1660 870 1693 parua
882 1658 1009 1692 turpiter
1019 1650 1056 1690 est
1071 1662 1132 1683 con-

248 1703 340 1748 fusus
352 1727 363 1743 ‚
389 1713 507 1744 cumque
522 1699 683 1743 peripsum
697 1704 809 1732 Divum
832 1700 1063 1741 Lanfrancum,
1090 1705 1133 1732 vi-

255 1767 322 1791 rum
342 1765 424 1795 aeque
445 1752 631 1792 dodlrffimum
645 1775 654 1790 ‚
679 1750 816 1783 liberales
833 1760 918 1783 artes
932 1753 1011 1783 Deus
1024 1751 1130 1782 recale-

252 1804 332 1848 fiere
342 1811 429 1845 atque
449 1803 557 1843 optime
576 1796 753 1842 reviviscere
777 1800 889 1842 fectffet
902 1824 913 1840 ,
939 1798 1087 1842 desertum
1104 1797 1136 1842 [ἓ

254 1854 305 1895 isle
316 1857 336 1886 ἃ
347 1852 498 1896 discipulis
511 1852 611 1887 dolens
625 1875 635 1891 ,
659 1851 703 1881 ad
710 1849 873 1883 eructanda
894 1851 1081 1892 impudenter
1093 1851 1135 1881 di-

254 1912 399 1945 vmarum
413 1901 628 1945 seripturarum
649 1901 841 1933 sacramenta
861 1925 872 1941 ,
898 1901 950 1933 ubi
973 1901 1021 1933 ille
1040 1900 1135 1933 adhuc

253 1952 417 1996 adolescens
430 1977 440 1992 ,
466 1953 499 1985 (9
511 1952 580 1984 aliis
596 1959 715 1983 eatenus
737 1950 990 1989 detenturstudiis
1007 1951 1135 1983 nondum

255 2006 330 2037 adeo
342 2003 510 2035 intenderat
520 2026 530 2041 ,
552 1999 615 2043 sese
628 2005 792 2032 convertit.
819 2002 879 2032 Sed
891 2002 924 2033 (9·
934 2000 976 2033 ibi
988 1998 1135 2041 tnfipiens,

253 2061 363 2097 quippe
382 2058 415 2084 in
441 2052 618 2084 malevolam
638 2055 771 2082 animam
795 2060 852 2081 non
871 2049 1002 2086 intrabit
1021 2048 1134 2092 sapien-

254 2111 320 2144 tia,
344 2105 422 2138 &ea
435 2127 444 2142 ,
471 2113 592 2144 quorum
615 2106 752 2133 novitate
774 2106 903 2133 omnium
927 2101 1015 2132 corda
1023 2108 1140 2141 permo-

256 2163 362 2193 veret,
388 2162 477 2194 atque
500 2149 580 2194 adse
590 2152 680 2183 oculos
703 2149 851 2190 traheret,
885 2150 1139 2191 studiose-perqui-

257 2215 326 2236 rens
340 2227 351 2242 ,
377 2203 484 2236 maluit
503 2202 554 2244 effe
567 2199 623 2243 sub
647 2202 749 2242 aliqua
770 2199 919 2233 hominum
945 2201 1140 2233 admiratione

256 2257 438 2293 Haereticus,
465 2253 556 2293 quam
574 2249 630 2293 sub
654 2253 709 2281 Dei
722 2251 808 2282 oculis
828 2251 954 2290 private
966 2257 1070 2283 vivere
1082 2253 1140 2281 Ca-

256 2303 397 2338 tholicus.
425 2301 605 2335 Eminendi
630 2298 868 2334 &hominibus
894 2298 1135 2343 placendIcupi·

255 2354 362 2392 ditas,
388 2362 486 2395 atque
510 2350 588 2384 hinc
612 2350 789 2391 procedens
811 2350 845 2382 in
872 2350 1026 2383 Sanstum
1054 2351 1137 2385 Lan-

256 2405 406 2438 francum
428 2401 550 2435 invidia
574 2410 692 2433 vanum
706 2398 876 2433 hominem
897 2411 937 2433 ex
949 2401 1090 2434 confuso
1101 2411 1138 2441 ac

254 2454 407 2497 imperito
419 2449 622 2493 philosopho
632 2448 814 2483 demutavit
828 2450 861 2482 in
876 2450 1109 2493 imperitiorem
1128 2474 1139 2490 ,

255 2516 294 2538 ac
320 2503 449 2537 tandem
482 2499 667 2537 haerericum
703 2500 988 2543 Theologastrum
1007 2526 1014 2533 .
1051 2500 1137 2534 Lan-

256 2555 403 2588 francum
425 2551 532 2585 adhuc
543 2550 727 2584 saecularem
741 2574 751 2590 ,
779 2550 814 2583 in
831 2550 941 2585 Gallia
961 2549 1136 2585 docentem

258 2604 378 2637 litteras
400 2602 526 2636 &artes
547 2600 693 2634 liberales
705 2626 715 2641 ,
741 2600 870 2644 alteque
887 2599 929 2634 de
942 2601 1138 2635 sanctissimae

258 2653 436 2686 Trinitatis
449 2651 610 2694 Mysterio
622 2652 816 2684 scrutantem
830 2674 841 2690 ,
867 2650 884 2683 ὲ
897 2651 1007 2694 puello
1029 2660 1138 2685 totum

260 2703 443 2744 Sequanam
465 2703 497 2734 in
511 2701 675 2744 parvulam
698 2700 844 2735 scrobem
863 2712 982 2744 cogere
993 2710 1139 2735 tentante

261 2751 356 2785 fuisse
377 2751 515 2785 retusum
537 2750 643 2784 scribit
670 2752 704 2785 in
731 2750 928 2795 Anglicanis
949 2751 1138 2792 Annalibus

263 2800 429 2834 Henricus
450 2800 649 2843 Cnygtonus
662 2826 672 2842 ,
696 2802 730 2835 &
743 2801 893 2846 adjungit
905 2815 916 2834 ι
943 2801 1138 2843 Lanfrancus

262 2851 362 2884 nolens
368 2851 496 2891 amplius
506 2849 682 2891 perscrutari
694 2850 898 2892 Maiestatem,
920 2863 957 2885 ne
967 2858 1141 2894 opprimere-

263 2911 332 2940 tur,
353 2901 457 2941 statim
472 2898 612 2940 Beccense
635 2901 839 2940 Monaslerium
862 2907 994 2935 intravit
1016 2909 1048 2934 in
1061 2907 1142 2935 Nor·

263 2953 390 2984 mandra
407 2948 462 2992 sub
486 2950 628 2985 Herluino
647 2949 775 2984 Abbate.
802 2955 848 2983 Et
863 2950 1007 2992 simulans
1019 2951 1050 2994 se
1059 2951 1159 3000 quast

261 3011 357 3042 pauca
375 3010 429 3033 aut
453 2999 522 3032 null
523 3013 532 3030 ι
548 2997 646 3041 scire,
667 3008 723 3039 pro
742 3000 832 3040 fatuo
852 3000 939 3042 quafi
957 3003 991 3035 δ’
1008 3001 1159 3043 stmpllce

264 3051 442 3084 habebatur
468 3051 577 3083 Eodem
596 3057 723 3090 tempore
744 3050 1013 3094 quidamfamosus
1039 3053 1073 3085 t&
1088 3058 1140 3085 im·
1157 3044 1159 3079 l

260 3102 431 3143 providus,
459 3102 657 3143 Berengarius
687 3104 801 3131 nomine
823 3122 833 3138 ,
857 3105 908 3141 qui
930 3111 1021 3135 antea
1045 3080 1160 3147 ναμε-ι

264 3160 315 3183 rat
325 3156 470 3191 opiniones
482 3157 582 3182 contra
594 3147 818 3189 Ecclefiasticam
829 3149 993 3183 doctrinam
1005 3174 1016 3190 ,
1043 3152 1077 3184 (9·
1084 3160 1141 3193 per

266 3200 472 3241 Lanfrancum
487 3198 600 3242 saepius
622 3197 738 3241 retusus
760 3221 771 3237 ‚
799 3210 830 3233 eo
851 3207 978 3240 tempore
1000 3202 1036 3233 de
1059 3204 1138 3234 Lan-

262 3250 369 3291 sranco
389 3261 439 3282 nec
450 3251 573 3282 audiens
598 3260 645 3282 nec
655 3250 765 3281 videns
776 3275 785 3288 ‚
812 3250 945 3281 credidit
957 3261 1022 3282 eum
1033 3251 1069 3283 de
1083 3263 1142 3285 me·

266 3303 314 3333 dio
320 3299 473 3344 sublatum
485 3323 491 3330 .
519 3302 564 3331 Et
577 3298 609 3335 fic
617 3298 732 3341 securus
742 3309 798 3341 per
812 3300 945 3331 Galliam
953 3297 1040 3341 suam
1054 3299 1146 3335 haere-

259 3350 314 3391 fim
327 3348 492 3394 seminavit
506 3373 515 3388 ,
537 3346 645 3390 scillcet
664 3351 744 3390 quod
766 3360 872 3383 zverum
895 3348 1005 3390 christi
1030 3354 1146 3392 Corpus

266 3412 322 3434 non
330 3401 366 3443 fit
377 3399 467 3443 super
480 3399 583 3433 Altare
598 3423 604 3430 .
618 3399 702 3447 Qiae
715 3399 754 3434 de
766 3399 956 3435 continuata
969 3400 1143 3436 Lanfranci
1156 3445 1162 3478 ι

1190 198 1292 241 usque
1315 197 1356 231 ad
1371 197 1558 238 Romanam
1579 198 1717 233 Nicolai
1738 195 2074 242 secundi-synodum

1190 248 1438 290 occultatione,
1463 260 1501 284 ac
1517 248 1692 293 ipfiusillic
1703 258 1777 282 cum
1791 249 1989 294 sserengario
2013 251 2075 286 dis-

1191 298 1361 340 putatione
1386 299 1569 341 subnectit,
1594 310 1663 334 non
1686 298 1863 333 subfistunt
1878 323 1890 341 ,
1914 298 1971 334 uti
1986 298 2076 337 lucet

1190 359 1230 380 ex
1252 347 1337 387 illis,
1362 360 1432 391 quae
1451 349 1492 383 de
1509 351 1569 384 hac
1595 349 1739 394 praesenti
1769 349 1909 393 Synodo
1930 349 2077 386 audituri

1190 398 1298 432 sumus
1309 397 1349 433 ab
1362 399 1430 444 ipso
1441 400 1627 435 Lanfranco
1639 426 1648 434 .
1669 400 1873 436 Lanfrancus
1884 400 2076 437 Monachus

1192 449 1299 484 statim
1335 450 1370 483 in
1394 451 1451 483 suo
1471 450 1620 485 Beccenfi
1642 450 1848 488 Monasterio
1888 450 2010 485 litteras
2034 463 2075 487 ae

1191 496 1438 542 Philosophiam
1474 499 1603 543 publice
1639 501 1786 544 profiteri
1803 500 1904 545 coepit
1924 526 1935 542 ,
1976 511 2075 545 atque

1190 548 1236 583 ita
1272 549 1377 592 ipsum
1394 561 1435 583 ex
1457 550 1664 593 pauperrimo
1699 550 1840 586 reddidit
1859 551 2073 595 opulentum.

1191 599 1302 634 Etiam
1313 609 1392 634 tunc
1403 611 1459 643 per
1471 599 1595 635 litteras
1606 602 1765 644 pugnavit
1778 603 1813 635 in
1827 601 2076 646 Berengarium,

1191 647 1330 693 ideoque
1340 650 1466 684 tamdiu
1484 662 1550 684 non
1566 651 1669 693 potest
1682 650 1838 685 latuisse.v
1854 651 1933 694 Ejus
1944 653 2076 688 interim

1191 699 1378 735 Monastica
1389 700 1517 735 seceffio
1537 700 1769 745 Berengarium
1781 702 1922 737 omnino
1934 703 2077 739 reddidit

1189 749 1399 784 audaciorem
1415 776 1422 783 .

1240 799 1345 847 Qud
1382 800 1598 844 Berengarius
1632 811 1724 834 anno
1759 799 1830 844 post
1867 800 2078 839 millefimum

1189 848 1457 895 quinquagesimo
1484 850 1588 893 primo
1612 850 1716 894 palam
1737 850 1879 884 insanire
1905 862 1943 885 ac
1963 852 2078 887 latrare

1190 902 1351 944 crepent,
1377 901 1538 935 affirmant
1563 901 1731 935 Beccenfis
1751 900 1948 935 Monasterii
1973 900 2081 937 Chro-

1193 952 1316 991 nicon,
1342 951 1376 985 &
1398 950 1585 995 Sigebertus
1606 950 1830 986 Gemblacens
1835 962 1865 984 s
1894 951 2079 988 Floriacen·

1192 1002 1223 1036 se
1246 1001 1408 1035 Francicae
1422 1001 1564 1035 hissoriae
1588 1001 1811 1046 fragmentum
1832 1001 2079 1047 quadragefimo

1191 1062 1308 1096 quarto
1330 1074 1342 1092 ,
1370 1063 1531 1096 magnum
1567 1052 1675 1096 Be¹gii
1701 1051 1898 1086 Chronicon
1924 1053 2080 1088 adscribit

1197 1113 1289 1136 anno
1316 1103 1480 1145 quadrage
1484 1103 1564 1136 fimo
1591 1114 1700 1136 nono.
1731 1102 1774 1135 Et
1791 1101 1855 1136 hoc
1878 1103 2007 1138 videtur
2027 1113 2080 1137 ve-

1196 1152 1280 1186 rius.
1310 1151 1521 1186 Cardinalern
1535 1152 1920 1193 ›Caesaremssaronium
1946 1153 2003 1196 qui
2022 1164 2081 1188 an-

1194 1214 1238 1236 no
1251 1203 1414 1246 trigesimo
1426 1205 1543 1245 quinto
1553 1202 1715 1246 adscripsit
1726 1227 1737 1244 ,
1765 1203 1879 1236 fefellit
1891 1203 2015 1237 famosa
2041 1214 2079 1237 ac

1193 1252 1319 1286 erudita
1339 1263 1454 1286 contra
1485 1252 1720 1297 Berengarium
1747 1251 1894 1295 Epistola
1915 1277 1927 1294 ,
1953 1250 2080 1288 dudum

1194 1303 1354 1345 adscripta
1387 1301 1548 1336 Durando
1576 1303 1750 1337 Leodienfi
1790 1303 1956 1347 Episcopo
1985 1328 1996 1344 ,
2022 1303 2081 1347 qui

1194 1364 1283 1386 anno
1308 1352 1400 1386 istius
1411 1351 1683 1397 sacculivigelimo
1696 1354 1803 1396 primo
1825 1354 1926 1387 faetus
1951 1353 2083 1397 Episco-

1195 1414 1252 1446 pus
1277 1401 1468 1436 decessit-ad
1489 1403 1591 1435 vitam
1620 1402 1790 1438 meliorem
1813 1414 1905 1437 anno
1926 1403 2083 1447 vigefimo

1193 1453 1339 1495 quinto„
1358 1461 1454 1493 atque
1469 1451 1514 1484 ita
1535 1452 1625 1485 istius
1640 1452 1796 1495 Epistolae
1812 1463 1881 1486 non
1893 1456 1996 1495 potest
2020 1453 2084 1489 essb

1196 1503 1335 1534 Austor.
1364 1500 1509 1543 Epistola
1527 1502 1572 1535 est
1588 1501 1783 1538 Theoduini
1798 1513 1838 1536 ex
1850 1502 1956 1536 Sanffl
1970 1504 2086 1538 Dona-

1194 1550 1275 1584 tiani
1296 1550 1468 1593 Brugenfis
1493 1549 1669 1593 Praep'ofito
1698 1549 1887 1585 Leodienfis
1904 1551 2086 1596 Episcopi,

1193 1600 1248 1642 qui
1276 1599 1423 1642 ejusdem
1446 1600 1549 1633 saeculi
1572 1611 1663 1635 anno
1673 1601 1921 1646 quadragesimo
1946 1602 2087 1646 septimo

1195 1660 1365 1693 promotus
1388 1649 1470 1683 sedit
1490 1651 1590 1691 usque
1609 1649 1650 1684 ad
1672 1662 1798 1685 annum
1818 1653 2087 1697 septuagesimum

1195 1700 1348 1742 quintum
1375 1723 1382 1730 .
1409 1698 1510 1732 Non
1530 1699 1634 1733 solum
1673 1700 1908 1745 Berengarium
1929 1725 1941 1741 ‚
1969 1703 2024 1736 sed
2052 1703 2088 1737 δε

1196 1748 1374 1782 Eusebium
1414 1749 1604 1783 Brunonem
1646 1748 1916 1795 Andegavensem
1955 1752 2091 1796 Episco-

1198 1810 1274 1842 pum
1286 1800 1322 1832 de
1343 1799 1525 1831 introduffls
1546 1805 1580 1832 in
1588 1797 1645 1842 sua
1668 1809 1802 1842 tempora
1822 1807 1959 1844 antiqui:
1986 1809 2089 1836 Haere-

1188 1848 1267 1891 fibut
1279 1850 1403 1883 accusat
1417 1861 1424 1879 ε
1452 1847 1558 1895 Qod
1570 1849 1771 1885 adstruerent
1785 1851 1915 1895 Corpus
1942 1851 2088 1886 Domini

1198 1911 1265 1933 non
1287 1909 1355 1932 tam
1374 1900 1503 1942 Corpus
1516 1901 1579 1933 effe
1599 1912 1699 1944 quam
1723 1901 1873 1936 umbram
1901 1901 1935 1935 ἀ
1950 1903 2089 1946 figuram

1196 1948 1336 1991 ejusdem
1360 1949 1542 1992 Corporis,
1567 1950 1600 1983 &
1625 1950 1714 1992 quod
1739 1951 1889 1995 legitima
1928 1954 2088 1998 conjugia

1197 1999 1396 2034 destruerent
1422 2022 1432 2037 ‚
1461 1998 1552 2042 quod
1575 2001 1654 2034 item
1675 2002 1836 2044 quantitm
1860 2002 1894 2034 in
1917 2001 1990 2045 ipfis
2018 2012 2089 2037 erat

1197 2059 1377 2084 everterent
1394 2049 1559 2091 Baptisma
1574 2053 1781 2093 parvulorum
1795 2076 1802 2083 .
1831 2051 2014 2095 Epistolam
2029 2052 2087 2088 sub

1199 2099 1390 2134 Leodiensis
1417 2099 1571 2142 Episcopi
1599 2102 1698 2135 titulo
1736 2101 1845 2135 laudat
1885 2101 1919 2134 ἀ
1944 2102 2089 2149 exponit¹

1199 2151 1332 2184 Sanstus
1358 2149 1588 2183 Guitmundus
1611 2175 1621 2190 ,
1654 2152 1817 2185 affirmans
1843 2151 1861 2184 a
1883 2152 2087 2197 Berengario

1198 2198 1457 2244 dogmatizatum
1467 2200 1559 2233 fuiffe
1572 2212 1688 2244 vagum
1712 2200 1952 2242 concubitum,
1978 2202 2085 2237 &Ba-

1201 2250 1316 2292 ptisma
1329 2249 1447 2283 differri
1460 2248 1577 2291 §uisum
1591 2251 1631 2283 ad
1645 2251 1780 2293 majores
1803 2263 1911 2286 annos
1923 2276 1934 2292 ,
1960 2253 2029 2297 quo
2044 2253 2087 2288 fic

1201 2350 1282 2383 tiam
1293 2349 1351 2383 fibi
1365 2349 1576 2384 conciliaret
1603 2351 1729 2385 Verum
1745 2352 1835 2394 quod
1854 2353 1967 2386 fideles
1984 2364 2085 2397 popu-

1202 2400 1309 2434 lorum
1320 2410 1410 2434 aures
1425 2411 1482 2433 nec
1496 2399 1605 2434 audire
1617 2401 1808 2435 sustinerent
1828 2401 1893 2436 haec
1917 2402 2086 2447 flagitiosa.

1200 2449 1355 2495 dogmata
1371 2474 1381 2490 ,
1409 2449 1450 2483 ad
1474 2451 1579 2484 solum
1600 2451 1642 2484 de
1663 2449 1866 2486 Eucharistia
1891 2463 2032 2486 errorem
2053 2454 2087 2487 se

1203 2500 1297 2543 plene
1310 2500 1455 2535 contulit
1469 2524 1479 2540 ‚
1507 2500 1561 2533 Ubi
1574 2503 1747 2543 &quodam
1757 2503 1841 2535 velut
1853 2501 2089 2546 testimomosen-

1197 2549 1285 2593 suum
1305 2556 1362 2583 niti
1376 2550 1558 2591 videbatur,
1590 2562 1642 2585 nec
1665 2560 1729 2584 tam
1743 2551 1914 2594 copiofifflme*
1927 2553 1965 2585 ab
1989 2554 2088 2595 aliquo

1196 2600 1438 2644 sanc‘liffimorum
1452 2603 1601 2641 Patrum,
1628 2603 1737 2644 quippe
1760 2613 1817 2635 non
1831 2603 1981 2645 indigente
2009 2604 2087 2636 ade&

1201 2651 1381 2692 temporibus
1406 2651 1519 2683 illorum
1545 2649 1689 2693 Ecclefft‘a,
1715 2653 1779 2684 ciam
1800 2662 1902 2686 tamen
1922 2654 1996 2694 quid
2015 2654 2086 2685 inde

1202 2710 1353 2740 tenerent,
1378 2703 1527 2742 praect'pue
1553 2702 1586 2735 (τ
1608 2703 1773 2742 lucidiffime'
1789 2701 1990 2745 sapientiffimi
2013 2700 2087 2745 ipso-

1202 2763 1268 2784 rum
1291 2750 1379 2783 multi
1400 2749 1587 2793 firripserunt
1609 2776 1620 2792 ,
1660 2761 1763 2785 contra
1798 2750 1874 2785 hanc
1900 2750 2086 2794 disputatum

1198 2800 1346 2843 sentiebat
1369 2824 1377 2833 .
1406 2804 1571 2841 aucupatis
1598 2803 1747 2836 nonnullis
1773 2803 1858 2835 velut
1885 2803 2084 2843 ratiunculis,

1203 2850 1348 2883 adhibitis
1361 2862 1472 2893 quoque
1477 2857 1584 2892 paucis
1597 2853 1674 2885 male
1684 2852 1839 2885 intellec‘tts
1851 2853 1990 2893 capitulis
2001 2850 2085 2896 sacre

1157 2899 1367 2945 scriptume,
1377 2910 1432 2942 per
1444 2913 1544 2944 egenos
1555 2901 1737 2942 scholasticos
1749 2927 1759 2943 ,
1765 2905 1835 2943 jam
1844 2910 1898 2943 per
1912 2903 2085 2936 alimoniam

1203 2964 1264 2994 qua
1271 2951 1453 2994 sustentabat
1464 2963 1512 2985 eos
1525 2976 1536 2992 ‚
1563 2952 1596 2985 ὃ·
1602 2961 1658 2994 per
1662 2950 1730 2995 suos
1743 2953 1844 2985 dulces
1850 2950 2003 2998 sermones
2023 2963 2087 2986 cot·-

1204 3009 1305 3042 ruptos
1318 3025 1329 3041 ‚
1355 3003 1474 3043 quaqua
1500 3000 1621 3044 versum
1641 3008 1740 3043 potuit
1750 3001 1879 3035 clancula
1901 3001 1992 3043 baius
2003 3007 2089 3037 tanti

1203 3052 1275 3084 mali
1285 3050 1522 3091 nefandtffimum
1535 3058 1621 3084 virus
1632 3051 1748 3091 efficdit.
1777 3050 1881 3100 Qod
1891 3052 1926 3086 ὅ(
1934 3053 1974 3087 >in
1985 3053 2085 3088 Fran-

1203 3102 1274 3139 cia,
1299 3101 1330 3133 &
1353 3100 1387 3133 in
1402 3099 1610 3134 Normandia
1623 3101 1779 3142 plurimos
1802 3101 1985 3143 seduxerit,
2012 3103 2088 3137 scri-

1205 3152 1251 3186 bit
1272 3147 1450 3183 Durandus
1474 3149 1588 3184 Abbas
1598 3150 1814 3185 Troarnenfis
1828 3176 1835 3184 .
1863 3152 1908 3187 Et
1920 3151 1988 3186 istae
2009 3153 2086 3187 sunt

1203 3200 1438 3242 eleemosynae,
1463 3201 1587 3242 quasin
1603 3200 1708 3235 Sansti
1721 3201 1810 3236 Petri
1823 3202 1890 3237 vivi
1913 3201 2086 3238 Chronico

1206 3251 1316 3285 laudat
1328 3250 1458 3284 Clarius
1476 3249 1682 3285 Monachus.

1253 3301 1407 3334 Duorum
1429 3300 1574 3344 priorum
1595 3311 1740 3336 errorum
1764 3302 1820 3337 vix
1835 3301 2007 3347 quisquam
2019 3311 2084 3335 me-

1205 3350 1301 3384 minit
1313 3358 1422 3394 praeter
1434 3348 1675 3385 Theoduinurn
1693 3352 1727 3386 δε
1741 3353 1894 3388 Sanstum
1906 3352 2085 3387 Guitmun-

1206 3401 1304 3436 dum.
1331 3399 1432 3448 Qod
1449 3401 1564 3446 nempe
1575 3401 1682 3438 fidelis
1693 3402 1814 3449 Populi
1834 3403 1958 3441 zelum,
1986 3400 2086 3442 ipsos·

1974 3459 2038 3492 que
