2352 3736
630 213 729 259 RE
768 218 859 257 Μέ
895 227 924 255 N
960 226 1038 254 sar„

241 299 334 334 fuiffe
357 298 524 343 insigniter
557 297 767 332 reformatum
783 316 786 318 -
801 295 909 329 laudat
943 291 1136 357 Annalistal

244 348 463 393 AstrologuS‚
489 349 661 382 Ludovico
682 347 744 380 Pio
767 346 852 380 sein
867 343 1062 386 Hispaniam
1076 342 1113 373 ad

158 395 185 411 ‘¹'
243 400 387 433 lin-ritum
399 400 688 433 contraSaracenos
697 394 875 430 custodiam
886 391 1118 426 fuissemiffum

245 462 299 494 qm
310 451 388 484 titur
404 450 568 482 Frotarius
581 445 850 489 Archiepiscopus
863 442 1119 486 Burdigalenfis.

246 501 353 534 Addit
365 498 514 532 adversus
527 496 724 532 Ber-nardum
736 493 834 527 ltaliae
847 491 1123 537 RegemAbbates

245 562 362 585 omnes
374 575 383 590 ‚
406 550 505 583 vastos
516 549 549 582 δε
561 546 696 590 populos
705 567 715 582 ‚
742 543 859 587 quibus
870 543 988 577 militia
1011 553 1124 576 conve·

247 600 358 635 nicbat
372 625 381 639 ,
395 598 491 633 fuisse
501 598 540 631 ab
550 594 667 629 eodem
687 593 839 635 Principe
852 594 953 636 jussos
965 589 1125 626 omniho-

249 665 280 685 ra
295 653 360 684 esse
372 659 510 693 paratos.
537 644 640 691 Qod
653 644 710 677 sub
718 642 858 686 ejusdem
872 643 943 675 filio
954 643 987 676 δε
1009 642 1126 675 succes-

249 703 317 734 sore
330 697 487 733 Lothario
497 693 889 740 OtgariusMoguntinus
903 690 1127 734 Archiepisco-

250 763 309 796 pus
321 747 449 783 duxerit
473 745 654 779 exercitum
670 769 680 784 ,
701 744 833 778 testatur
852 740 1054 777 Nithardus.
1067 749 1069 754 ’
1083 741 1126 773 Et

249 802 291 835 de
301 797 390 843 gesto
415 806 470 839 per
490 794 643 830 Lotharii
666 795 798 828 fratrem
819 791 1028 827 Ludovicum
1050 791 1127 824 Ger-

148 843 157 851 *
250 846 363 885 ma‘niae
385 847 511 890 Regem
533 845 699 878 adversum
727 842 893 876 Bohemos
915 843 947 876 &
968 842 1127 875 Moravos

251 898 338 935 bello
363 895 506 929 scribunt
527 895 706 928 Fuldenses
727 895 925 927 Francorum
961 891 1122 925 Annales:

249 953 287 982 In
297 947 353 979 hac
363 947 549 987 expeditione
565 943 752 978 Luitbericus
765 947 955 987 Moguntinus
968 939 1127 983 Archiepif-

249 1006 335 1040 copus
345 1003 508 1038 primatum
520 1001 636 1035 tenuit,·
664 997 746 1026 Aran
758 996 831 1030 vero
857 990 1038 1035 Episcopus,
1079 991 1132 1024 vel

251 1047 430 1090 sigehardus
454 1045 551 1077 Abbas
575 1045 735 1085 Fuldenfis
761 1043 930 1083 Monasterii
941 1065 951 1081 ,
989 1048 1128 1084 quamvis

244 1098 368 1140 sortiter
381 1095 485 1135 histem
491 1095 650 1137 premendo
658 1093 833 1136 pugnassent
846 1117 856 1133 ‚
878 1094 1019 1134 plurimis
1031 1101 1129 1124 tamen

249 1147 367 1192 suorum
383 1146 488 1186 amiffis
497 1142 702 1188 regreffisunt.
731 1141 871 1176 Addunt
893 1142 932 1175 de
957 1140 1128 1175 Sorobis&

254 1199 363 1232 Suiffis
374 1194 606 1230 rebellantibus
620 1206 626 1225 ι
641 1195 776 1235 ,Quorum
788 1194 948 1225 audaciam
961 1192 1130 1225 Luitbcrtus

255 1244 489 1288 Arcbiepiscopus
499 1268 510 1283 ‚
533 1246 612 1276 ultra
624 1244 724 1276 salam
733 1242 841 1283 flumen
859 1242 1008 1284 profcllus
1022 1266 1031 1280 ‚
1052 1249 1130 1282 prae-

253 1298 306 1330 liis
317 1300 350 1330 ζ’]
362 1297 507 1329 incendiis
514 1293 576 1335 fine
592 1293 661 1325 bello
674 1293 827 1334 comprcffit
839 1317 849 1332 ‚
876 1296 910 1326 ζ’]
915 1290 971 1334 sub
978 1290 1132 1333 pristinum

88 1336 139 1365 Μ’
151 1336 215 1368 3⁷⁴·
250 1345 409 1391 servitium
421 1346 534 1388 redegit
547 1369 552 1375 .
568 1344 676 1376 Etiam
688 1343 747 1376 sub
759 1342 880 1376 Carolo
895 1342 1000 1376 Calvo
1013 1366 1024 1381 ‚
1035 1341 1132 1374 Fran-

255 1408 372 1431 corum
386 1396 419 1428 in
434 1394 545 1427 Gallia
561 1393 674 1437 Rege,
702 1393 799 1426 tertio
810 1392 974 1425 Ludovici
985 1391 1037 1424 Pii
1052 1391 1133 1430 filio,

255 1458 325 1480 non
338 1446 399 1478 fuit
410 1444 525 1478 melior
539 1443 626 1477 Cleri
636 1441 748 1476 status.
777 1441 908 1475 Etenim
922 1440 1134 1474 Wenilonem

257 1494 549 1537 Archiepiscopum
562 1492 781 1526 senonensem
795 1515 804 1530 ,
832 1491 920 1532 quod
946 1489 1135 1525 inchoatam

256 1546 424 1580 adversum
437 1542 818 1587 PaganosNortmannos
829 1540 1073 1586 expeditionem
1082 1539 1136 1575 de-

257 1595 401 1629 seruisset·
422 1594 564 1627 reversus
586 1592 626 1625 ad
656 1593 744 1625 suam
778 1590 909 1630 sedem,
947 1590 1025 1623 item
1048 1587 1138 1632 quod

256 1639 405 1679 adversus
417 1642 578 1676 Ludovici
593 1641 774 1676 Germaniae
787 1641 887 1683 Regis
902 1641 934 1672 in
953 1639 1079 1673 Gallias
1102 1639 1138 1671 ir-

257 1693 445 1738 ruptionem
457 1703 560 1736 neque
574 1703 629 1734 per
642 1693 673 1724 se
686 1692 790 1734 ipsum
806 1701 908 1733 neque
923 1700 976 1731 per
986 1689 1140 1723 Ecclefia-

251 1744 373 1787 pssicam
387 1745 477 1778 suam
486 1742 639 1775 militiam
652 1741 802 1774 adfuisset
816 1764 826 1779 ,
855 1740 888 1772 in
913 1739 1062 1772 Tullenfi
1086 1740 1143 1781 Sy-

259 1794 354 1828 ncdo
378 1794 481 1827 dictus
502 1792 639 1826 Carolus
661 1792 800 1835 graviter
824 1789 983 1822 accusavit
998 1814 1004 1820 .
1034 1788 1141 1823 Etiam

262 1843 410 1877 NIcolao
422 1842 528 1885 primo
539 1840 698 1875 Pontifici
711 1864 721 1880 ‚
748 1839 940 1873 Gallicanos
966 1839 1145 1881 Episcopos

262 1892 306 1926 ad
327 1893 414 1925 suam
437 1890 692 1925 Patriarchalem
704 1889 876 1932 Synodum
887 1889 1036 1922 evocanti
1051 1913 1062 1928 ,
1089 1889 1146 1921 res-

265 1942 383 1986 pondit
400 1944 543 1982 majorem
566 1939 777 1983 Episcoporum
797 1947 919 1981 partem
940 1940 986 1970 die
1007 1938 1147 1979 noc‘luque

264 2003 329 2026 cum
338 1991 407 2023 aliis
421 1989 576 2024 Fidelibus
589 1999 688 2022 contra
700 1991 825 2021 Piratas
851 1993 1014 2021 maritimos
1036 1993 1148 2030 invigi-

266 2044 352 2081 iare,
373 2040 406 2073 ob
417 2042 506 2083 idque
523 2052 580 2072 non
593 2040 668 2083 poffe
693 2044 812 2072 venire.
842 2039 885 2071 Et
907 2038 945 2071 ad
973 2037 1147 2072 pardulum

80 1181 134 1208 Au.
151 1180 216 1212 ὅτι.

267 2092 518 2126 Laudunensem
530 2089 728 2133 Episcopum
754 2087 860 2122 scribit
881 2089 1014 2122 Sanctus
1038 2088 1149 2129 Lupus
1172 2114 1175 2115 γ

271 2139 383 2175 Abbas
395 2139 602 2174 Ferrarienfis
615 2153 625 2173 .·
652 2143 717 2182 Ego
727 2137 924 2179 hostemferire
935 2139 969 2172 (tr
981 2143 1079 2170 vitare
1093 2148 1150 2169 non

265 2192 377 2232 didici,
404 2202 454 2224 nec
465 2192 535 2223 vero
547 2197 654 2222 caetera
662 2188 800 2230 pedestris
820 2200 853 2221 ac
874 2187 1011 2229 equestris
1035 2188 1150 2220 militiae

264 2239 355 2280 officia
367 2264 377 2279 ,
404 2251 453 2273 nec
464 2244 526 2272 Rex
541 2239 630 2278 noster
638 2238 709 2282 solis
722 2237 909 2271 bellatoribus
933 2238 1062 2280 indiget.
1094 2236 1146 2270 Eo

163 2301 174 2315 Ι
200 2300 208 2309 ·
266 2287 366 2323 titulo
375 2299 468 2332 rogat
481 2301 534 2331 per
546 2288 677 2322 Parduli
689 2288 771 2331 apud
788 2288 918 2331 Regem
935 2297 1042 2329 preces
1052 2285 1093 2320 ab
1104 2298 1150 2321 ar-

265 2349 354 2373 mata
367 2338 483 2372 militia
497 2339 638 2372 excusari
653 2363 659 2371 .
688 2337 800 2381 Pergit
813 2339 844 2369 in
865 2337 978 2371 litteris
1002 2334 1042 2370 ad
1065 2336 1150 2369 Mar-

265 2388 428 2423 cuvadum
463 2387 627 2422 Abbatem
648 2387 870 2420 prumiensem
884 2398 890 2418 ι
927 2390 963 2419 In
978 2392 1150 2427 Aquitanica

265 2438 464 2480 congreffione,
491 2437 663 2479 manifhstas
677 2446 768 2469 morte
790 2436 956 2476 liberatus,
978 2436 1039 2478 post
1059 2443 1149 2477 capti-

267 2494 373 2522 vitatis
386 2487 479 2527 molest
482 2492 512 2519 ia
529 2511 539 2527 ,
561 2486 675 2530 solutus
687 2497 805 2527 utroque
820 2487 949 2528 periculo
960 2510 970 2526 ,
996 2488 1039 2518 ad
1049 2490 1149 2519 Mona-

264 2531 387 2579 sterium
398 2539 556 2570 redeamus
567 2562 574 2569 .
603 2534 700 2570 Adeo
710 2536 727 2568 ὲ
742 2536 835 2579 Rege
848 2547 915 2569 non
928 2537 1030 2569 fuerat
1052 2547 1148 2570 exau-

267 2589 355 2621 ditus
369 2612 375 2622 2
407 2589 487 2620 Eam
499 2587 591 2621 fuisse
602 2597 733 2630 gravem
748 2586 859 2630 Regni
873 2586 1146 2620 consuetudinem

204 2641 213 2650 ’
269 2637 411 2678 queritur
422 2639 454 2670 in
470 2637 584 2671 litteris
596 2637 635 2670 ad
650 2636 828 2669 Nicolaum
842 2637 982 2679 primum
1006 2635 1143 2670 Pontifi-

270 2697 340 2719 cem
351 2687 550 2721 Hiucmarus
560 2685 829 2730 Archiepiscopus
843 2686 1026 2719 Remensis.
1066 2687 1141 2720 Fuit

271 2735 470 2768 consuetudo
495 2726 577 2771 adel}
597 2738 686 2770 firma
702 2761 711 2775 ‚
738 2746 774 2769 ut
796 2736 915 2771 directo
939 2736 978 2768 ad
1004 2737 1142 2769 eundern

270 2785 398 2829 Regem
410 2785 546 2820 Canone
558 2786 698 2820 statuerit
710 2787 847 2819 secunda
862 2786 1032 2819 Vernensis
1044 2786 1144 2829 Syno-

271 2833 354 2868 dus.-
383 2837 534 2877 ,Quoniam
546 2835 683 2878 quosdam
698 2835 907 2880 Episcoporum
926 2835 963 2868 ab
986 2838 1147 2876 expeditio-

271 2891 321 2918 m's
334 2883 428 2917 labore
437 2889 561 2925 corporis
573 2884 704 2925 defendit
717 2886 898 2919 imbecillitas
916 2909 926 2925 ‚
953 2886 1022 2918 aliis
1048 2895 1145 2918 autem

272 2933 370 2973 vestra
381 2935 571 2977 indulgentia
581 2934 688 2966 canolis
702 2935 856 2976 optabilem
868 2937 995 2978 largitur
1005 2941 1128 2976 quietem
1137 2961 1146 2974 ,

268 2985 500 3026 praecavendum
511 2983 548 3023 est
570 2982 714 3025 utrisque,
742 2996 776 3017 ne
792 2993 848 3026 per
868 2996 963 3018 eorum
985 2983 1147 3027 absentiam

274 3045 321 3067 res
334 3037 474 3067 militaris
488 3032 671 3076 dispendium
682 3039 815 3073 patiatur
827 3059 833 3065 .
861 3035 1001 3067 Mandat
1014 3034 1148 3069 absent-i-

276 3083 335 3117 bus
346 3109 355 3123 ,
382 3093 419 3118 ut
430 3085 516 3117 suam
531 3083 681 3116 militiam
696 3092 772 3115 cum
784 3093 858 3124 apto
871 3085 918 3118 sui
931 3084 1067 3119 Vicario
1079 3086 1148 3119 Du·

276 3145 314 3167 ce
327 3135 466 3167 omnino
477 3133 629 3166 mirtant.
891 3173 899 3180 ὁ

328 3181 363 3215 N
366 3183 487 3216 otanda
498 3183 570 3216 sunt
583 3182 677 3215 verba
690 3205 699 3220 ,
710 3184 849 3224 ,Quietem
859 3182 968 3215 cunHis
979 3183 1149 3223 optabilem:

276 3232 423 3267 Edicunt
433 3243 516 3265 onus
529 3232 613 3266 istud
626 3232 735 3265 invitis
747 3231 917 3275 Episcopis
931 3233 1025 3264 fuisse
1049 3233 1066 3264 ὲ
1090 3233 1150 3266 Re·

276 3293 318 3327 ge
339 3282 512 3324 iniectum.
550 3281 680 3325 Utique
702 3290 814 3316 contra
835 3281 1024 3324 capitularia
1055 3281 1153 3315 Caro-

277 3332 300 3365 li
315 3332 447 3376 Magni.
479 3331 572 3364 Hinc
582 3342 710 3374 gravem
732 3330 1001 3366 consuetudinem
1026 3331 1153 3373 questus

278 3383 341 3416 suit
351 3382 449 3416 etiam
463 3381 663 3414 Hincmarus
676 3406 683 3413 .
705 3381 776 3415 Nec
787 3381 958 3414 defuerunt
969 3381 1154 3414 constantes

280 3432 316 3465 in
327 3432 435 3465 Gallia
450 3431 627 3474 Episcopi,
654 3431 708 3473 qui
721 3431 819 3474 ipsam
843 3430 1002 3473 intrepide
1027 3429 1154 3463 damna-

277 3480 362 3518 ἀπε.
389 3480 571 3514 Damnavit
592 3480 744 3523 Synodus
766 3481 942 3518 Mezdcnus
967 3493 973 3514 :
1014 3482 1155 3523 ,Quicum-

379 3530 566 3573 chrisI.L.np1·
576 3534 796 3573 Oper.Tom.1V.

103 3077 172 3112 Cap.
198 3080 222 3106 8.

1107 205 1666 253 C0N01L1uM.

1653 273 1659 281 ,
1885 223 1905 252 1
1917 220 1982 268 77

1175 303 1228 335 que
1238 304 1275 325 ex
1287 295 1357 325 alc-ro
1369 293 1419 335 effe
1427 291 1570 327 videntur
1582 317 1592 332 ,
1602 294 1688 324 arma
1698 292 1841 323 militaria
1853 289 2052 333 nonsumant‚

1177 354 1228 375 nec
1237 347 1350 374 armati
1361 345 1499 376 incedant
1511 367 1522 382 ‚
1542 339 1666 384 seclsuae
1676 340 1854 383 professionis
1879 340 2052 374 vocabulum
2070 363 2142 400 Cap·
2158 371 2205 399 37,

1177 391 1319 434 Religiofii
1330 393 1457 425 moribus
1477 396 1511 427 (⁴2⁶
1533 391 1636 425 hasam
1653 392 1827 433 praebeant.
1858 391 1924 424 Eos
1936 402 2053 425 omnes

1178 442 1309 475 mandat
1332 440 1498 486 degradari
1522 466 1532 481 ‚
1559 441 1649 486 quod
1671 442 1746 475 Deo
1766 442 1855 473 simul
1880 441 1912 473 &
1938 442 2054 475 saeculo

1182 503 1246 525 non
1271 492 1389 535 possint
1411 492 1568 526 militare.
1596 493 1639 525 Et
1662 493 1695 525 in
1717 493 1774 525 iiio
1793 490 2075 533 CapitulariHes

1182 543 1292 576 sardus
1306 540 1578 583 Archi-episcopus
1589 541 1811 576 Turonensis:
1839 540 2006 580 Presbyteri
2020 543 2053 574 Θ

1182 595 1324 631 Draconi,
1344 588 1372 631 fi
1378 596 1409 622 in
1417 591 1494 624 bella
1505 602 1570 623 cum
1592 597 1686 623 armis
1708 593 1910 635 processerint,
1935 598 1980 624 ita
2006 592 2055 625 de·
2103 619 2106 622 Δ

1180 651 1329 684 ponantur
1353 666 1363 680 ‚
1399 650 1432 673 ut
1454 652 1505 673 nec
1526 643 1649 672 Laecam
1669 648 1894 675 communionem
1905 641 2034 675 habeant
2047 668 2054 675 .

1188 694 1227 725 Et
1239 692 1361 725 rursus:
1391 693 1498 723 Clerici
1509 700 1688 732 quacumque
1704 688 1846 731 seditione
1870 704 1954 724 orma
1976 693 2056 725 detu-
2075 708 2148 745 Cap,
2166 715 2209 742 50·

1183 744 1272 775 ierim
1286 767 1296 781 ‚
1319 740 1379 782 post
1392 739 1592 782 depositionem
1596 745 1690 782 gravi
1697 745 1875 780 poenitentia
1893 746 1924 772 in
1945 754 2058 775 carcere

1184 793 1378 825 retrudantur
1398 815 1404 821 .
1444 791 1486 823 Et
1503 790 1588 822 lsaac
1607 789 1827 833 Lingonensis
1856 788 2058 833 Episcopus.-

1184 844 1293 884 siquis
1314 838 1478 882 Episcopus
1492 864 1501 879 ‚
1530 839 1682 877 Presbyter
1696 863 1706 878 ,
1735 841 1883 871 Diaconus
1897 863 1907 879 ,
1934 842 1985 872 vel
1992 842 2061 873 Sub-

1187 895 1327 925 diaconus
1337 891 1380 922 ad
1387 889 1491 923 bellum
1498 887 1674 931 processerit
1685 913 1695 928 ,
1721 890 1755 922 (δ’
1765 888 1963 922 armabeliica
1975 891 2061 923 indu-

1187 942 1341 983 tusfuerit
1354 941 1396 972 ad
1402 940 1571 973 bellandum
1582 963 1593 979 ‚
1615 939 1654 972 ab
1668 945 1747 972 omni
1768 939 1852 981 officio
1872 941 2039 982 deponatur
2051 965 2062 980 ‚

1189 998 1219 1025 in
1237 1000 1354 1024 tantum
1375 1000 1408 1023 ut
1425 1002 1475 1024 nec
1499 993 1624 1022 Laicam
1656 994 1895 1023 communionem
1924 990 2032 1023 habeat
2055 1015 2062 1022 .
2083 1014 2130 1041 Tit
2173 1023 2183 1042 Ι
2194 1022 2204 1042 ¹

1191 1043 1232 1075 Et
1245 1041 1398 1085 Synodus
1413 1040 1671 1084 Pontigonenfis
1683 1054 1693 1073 .·
1721 1040 1832 1072 Nullus
1838 1038 1919 1081 sacri
1942 1041 2065 1073 Ordinis
2085 1034 2161 1090 esp,
2178 1032 2221 1082 ω’,

1191 1105 1276 1125 arma
1309 1093 1456 1125 militaria
1481 1099 1537 1131 pro
1568 1101 1749 1132 quacumque
1774 1089 1918 1132 seditione
1944 1099 2068 1133 portare

1189 1144 1315 1175 audeat.
1345 1142 1386 1175 Et
1409 1140 1466 1174 sub
1493 1138 1659 1182 Stephano
1687 1141 1804 1183 quinto
1830 1137 1942 1174 habita
1968 1143 2071 1184 Syno-

1191 1194 1250 1227 dus
1276 1192 1449 1225 Metenfis:
1477 1195 1575 1223 Nemo
1593 1191 1768 1223 clericorum
1786 1201 1871 1223 arma
1889 1199 2008 1232 portet.

1243 1241 1305 1276 Sed
1317 1252 1422 1285 neque
1442 1251 1521 1274 tunc
1541 1241 1676 1274 cessavit
1697 1239 1831 1274 abusus.
1870 1241 2007 1275 Etenim
2031 1241 2072 1275 de

1194 1292 1414 1326 Nortmannis
1439 1290 1616 1324 Civitatem
1641 1291 1828 1324 Metenfem
1853 1290 2001 1325 obfidere
2024 1302 2074 1333 pa·
2094 1289 2207 1324 Cap-6·

1197 1341 1339 1375 rantibus
1350 1340 1461 1375 scribit
1474 1341 1608 1384 Regino
1623 1339 1735 1374 Abbas
1747 1340 1940 1374 Prumienfis
1954 1355 1964 1374 :
1984 1341 2077 1383 ‚Quod

1195 1404 1258 1424 cum
1269 1391 1415 1434 reperisset
1426 1389 1557 1432 ejusdem
1566 1390 1653 1422 Urbis
1666 1390 1828 1432 Episcopus
1842 1392 1934 1423 Walo
1946 1415 1956 1430 ‚
1965 1393 2077 1432 adjun-

1180 1438 1185 1470 l
1197 1442 1239 1474 elo
1246 1441 1304 1483 fibi
1315 1439 1449 1481 Bertulfo
1460 1438 1604 1481 Episcopo
1615 1441 1649 1472 (⁴3
1662 1439 1851 1475 Andelbardo
1874 1445 1987 1473 Comite-
2000 1464 2011 1480 ‚
2034 1440 2078 1473 ul-

1198 1501 1242 1524 tro
1254 1491 1314 1523 illis
1327 1489 1448 1522 obviam
1459 1490 1503 1521 ad
1508 1497 1641 1531 pugnam
1649 1491 1782 1529 procedit
1797 1514 1803 1521 .
1829 1493 1907 1523 Inito
1918 1496 2079 1523 certamine

1200 1544 1384 1573 Nortmanni
1397 1538 1523 1576 vic‘i'ores
1538 1543 1700 1570 extiterunt
1713 1561 1723 1575 ‚
1749 1540 1840 1572 Walo
1850 1538 2015 1582 Episcopus
2037 1551 2083 1573 ce-

1182 1572 1291 1630 ¹cidit,
1318 1587 1582 1632 caeterifugerunt.
1610 1587 1710 1634 Qiod
1725 1589 2004 1623 Walonisfactum
2020 1589 2088 1623 lau-

1185 1640 1278 1688 ¹dant
1303 1641 1401 1673 etiam
1429 1638 1604 1672 Fuldenses
1623 1639 1825 1673 Francorum
1848 1639 2016 1680 Annales,
2051 1640 2085 1672 δε

1186 1688 1390 1774 ἱδὶςώετως
1402 1687 1651 1722 Gemblacenfis.
1683 1689 1726 1721 Et
1738 1688 1780 1722 de
1791 1688 1930 1723 Othone
1940 1689 2085 1724 secundo

1206 1741 1239 1773 in
1262 1739 1392 1773 ltaliam
1414 1736 1582 1772 adversum
1604 1738 1777 1772 Saracenos
1798 1751 1966 1784 pugnante
1990 1738 2088 1772 habet

1206 1789 1397 1824 Lambertus
1409 1787 1716 1833 Schafnaburgenlis
1729 1802 1735 1820 :
1757 1789 1834 1823 Otho
1843 1794 2007 1832 Imperator
2022 1790 2090 1823 val·

1207 1842 1243 1872 de
1253 1837 1439 1881 periculosum
1452 1838 1556 1871 hahuit
1569 1840 1710 1879 praellum
1719 1850 1782 1871 cum
1795 1842 1950 1874 saracenis
1969 1845 2002 1872 in
2030 1843 2092 1870 Ca-

1207 1889 1305 1923 labria
1317 1914 1327 1929 ‚
1354 1895 1386 1921 in
1400 1901 1454 1931 quo
1465 1888 1571 1930 praelio
1583 1886 1686 1931 occisus
1703 1888 1741 1930 est
1755 1894 1900 1922 Henricus
1925 1889 2091 1932 Augustien-

1203 1939 1242 1980 fis
1256 1943 1285 1971 E
1290 1938 1390 1980 eclesie
1403 1942 1431 1970 E
1430 1937 1564 1981 piscopus
1577 1950 1642 1971 cum
1652 1941 1721 1971 aliis
1737 1941 1882 1980 plurimis
1909 1938 2068 1982 Episcopis
2079 1962 2087 1970 .

1210 1989 1408 2024 Occubuisse
1422 1990 1466 2022 ait
1479 1990 1513 2022 ὅ(
1527 1989 1607 2021 alios
1620 1989 1808 2023 fortiffimos
1831 1989 1954 2023 milites
1971 2014 1981 2030 ‚
2007 2000 2091 2033 quos

1211 2041 1296 2073 inter
1312 2038 1500 2072 Warnerius
1514 2038 1626 2071 Abbas
1637 2038 1820 2073 Fuldensis.
1850 2040 1893 2074 Et
1905 2039 1947 2073 de
1970 2038 2094 2083 dignis-

1212 2090 1291 2122 fimo
1302 2091 1360 2122 suo
1387 2088 1551 2132 Episcopo
1574 2089 1722 2122 Wazone
1747 2089 1922 2122 Anselmus
1942 2088 2095 2124 Canoni-

1211 2150 1269 2173 cus
1291 2136 1479 2172 Leodienfis
1502 2151 1512 2170 .-
1548 2140 1579 2170 Si
1598 2137 1774 2180 Episcopum
1794 2138 1912 2181 respicio
1937 2163 1948 2179 ,
1986 2140 2091 2172 videor

1212 2187 1285 2220 milii
1298 2189 1400 2221 videre
1409 2186 1568 2230 supparem
1581 2191 1737 2230 Gregori03
1752 2186 1779 2228 fi
1786 2191 1931 2222 militaria
1940 2198 2090 2233 agentem,

1213 2249 1269 2272 non
1292 2243 1433 2279 imparem
1441 2239 1614 2279 contemplor
1634 2237 1685 2280 effe
1716 2237 1906 2272 Machabaeo.
1943 2240 1986 2272 Et
2013 2239 2092 2274 San·

1212 2290 1299 2322 <stum
1314 2288 1517 2328 Annonem,
1554 2288 1767 2322 Goslarienfis
1793 2289 1942 2323 Ecclefiae
1963 2289 2090 2333 Praepo-
2109 2284 2242 2323 Cap-93·

1214 2339 1310 2372 fitum
1323 2362 1333 2377 ‚
1360 2336 1448 2381 quod
1466 2339 1496 2371 in
1507 2339 1679 2372 commisso
1691 2338 1856 2372 adversum
1870 2339 2003 2373 rebelles
2026 2341 2091 2373 lm-

1216 2390 1305 2432 perio
1320 2388 1499 2431 Hungaros
1515 2389 1584 2431 procl
1592 2389 1622 2420 io
1630 2388 1748 2429 fortius
1761 2389 1895 2422 omnibus
1906 2387 2065 2432 dimicaffee
2077 2414 2090 2430 ,

1191 2439 1398 2496 ,Coloniensi
1426 2437 1713 2481 archiepiscopatu
1745 2438 1841 2473 fuisse
1864 2439 1904 2473 ab
1938 2441 2089 2474 Henrico

1191 2497 1193 2518 ἑ
1207 2490 1304 2523 tertio
1316 2488 1512 2531 Imperatore
1523 2486 1684 2521 donatum
1699 2490 1834 2523 affirmat
1847 2501 2007 2534 magnum
2019 2490 2092 2524 Bel-

1190 2530 1252 2583 fgii
1266 2536 1480 2572 Chronicon.
1506 2537 1680 2571 Innumera
1696 2540 1768 2571 sunt
1781 2539 1962 2573 istiusmodi
1983 2551 2093 2574 exem·
2110 2555 2172 2587 1:01„
2198 2564 2249 2591 115

1189 2585 1277 2632 lpla,
1305 2588 1474 2631 praesertim
1499 2589 1568 2630 post
1593 2598 1741 2631 tempora
1764 2589 1936 2623 Pontificis
1957 2591 2093 2624 Formo-

1189 2630 1192 2641 ⁸
1206 2640 1227 2671 (i
1242 2664 1247 2669 .
1276 2638 1425 2672 Abusum
1439 2639 1533 2671 fuisse
1544 2638 1600 2671 suo
1610 2650 1756 2682 tempore
1767 2640 2067 2673 communiffimum
2082 2664 2093 2680 ,

1190 2699 1405 2730 omnemque
1423 2688 1620 2730 Episcopum
1644 2699 1700 2723 aut
1722 2689 1887 2724 Clericum
1902 2715 1911 2728 ,
1939 2688 1996 2732 qui
2019 2689 2093 2723 lori-

1190 2742 1297 2772 ³catus
1312 2738 1443 2780 praeliari
1477 2738 1600 2778 nollet,
1629 2737 1780 2773 habitum
1803 2750 1838 2773 ut
1864 2741 1922 2771 suo
1947 2738 2093 2781 Principi

1190 2782 1369 2832 lperjurum
1406 2812 1416 2827 ‚
1453 2789 1590 2820 affirmat
1607 2811 1617 2827 ‚
1653 2790 1687 2822 ὃς
1710 2790 1854 2831 queritur
1880 2790 1913 2821 in
1945 2787 2028 2820 libro
2051 2789 2092 2822 de

1208 2847 1400 2881 contemptu
1426 2838 1603 2871 Canonum
1630 2838 1804 2872 Ratherius
1822 2839 2003 2881 Episcopus
2027 2838 2093 2872 Ve-

1208 2889 1350 2921 ronensis
1361 2912 1368 2918 .
1405 2889 1496 2925 Sese,
1522 2887 1610 2930 quod
1623 2888 1656 2921 in
1668 2890 1846 2922 exercitum
1860 2898 2026 2929 nunquam
2042 2899 2092 2921 ve-

1192 2939 1291 2971 *niret
1306 2962 1316 2977 ,
1343 2939 1442 2971 fuisse
1465 2936 1506 2971 ab
1531 2938 1656 2971 aemulis
1676 2938 1855 2980 judicatum
1891 2938 2091 2981 Episcopatu

1191 2981 1386 3031 {indignum
1412 3012 1421 3025 ,
1447 2988 1555 3022 asserit
1576 2987 1610 3020 in
1635 2987 1740 3027 libro,
1766 2988 1817 3020 cui
1838 2997 1979 3027 nomen,
2015 2992 2091 3021 Con-

1192 3037 1324 3078 {jec'lura
1350 3038 1526 3079 qualitatis.
1556 3038 1599 3070 Et
1624 3036 1702 3070 hinc
1728 3037 1812 3078 apud
1836 3035 2000 3071 laudatum
2021 3038 2091 3071 An-

1193 3087 1346 3120 'selmum
1371 3087 1522 3119 Raldrico
1547 3086 1714 3118 Leodienti
1741 3086 1903 3128 Episcopo
1927 3110 1936 3125 ‚
1960 3098 2092 3130 peccata

1212 3138 1264 3169 sua
1277 3136 1447 3169 confitenti
1464 3158 1473 3173 ‚
1500 3135 1549 3167 vir
1566 3134 1774 3167 sancliffimus
1788 3135 1929 3178 Joannes
1943 3160 1953 3176 ,
1981 3138 2092 3171 nescio

1212 3186 1303 3228 civjus
1336 3186 1367 3217 in
1391 3183 1484 3216 Italia
1507 3184 1597 3216 Sedis
1620 3185 1800 3227 Episcopus
1823 3209 1833 3225 ‚
1871 3186 1956 3220 dixit
1972 3189 2092 3230 grande

1212 3246 1320 3269 crimen
1330 3234 1379 3277 effe
1392 3256 1401 3271 ,
1426 3234 1609 3266 Sacerdotem
1632 3233 1741 3274 Christi
1752 3260 1762 3275 ‚
1800 3247 1876 3269 more
1898 3245 2024 3271 terrenae
2041 3246 2093 3280 po-

1216 3286 1325 3324 testatis
1344 3306 1353 3321 ,
1373 3288 1532 3315 exercitum
1543 3283 1662 3317 duHare
1676 3308 1686 3323 ‚
1714 3284 1840 3317 humano
1859 3283 2001 3329 sanguini
2021 3293 2092 3320 inte-

1214 3335 1281 3377 rcffe
1293 3357 1303 3372 ,
1328 3341 1369 3365 tot
1391 3331 1522 3365 homines
1541 3341 1598 3374 pro
1620 3338 1707 3369 unius
1725 3334 1822 3376 salute
1845 3343 1950 3377 capitis
1971 3342 2090 3378 perire,

1215 3381 1357 3425 adversus
1380 3381 1506 3423 hostilem
1527 3394 1647 3416 cuneum
1668 3390 1817 3426 oratione,
1843 3397 1901 3419 non
1917 3387 2019 3429 gladio
2034 3392 2091 3425 pu·

1195 3417 1370 3478 lgnandum
1383 3457 1391 3464 .
1420 3431 1463 3466 Et
1475 3433 1537 3466 isto
1550 3444 1605 3475 pro
1619 3444 1751 3477 peccato
1765 3436 1921 3478 insignem
1938 3433 2089 3468 Baldrico

1196 3475 1202 3543 ἱ
1220 3483 1360 3527 injunxit
1372 3482 1596 3528 poenitentiam
1612 3510 1619 3516 .
1651 3483 1690 3517 Et
1707 3486 1746 3518 de
1758 3486 1924 3520 Franeone
1946 3484 2090 3526 ejufflem
2105 3475 2179 3513 GP·
2195 3480 2240 3510 ⁶¹³

1632 3533 1660 3568 Z
1959 3534 2043 3577 apud

2090 1171 2161 1196 Part.
2173 1174 2219 1201 73.

2089 1210 2161 1244 Cap.
2185 1216 2213 1242 9.

2100 1518 2230 1546 An.882.

2110 2016 2165 2044 An.
2179 2017 2247 2050 982.

1193 3167 1196 3189 l
