2352 3736
61 446 138 485 Cap·
156 455 199 481 44-

52 1887 117 1920 Lib.
140 1898 171 1917 2.

57 1931 128 1967 Cap.
141 1937 188 1965 ²3-

53 2344 114 2376 Lib.
146 2354 172 2375 ι.

55 2386 121 2425 Cap
130 2394 189 2415 ιη.

61 3064 131 3104 0²1>-
145 3066 189 3100 78-

64 3306 139 3340 Add.
170 3319 197 3341 ῐ.

63 3358 124 3384 cap.
146 3351 173 3379 8.

519 109 608 139 DE
677 93 716 139 S.
788 92 1123 138 LEOle

1191 89 1427 137 NONI
1495 93 1778 138 Acrls.

1904 100 1999 156 3⁶7

238 181 385 217 Pullos&
406 189 510 213 earnes
528 188 682 221 nunquam
702 175 774 220 sani
799 180 946 218 accipiant
961 199 969 207 .
996 174 1143 216 Infirmisl
1195 175 1342 208 comedere
1347 176 1526 216 praecipiat.
1547 172 1591 206 Et
1611 172 1647 206 in
1668 170 1776 207 Libris
1796 171 1839 208 de
1860 172 2067 213 Clericorum
2082 175 2144 208 Lib.
2164 187 2192 207 2.

237 228 387 275 quidquia
394 229 494 273 neceffe
502 228 597 271 fuerit
611 253 622 269 ‚
648 227 828 265 ministretur
837 252 845 258 .
874 227 919 260 Et
931 223 999 267 ejus
1012 223 1130 257 succes·

236 282 289 315 sor
299 280 435 314 Sant‘Ius
460 278 680 314 Aurelianus:
699 280 815 310 Carnes
835 283 869 308 tn
892 274 951 309 cibo
975 284 1128 316 nunquam

233 328 406 371 sumantur.
440 330 522 363 Pulli
534 330 585 363 vel
609 328 714 362 cunc‘la
736 327 837 360 altilia
858 330 891 358 in
909 329 1128 368 congregatione

234 391 293 413 non
306 379 507 421 ministrentur
521 402 530 412 .
555 379 691 421 Infirmis
702 384 822 411 tantum
832 376 1056 417 provideantur
1069 397 1081 414 ,
1093 374 1128 407 (ν

235 434 364 473 atemere
384 431 488 464 liceat.
515 429 606 463 Etiu
620 428 847 464 Solitariorum
871 424 983 469 regula
1010 424 1128 467 Grym-

234 479 335 514 laicus
370 479 543 522 Presbyter
569 490 578 511 t
606 482 630 511 A
659 476 796 511 carnibus
814 484 878 509 tam
898 473 1128 517 quadrupedum

235 533 328 573 quam
339 532 488 564 volucrum
500 530 618 564 omnin&
627 527 795 568 abstineant
805 550 817 567 ,
842 523 981 567 nififorte'
991 525 1086 566 aliqui
1095 527 1128 554 in

230 585 327 624 gravi
345 581 522 624 aegritudine
534 579 656 620 fuerint
676 577 808 610 detenti.
834 574 940 609 Sandli
961 572 1124 608 Fructuosi

234 631 463 675 Lugdunenfis
476 626 724 670 Archiepiscopi
736 625 848 671 regula
869 634 1005 658 omnem
1025 621 1124 656 etiam

233 679 401 724 gustandae
413 678 518 713 carnis
545 677 717 711 licentiam
739 674 932 720 proscribit,
958 672 1025 715 ejus
1051 682 1125 714 prae-

234 729 431 773 sumptorem
442 728 578 762 damnat
601 726 642 760 ad
668 725 864 760 trimestrem
883 732 1040 757 carcerem
1054 744 1065 761 ‚
1089 721 1124 755 ὅ(

185 811 192 820 ,
233 779 409 824 adjungit:
436 780 562 811 servato
573 785 675 811 tamen
686 777 883 811 moderamine
904 777 1031 814 pietatis
1053 782 1124 815 erga

233 836 408 873 aegrotorum
435 827 647 867 neceffitudines
660 849 671 866 ,
696 816 857 866 vfflvnge
878 819 1123 864 proficiscentium

233 879 397 921 qualitates
412 902 423 917 ,
447 886 481 911 ut
501 878 535 909 et
547 876 714 910 volatilium
724 872 772 917 esu
783 871 893 914 infirmi
899 870 1101 916 sustententur
1112 896 1123 912 ,

232 929 267 961 (θ’
278 931 434 972 longinquo
444 930 548 958 itineri
562 923 715 965 destinati.
742 925 774 957 Si
797 932 852 956 aut
871 924 894 954 ἃ
913 925 1053 963 Principe
1075 923 1126 955 vel

233 975 377 1020 Episcopo
382 974 546 1019 sperantur
556 997 567 1014 ‚
573 982 632 1017 pro
643 973 837 1007 benedic‘Jione
848 973 883 1007 Θ·
893 971 1060 1006 obedientia
1069 973 1121 1006 de-

224 1027 342 1072 gustare
353 1037 411 1059 non
424 1033 562 1059 metuant
576 1048 586 1064 ,
608 1022 768 1067 servantes
780 1023 864 1065 apud
883 1020 917 1065 ft
948 1023 987 1057 de
1012 1023 1122 1064 reliquo

230 1080 444 1111 continentiam
455 1072 618 1118 consuetam
636 1099 643 1106 .
669 1073 796 1107 Tribus
809 1073 844 1106 in
857 1071 981 1107 casibus
993 1072 1122 1116 permit-

229 1127 273 1161 tit
295 1126 401 1161 carnis
419 1126 508 1159 esum
534 1137 541 1156 ε
569 1123 710 1157 lnfirmis
721 1149 732 1164 ,
759 1120 1038 1168 peregrinantibus
1049 1146 1061 1163 ‚
1087 1122 1121 1157 &

230 1176 377 1211 invitatis
387 1174 427 1209 ad
442 1173 585 1209 mensam
598 1172 761 1217 Principis
771 1182 827 1207 aut
840 1172 995 1215 Episcopi
1011 1196 1018 1204 .
1045 1172 1120 1206 San-

229 1228 297 1261 stus
309 1224 561 1264 columbanus,
588 1222 690 1258 &alii
701 1222 836 1267 quidam
858 1222 922 1256 suis
943 1220 1120 1256 Monachis

230 1276 300 1310 sola
313 1275 403 1309 olera
421 1275 652 1318 permiserunt.
682 1273 795 1307 Etiam
823 1273 851 1307 S.
876 1271 1117 1316 Hispalenfium

229 1325 412 1369 Episcopus
423 1324 583 1359 Isidorus.
611 1322 770 1358 Attamen
793 1322 829 1357 in
851 1321 941 1358 festis
963 1320 1118 1368 permittit

228 1374 304 1410 addi
319 1376 455 1409 leviores
469 1384 580 1409 carnes
589 1398 596 1406 .

280 1425 325 1459 Et
338 1424 416 1459 hinc
425 1424 516 1458 vides
536 1422 763 1465 orientalem,
789 1435 858 1468 quae
879 1423 964 1458 inter
982 1422 1118 1468 quadru-

229 1476 327 1520 pedes
337 1473 511 1519 distinguit
533 1475 566 1508 δε
588 1474 681 1509 alites
695 1498 706 1515 ‚
731 1474 950 1512 differentiam
978 1474 1116 1518 viguisse

228 1527 328 1561 etiam
339 1525 373 1560 in
387 1523 587 1560 Occidente.
613 1523 657 1559 Et
667 1524 801 1569 quidem
825 1524 959 1558 Sanetus
980 1522 1119 1557 Benedi-

226 1578 297 1611 eius
307 1574 478 1611 interdixit
489 1576 572 1610 solas
583 1572 808 1618 quadrupedes
819 1595 832 1612 ‚
856 1572 950 1606 alites
971 1570 1115 1605 omnino

226 1625 390 1670 permisit.
420 1625 553 1667 Utique
565 1625 664 1658 etiam
676 1622 716 1657 ad
738 1621 895 1657 duritiam
916 1621 1043 1656 cordis.
1071 1621 1115 1655 Et

225 1673 306 1709 hinc
316 1675 345 1709 S.
359 1674 514 1709 Caesarius
527 1700 539 1718 ,
563 1673 595 1708 S.
609 1672 807 1708 Aurelianus
819 1695 830 1710 ‚
857 1672 886 1705 S.
899 1670 1092 1704 Fructuosus
1105 1693 1115 1709 ,

224 1725 259 1760 S.
271 1724 481 1768 Grymlaicus
493 1747 504 1763 ‚
516 1723 638 1767 aliique
648 1722 752 1766 plures
762 1719 966 1755 exsuflarunt
977 1718 1063 1753 istud
1073 1729 1114 1753 re-

226 1774 414 1819 gulaecaput
426 1797 438 1814 ‚
465 1772 602 1807 &alites
624 1772 702 1807 solis
725 1770 864 1805 infirmis
883 1769 1095 1813 permiserunt
1111 1793 1118 1800 .

226 1823 354 1859 Eadem
364 1823 407 1858 de
427 1834 460 1857 re
474 1821 585 1857 scribit
598 1823 633 1856 in
645 1821 735 1856 libris
747 1819 788 1854 de
800 1819 867 1854 vita
887 1817 1116 1862 contemplati·

225 1885 266 1909 va
287 1873 433 1919 Julianus
447 1872 619 1907 Pomerius
633 1885 645 1905 .-
670 1873 703 1905 Si
722 1872 743 1903 ἃ
767 1868 1007 1912 quadrupedibus
1029 1867 1114 1907 absti-

223 1922 349 1965 nentes,
375 1921 555 1964 Pbafianis,
581 1920 716 1955 altilibus
731 1944 743 1961 ‚
769 1921 820 1954 vel
827 1920 896 1954 aliis
918 1918 1029 1952 avibus
1049 1926 1112 1961 pre-

223 1973 299 2017 tiofis
310 1981 363 2007 aut
372 1970 498 2015 pisi-ibus
506 1965 711 2014 perfruantur
721 1995 732 2012 ,
758 1981 817 2004 non
828 1968 904 2003 mihi
915 1969 1059 2002 videntur
1081 1979 1114 2001 re

218 2024 321 2068 secare
334 2022 543 2056 deleHationes
549 2020 576 2064 s
570 2026 601 2054 ui
612 2024 739 2062 corporis
752 2043 763 2059 ,
771 2017 831 2062 sed
840 2026 973 2060 mutare;
999 2029 1051 2051 nec
1057 2024 1114 2059 pro

223 2073 422 2113 abstinentia,
442 2069 500 2114 sed
521 2071 604 2105 velut
620 2079 678 2112 pro
701 2067 791 2112 nescio
814 2080 874 2111 qua
895 2068 1091 2101 immunditia
1103 2090 1114 2107 ,

225 2124 279 2158 vel
287 2122 362 2156 certe=
373 2145 384 2162 ‚
409 2122 490 2164 quod
498 2121 599 2154 verius
610 2119 649 2161 est
656 2143 667 2160 ,
674 2126 731 2161 pro
736 2118 882 2160 stomachi
891 2116 1062 2161 nausiantis
1073 2125 1113 2151 te-

225 2173 397 2207 neritudine
405 2171 527 2204 delicias
537 2170 608 2204 illas
621 2180 787 2203 communes
808 2179 844 2203 ac
866 2169 944 2202 viles
964 2167 1117 2209 abjicere,

224 2233 282 2266 quo
287 2222 392 2264 poffint
402 2221 473 2255 aliis
483 2231 540 2253 non
542 2218 637 2263 solum
644 2219 792 2254 carnibus
804 2242 816 2259 ,
832 2217 894 2256 sed
902 2223 998 2252 etiam
1007 2219 1111 2251 delica-

229 2272 354 2307 tioribus
381 2281 417 2304 ac
437 2269 653 2313 pretiofioribus
676 2267 749 2312 suas
773 2268 947 2310 voluptates
972 2269 1092 2309 explere
1103 2292 1110 2299 .

225 2323 338 2370 Qem
349 2321 460 2355 locum
467 2320 601 2354 adducit
613 2317 749 2353 inlibris
761 2317 802 2352 de
812 2317 912 2353 Laica
935 2316 1111 2352 institutio-

225 2383 293 2413 ne,
315 2372 350 2406 δι
372 2370 484 2405 laudat
508 2370 609 2413 Jonas
634 2368 815 2412 Episcopus
843 2367 1104 2402 Aurelianensis.

223 2421 307 2456 Non
318 2421 465 2465 quasvis,
490 2419 544 2454 sed
555 2419 638 2454 solas
648 2418 785 2462 majores
805 2428 844 2452 ac
862 2417 1012 2461 pretiosas
1032 2428 1106 2452 aves

223 2470 409 2506 interdicit.
440 2470 484 2504 Et
502 2469 544 2504 de
556 2470 587 2504 S.
600 2468 733 2513 Efigio,
748 2468 835 2511 prius
848 2465 1020 2502 Monacho
1031 2491 1041 2508 ‚
1068 2479 1106 2503 ac

223 2520 345 2556 deinde
354 2519 561 2555 Tornacenfi
577 2519 740 2562 Episcopo
754 2517 865 2566 scribit
887 2518 1020 2552 Sanetus
1041 2516 1110 2551 Au-

224 2571 351 2605 doenus
372 2568 645 2613 Archiepiscopus
665 2565 958 2613 Rothoniageniis:
985 2567 1056 2601 080
1077 2569 1111 2602 (9

226 2621 325 2653 decem
332 2620 484 2660 fluxerunt
496 2625 592 2659 anni,
618 2618 724 2661 quibus
735 2629 888 2661 nunquam
901 2623 1006 2651 vinum
1017 2616 1111 2659 haufit

227 2674 260 2702 in
272 2670 372 2710 poculo
383 2692 391 2700 .
404 2672 450 2702 De
459 2668 597 2703 carnibus
609 2670 679 2702 vero
694 2669 796 2702 melius
808 2676 983 2710 tacereputo
997 2693 1007 2707 ,
1019 2670 1111 2710 quam

227 2718 345 2760 aliquid
364 2717 461 2750 dicere
481 2741 494 2758 ,
518 2719 756 2760 quandoquidem
791 2728 841 2751 eas
855 2718 919 2760 post
937 2717 1111 2759 propofitum

228 2779 280 2802 nec
289 2768 375 2801 edere
383 2765 502 2808 passus,
507 2765 546 2808 fit
556 2777 607 2799 nec
616 2774 781 2811 attingere,
801 2769 910 2802 &cum
918 2772 950 2800 in
967 2768 1112 2808 praedii‘lo

226 2829 372 2850 annorum
380 2814 479 2859 spatio
489 2825 551 2849 una
561 2817 679 2849 tantum
689 2818 738 2850 die
760 2828 826 2851 eum
846 2822 1027 2850 meminerim
1043 2826 1111 2859 pro·

221 2875 291 2910 pter
301 2864 478 2909 hospitium,
498 2864 644 2898 charitate
664 2870 800 2910 exigente
821 2889 832 2905 ,
870 2868 908 2900 de
929 2867 1107 2900 Volatilibus

227 2918 373 2950 modicum
385 2917 459 2958 quid
481 2914 622 2959 gustaffe.
650 2914 695 2949 Et
716 2914 987 2959 Aquisgranenfis
1004 2915 1109 2950 Abba-

227 2977 300 3001 tum
321 2966 378 3000 sub
401 2965 563 3000 Ludovici
587 2962 639 2997 Pii
670 2963 812 3006 Imperio
836 2964 1030 2999 Conventus
1053 2965 1111 3002 sta-

227 3017 293 3050 tuit
318 3027 326 3048 :
359 3016 498 3050 Volatilia
519 3020 550 3048 in
573 3015 687 3048 Natali
712 3015 830 3046 Domini
852 3015 887 3048 6·
916 3019 949 3046 in
969 3012 1110 3057 Pascha,

229 3074 346 3099 tantum
367 3075 492 3108 quatuor
513 3064 614 3098 diebus
626 3089 637 3105 ,
652 3062 681 3105 fi
693 3061 736 3106 est
755 3063 833 3096 unde*
850 3086 861 3102 ‚
883 3065 1055 3106 comedant,
1084 3065 1113 3107 fi

230 3117 303 3149 vera
328 3125 384 3147 non
396 3115 496 3157 suerit
519 3115 597 3149 unde
611 3136 622 3153 ,
641 3124 698 3146 non
718 3118 887 3155 requiratur
891 3121 949 3155 per
958 3113 1107 3148 debitum.

231 3169 263 3199 si
289 3173 389 3197 autem
420 3165 518 3198 abbas
550 3173 602 3197 aut
622 3162 758 3196 Monachi
789 3161 938 3205 abstinere
954 3161 989 3205 se
1010 3165 1107 3198 volue-

232 3221 296 3249 rint
319 3238 330 3254 ,
355 3212 394 3255 fit
414 3219 446 3246 in
464 3225 560 3249 eorum
582 3214 706 3247 arbitrio
723 3238 729 3245 .
763 3213 807 3246 Et
827 3212 862 3245 in
880 3212 1022 3255 ejusdem
1042 3213 1109 3248 Lu·

231 3264 344 3299 dovici
367 3263 570 3306 Capitularia
591 3263 730 3298 habent:
753 3266 791 3296 Ut
814 3262 956 3295 Volatilia
975 3268 1053 3295 intus
1056 3263 1108 3304 fo·

232 3314 313 3359 risve
325 3338 335 3354 ,
356 3311 412 3354 nisi'
422 3321 479 3355 pro
501 3313 696 3355 infirmitate,
716 3311 851 3345 Monacbi
881 3312 961 3344 nullo
980 3321 1108 3355 tempore

232 3365 383 3399 comedant
395 3386 403 3398 .
427 3367 465 3398 Ut
477 3364 573 3398 nullus
585 3361 792 3407 Episcoporum
802 3360 954 3398 Monachis
966 3363 1106 3398 Volatilia

1193 223 1405 259 Institutione
1433 223 1591 258 Rabanus
1613 222 1764 260 Maurus.
1785 227 1895 258 Avium
1906 222 1985 267 esum
1995 229 2069 261 inde?
2083 225 2148 255 0³?-
2173 224 2203 252 ⁷·

1190 274 1277 307 credo
1289 274 1431 308 Patribus
1444 275 1496 317 effe
1502 273 1670 316 permissum
1680 297 1691 313 ‚
1717 284 1748 306 eo
1757 275 1841 315 quod
1860 286 1899 308 ex
1907 275 2006 309 eodem
2018 276 2071 309 ele·

1191 331 1306 364 mento,
1334 326 1371 359 de
1388 321 1618 368 quo&Pis2·e1,
1645 332 1753 357 creata·
1758 322 1846 366 sunt.
1873 328 1997 359 Namin
2007 328 2072 359 Mo-

1191 372 1347 407 nacborum
1372 375 1473 419 regula
1498 386 1556 407 non
1581 379 1750 407 invenimus
1787 374 1916 408 aliarum
1935 381 2071 410 caralim!

1189 421 1269 466 esum
1281 425 1341 457 illis
1353 424 1569 458 contradmum
1578 424 1646 467 effe,
1672 425 2012 467 quamquadrupedum.
2038 426 2070 461 E

1189 473 1404 509 Benedistino
1416 473 1591 509 Monacho
1604 475 1827 519 Moguntinus
1847 473 2073 519 Archiepisco·

1189 534 1247 566 pus
1258 524 1306 558 sui
1317 523 1422 558 Patris
1434 524 1579 569 regulam
1592 535 1647 566 per
1659 525 1850 559 consueram
1861 534 1940 560 tunc
1952 525 1986 560 in
1998 537 2072 561 om·

1190 574 1224 606 ni
1239 573 1423 608 Occidente
1446 573 1718 608 Antonomasiam
1737 575 1877 618 appellat
1903 575 2070 620 Regulam

1187 622 1453 658 Monachorum.
1483 622 1613 667 Regula
1634 623 1737 657 sancit
1747 624 1787 658 de
1808 626 1970 660 infirmis.-
1996 629 2072 659 Car·

1186 679 1268 706 nium
1278 671 1344 716 esus
1355 673 1481 715 infirmis
1504 676 1621 706 omnino
1645 672 1788 707 debilibus
1804 682 1861 716 pro
1883 682 2070 717 reparatione

1185 724 1358 755 concedatur
1368 746 1375 754 .
1403 726 1444 754 At
1455 722 1504 755 ubi
1515 723 1660 755 meliorati
1665 721 1783 762 fuerint
1794 747 1804 762 ‚
1833 726 1853 756 ἂ
1864 725 2002 759 carnibus
2013 737 2072 759 me-

1185 783 1218 806 re
1225 770 1310 815 filito
1320 782 1418 805 omnes
1430 770 1610 812 abstineant.
1640 770 1684 805 Et
1693 769 1734 805 ad
1754 771 1821 806 haec
1845 773 1937 807 verba
1960 775 2070 811 scribit

1186 822 1216 855 S.
1232 821 1402 856 Abbatifl‘a
1423 820 1655 867 Hildegardis:
1683 824 1799 855 Carnes
1819 831 1884 855 tam
1904 825 2070 866 quadrupe-

1185 873 1258 905 dum
1268 874 1359 915 quam
1370 873 1536 906 volatilium
1546 871 1670 916 intelligi
1680 873 1749 906 vult
1758 897 1770 913 ‚
1781 873 1816 906 ὑ
1826 872 1926 906 nullas
1939 883 2046 908 carnes
2059 896 2072 915 ,
2084 866 2157 906 0²9·
2167 867 2224 898 ²⁶⁶·

1184 931 1260 965 quas
1270 921 1401 956 homines
1410 924 1556 957 comedere
1570 921 1690 966 solent,
1719 927 1848 965 excipit.
1874 927 1915 956 At
1935 923 1986 957 ubi
2011 935 2070 959 me-

1183 974 1283 1006 liorati
1291 972 1410 1015 fuerint
1421 997 1433 1013 ,
1458 974 1478 1005 d
1499 972 1637 1007 carnibus
1658 984 1759 1007 omnes
1781 984 1861 1007 more
1875 971 1960 1016 solito
1984 974 2071 1015 absti-

1184 1032 1275 1057 neant
1291 1047 1299 1056 .
1325 1025 1438 1057 Scilicet
1452 1025 1472 1056 ἆ
1483 1024 1619 1057 carnibus
1630 1024 1876 1066 quadrupedum.
1905 1022 2070 1068 ,Quiasani

1183 1074 1274 1114 illas,
1300 1082 1330 1108 et
1337 1071 1453 1117 succum
1464 1084 1566 1111 earum
1588 1074 1734 1108 comedere
1757 1085 1815 1107 non
1834 1072 1992 1118 solebant,
2014 1072 2072 1118 sed

1183 1123 1311 1165 infirmi.
1338 1125 1411 1158 sani
1424 1126 1496 1157 vero
1507 1134 1610 1157 carnes
1622 1124 1789 1156 volatilium
1799 1148 1810 1164 ,
1837 1129 1974 1167 quoniam
1985 1136 2069 1158 mun-

1184 1175 1231 1206 dae
1241 1172 1329 1216 sunt,
1359 1184 1412 1208 nec
1422 1175 1578 1209 ardentem
1588 1173 1744 1207 libidinem
1756 1174 1971 1207 comedentibus
1995 1173 2071 1216 inse·

1185 1232 1275 1266 runt,
1300 1224 1523 1259 manducabant
1543 1248 1550 1256 .
1579 1223 1689 1258 Etiam
1708 1224 1727 1257 a
1747 1222 1844 1257 nobis
1860 1222 1996 1258 adducta
2022 1235 2072 1258 re·

1183 1273 1263 1317 gulae
1281 1273 1379 1308 verba
1402 1298 1414 1315 ,
1449 1278 1596 1307 Carnium
1625 1273 1847 1316 quadrupedum
1870 1273 1910 1307 ab
1932 1272 2070 1308 omnibus

1182 1322 1361 1364 abstineatur
1370 1323 1495 1366 comestio
1506 1348 1518 1365 ,
1544 1321 1653 1358 laudat
1665 1322 1800 1358 inferius
1811 1347 1822 1364 ,
1848 1332 1946 1367 atque
1955 1323 2071 1367 adjun-

1182 1373 1250 1418 git:
1277 1377 1324 1407 De
1331 1374 1504 1409 Volatilibus
1515 1378 1615 1408 reticet
1631 1398 1643 1416 ‚
1669 1380 1807 1416 quoniam
1818 1372 2012 1414 comestionem
2033 1374 2070 1406 il-

1180 1425 1272 1457 lorum
1283 1423 1369 1467 sanis
1382 1436 1438 1459 non
1462 1425 1631 1459 interdicit.
1658 1429 1744 1457 Nam
1767 1426 1875 1458 Patres
1892 1448 1903 1464 ‚
1929 1429 1999 1467 quia
2017 1422 2071 1467 suo

1180 1481 1306 1515 tempore
1319 1475 1527 1509 Monachorum
1537 1472 1719 1517 conversatio
1728 1475 1812 1507 rudis
1833 1474 1868 1507 ὁ·
1889 1472 1988 1507 adhuc
1999 1473 2070 1515 serii

1179 1521 1299 1565 infhlita
1307 1533 1374 1556 erat
1384 1548 1396 1563 ,
1421 1523 1497 1566 esum
1507 1530 1640 1557 carnium
1654 1522 1722 1566 ipfis
1732 1532 1789 1565 per
1799 1527 1897 1556 omnia
1918 1523 2073 1556 interdice-

1179 1583 1211 1606 re
1223 1572 1401 1606 devitabat.
1429 1573 1514 1607 Unde
1526 1581 1559 1607 ut
1569 1571 1619 1617 esu
1640 1574 1806 1606 volatilium
1825 1580 1978 1606 uterentur
1989 1597 2001 1614 ,
2026 1578 2070 1606 eis

1175 1622 1370 1664 permittebat
1390 1646 1396 1654 .
1437 1623 1501 1657 Per
1536 1621 1753 1658 monasticam
1787 1623 2072 1658 conversationem

1178 1682 1248 1705 non
1275 1670 1343 1714 ipsa
1369 1679 1449 1706 tunc
1485 1681 1541 1715 per
1566 1682 1703 1706 omnem
1729 1671 1896 1715 Europam
1921 1673 2071 1717 frequen-

1178 1719 1298 1754 tiffima
1341 1719 1544 1756 Monasteria
1574 1745 1587 1763 ‚
1620 1720 1674 1756 sed
1712 1721 1870 1766 intelligit
1907 1722 2071 1758 Monassi-

1177 1768 1482 1814 camdisciplinam.
1507 1772 1590 1806 Haec
1617 1780 1696 1806 tunc
1716 1781 1784 1807 erat
1807 1771 1942 1809 insolita
1961 1774 1997 1807 ἀ
2020 1785 2071 1807 ru-

1179 1819 1230 1854 dis
1241 1844 1253 1860 ‚
1274 1820 1329 1854 seu
1339 1819 1519 1856 deformata
1531 1845 1542 1862 ,
1563 1820 1762 1865 ideoqueedi
1771 1821 1919 1857 volatilia
1931 1824 2070 1858 sanctus

1179 1869 1372 1905 Benedictus
1394 1869 1627 1915 dispensatorie
1648 1871 1808 1916 permisit.
1832 1871 1878 1906 Et
1900 1870 1980 1907 hinc
2003 1885 2071 1908 ma-

1179 1920 1332 1955 nifestum
1361 1931 1501 1956 errorem
1522 1922 1698 1955 continent
1731 1920 1799 1956 haec
1835 1922 2025 1957 Cardinalis
2049 1926 2069 1958 ὲ,

1177 1970 1428 2005 Turrecremata
1440 1970 1482 2005 ad
1505 1971 1614 2006 Sancti
1635 1969 1739 2004 Patris
1762 1969 1927 2016 Regulam
1948 1972 2069 2006 verba.-

1178 2022 1261 2054 Licet
1270 2021 1298 2053 5.
1314 2023 1405 2053 Pater
1416 2020 1535 2054 tantum
1549 2025 1678 2054 nominet
1688 2031 1792 2054 carnes
1818 2022 2066 2066 quadrupedum,

1172 2068 1334 2112 probibitio
1347 2078 1448 2105 tamen
1461 2071 1633 2105 extenditur
1645 2082 1664 2105 u
1665 2068 1737 2114 sque
1746 2071 1792 2104 ad
1800 2081 1901 2105 carnes
1910 2078 2002 2106 etiam
2025 2072 2068 2106 bi-

1172 2120 1285 2162 pedum
1298 2143 1310 2160 ,
1330 2117 1440 2162 ,scilicet
1451 2121 1635 2155 volatilium.
1662 2121 1740 2153 Cum
1759 2126 1839 2155 enim
1861 2132 1964 2156 carnes
1981 2124 2067 2157 vola-

1175 2170 1273 2203 tilium
1277 2168 1339 2211 fint
1349 2169 1489 2203 dulciores
1501 2195 1513 2211 ,
1539 2175 1635 2214 magIs
1649 2170 1783 2205 delicata
1792 2196 1802 2212 ,
1826 2170 2066 2214 &pretiofiores,

1175 2220 1295 2262 quando
1307 2224 1406 2253 minus
1432 2220 1576 2254 delicatas
1597 2225 1718 2261 vetuit,
1734 2223 1839 2263 procul
1857 2221 1945 2255 dubio
1966 2228 2066 2268 magis

1174 2270 1318 2303 delicatas
1344 2270 1379 2303 <tt
1401 2269 1577 2311 pretiosiores
1594 2265 1750 2313 probibere
1767 2272 1929 2306 credendus
1953 2298 1960 2305 .
1998 2274 2066 2307 uos

1174 2325 1254 2353 enim
1278 2319 1451 2354 sannorum
1473 2320 1511 2360 eli
1533 2326 1566 2353 in
1586 2325 1693 2354 minori
1713 2322 1919 2363 comprendere
1939 2325 2063 2365 majus..

1180 2370 1232 2404 Ex
1244 2370 1293 2403 sui
1305 2371 1461 2414 temporis
1474 2370 1566 2405 sensu
1581 2371 1615 2405 ὅ(
1635 2370 1806 2414 disciplina
1827 2371 1890 2406 fuit
1913 2372 2065 2415 locutus,

1177 2420 1297 2454 avitam
1309 2419 1519 2463 disciplinam
1533 2431 1600 2455 non
1613 2419 1709 2464 plene
1720 2421 1900 2456 intellexit.
1928 2421 2064 2458 Interim

1175 2470 1258 2504 circa
1279 2469 1400 2504 avitam
1415 2471 1498 2505 inter
1520 2469 1742 2514 quadrupedes
1763 2471 1798 2506 ὅ(
1818 2470 1948 2516 bipedes
1967 2472 2062 2507 diffe-

1173 2520 1313 2555 rentiam
1325 2519 1426 2554 nostri
1436 2519 1581 2563 Maiores
1602 2520 1690 2555 varie
1711 2521 1896 2556 senserunt.
1924 2521 2012 2556 Nam
2026 2523 2061 2557 ὄσ

1173 2569 1310 2603 leviores
1321 2579 1432 2604 carnes
1443 2594 1456 2611 ,
1482 2581 1563 2614 quas
1576 2570 1675 2605 etiam
1690 2571 1723 2604 in
1737 2570 1922 2606 Refectorio
1933 2572 1986 2606 edi
1997 2572 2061 2606 die-

1172 2618 1340 2654 busFestis
1354 2620 1514 2663 permittit
1535 2620 1671 2655 SancSlus
1693 2619 1854 2664 Isidorus,
1879 2631 1973 2657 erant
1993 2633 2060 2657 car-

1172 2680 1228 2703 nes
1237 2669 1439 2703 avicularum
1452 2695 1459 2702 .

1220 2718 1266 2752 Et
1276 2716 1385 2753 omnis
1396 2717 1463 2753 haec
1472 2718 1644 2762 disciplina
1654 2719 1824 2754 adstrinxit
1833 2719 1932 2754 etiam
1943 2722 2060 2756 assum-

1173 2778 1245 2812 ptos
1263 2765 1283 2801 ὲ
1307 2766 1486 2802 Monachis
1510 2769 1690 2812 Episcopos
1712 2770 1747 2805 ὅ(
1770 2769 1932 2804 Clericos.
1963 2771 2058 2806 Hinc

1170 2819 1257 2852 enirn
1270 2817 1311 2852 de
1321 2820 1437 2854 Sancto
1455 2818 1605 2852 Martino
1618 2818 1728 2852 scribit
1740 2819 1774 2854 in
1791 2819 1858 2862 ejus
1869 2819 1933 2855 vita
1951 2820 2059 2865 Sulpi-

1171 2868 1234 2902 xius
1246 2869 1396 2903 Severus:
1423 2869 1544 2910 sumpto
1566 2867 1747 2912 Episcopatu
1768 2873 1921 2903 Martinus
1941 2872 2056 2913 qualem
2073 2866 2183 2907 Cap-7.

1166 2917 1200 2961 se
1211 2926 1412 2961 quantumque
1425 2917 1591 2960 prestabat
1601 2943 1613 2960 ,
1637 2930 1696 2953 non
1713 2919 1753 2960 est
1773 2920 1876 2960 nostrae
1891 2919 2055 2962 facultatis

1169 2968 1306 3002 evolvere
1316 2993 1323 3000 .
1351 2969 1470 3002 Eadem
1482 2974 1514 3002 in
1525 2970 1611 3002 corde
1620 2971 1682 3010 eJ'us
1696 2968 1848 3003 humilitas
1859 2993 1875 3010 ,<
1893 2972 1996 3004 eadem
2019 2976 2052 3006 in

1171 3017 1277 3058 vestitu
1289 3021 1397 3052 vilitas
1408 3028 1474 3053 erat
1486 3043 1493 3050 .
1520 3022 1606 3052 Nam
1617 3020 1651 3053 (¹5
1662 3017 1824 3061 Epiftopus
1834 3025 1930 3054 erexit
1941 3026 2052 3061 novum

1171 3066 1374 3108 monasterium
1382 3090 1393 3107 ‚
1418 3073 1502 3101 vluit
1519 3074 1553 3101 in
1565 3067 1628 3111 ipsi>
1636 3091 1646 3107 ‚
1672 3068 1704 3102 ὦ·
1713 3075 1746 3102 in
1756 3076 1900 3104 communi
1924 3068 2051 3105 mandu-

1168 3123 1251 3150 cavit
1263 3116 1365 3161 mensa
1376 3142 1387 3157 ,
1412 3123 1445 3150 in
1453 3128 1512 3160 qua
1523 3118 1620 3151 nullus
1628 3123 1735 3152 vinum
1757 3126 1865 3162 novit,
1890 3119 1947 3162 nifi
1962 3131 2050 3164 quem

1169 3167 1327 3210 infirmitas
1339 3167 1479 3210 coegiffet.
1507 3166 1654 3202 Eandem
1665 3169 1807 3214 regulam
1829 3170 1991 3205 servarunt
2004 3170 2052 3205 as-

1171 3217 1286 3260 sumpti
1298 3228 1339 3251 ex
1352 3217 1414 3251 isto
1437 3217 1639 3252 Monasterio
1663 3218 1841 3264 Episcopi,
1865 3220 1908 3255 de
1929 3220 2049 3266 quibus

1170 3268 1273 3311 pergit
1289 3267 1422 3300 Severus
1433 3279 1440 3299 :
1469 3269 1577 3301 Plures
1586 3280 1624 3302 ex
1639 3268 1686 3301 his
1691 3269 1790 3311 postea
1801 3268 1960 3313 Episcopes
1968 3270 2046 3303 vidi-

1168 3328 1234 3350 mus
1247 3342 1254 3349 .
1283 3318 1364 3360 ,ραι
1375 3321 1453 3350 enim
1463 3317 1527 3361 esset
1536 3322 1644 3352 civitas
1653 3327 1707 3352 aut
1728 3318 1855 3361 Ecclefia
1865 3345 1876 3360 ,
1901 3331 1968 3362 quae
1987 3327 2045 3350 non

1162 3366 1198 3411 se
1211 3368 1247 3401 de
1261 3369 1387 3402 Martini
1399 3366 1566 3409 Monasterio
1586 3375 1701 3411 cuperet
1720 3366 1830 3406 babere
1852 3365 2047 3407 sacerdotes-3

1953 3415 1998 3449 Et
