2352 3736
120 532 180 564 lib.
205 545 229 562 ι,

118 577 203 610 J-pur.
229 583 253 602 ι.

112 799 171 846 Lib.
202 808 225 827 2.

105 839 193 878 Lpili.
229 849 261 880 j»

366 182 459 228 188
683 177 1012 221 SAN.c·1·1

293 276 383 309 gnus
394 260 526 300 Basilius
538 285 545 294 .
569 260 613 294 Et
626 258 711 295 hisce
722 261 844 295 cunetis
852 267 1020 303 permotus
1031 258 1101 292 Leo
1114 269 1171 292 no-

296 325 357 348 nus
370 312 557 355 >praesentem
575 312 680 344 emisit
702 311 894 344 Canonem.
925 308 1034 354 =Q0d
1058 318 1167 343 tamen

295 358 453 405 speratum
465 362 603 395 frustum
627 361 820 397 consecutus
842 369 911 390 non
935 358 1057 397 fuerit,
1080 360 1170 395 lucet

293 423 336 445 ex
348 411 478 445 laudato
489 411 587 445 Petro
596 409 757 445 Damiani
770 431 781 447 ,
793 418 963 451 corruptos
975 408 1024 446 ¹sui
1044 420 1170 452 tempo-

291 461 334 494 ris
345 471 450 494 mores
462 457 693 502 deplorantein
707 458 824 491 litteris
848 457 888 491 ad
911 458 1104 492 Cardinales
1126 459 1169 497 E-

289 510 440 554 piscopos
464 523 471 541 2
497 514 533 540 Iu
547 507 747 548 faederandis
766 510 912 552 ,conjugiis
931 508 1079 552 legitimus
1096 511 1170 543 ordo

286 560 482 601 ,confunditur
495 581 505 597 ‚
525 558 563 589 (θ’
574 581 583 596 ,
601 568 618 588 0
628 556 716 598 nefas
729 582 739 598 ‚
749 557 787 590 ab
799 563 842 591 eis
852 563 889 593 ,in
901 563 1028 592 veritate
1028 563 1064 607 J
1067 560 1169 593 udaice

294 615 415 644 ‚vivitur
428 632 438 648 ,
464 611 516 648 qui
516 607 671 652 superficie
683 616 769 641 tenus
781 607 948 648 Christiano
959 610 1095 643 vocabulo
1101 611 1167 650 pal-

287 662 418 694 liantur.
447 656 492 694 *Et
505 655 580 704 quia
592 657 861 702 inrerMagnates
869 659 1040 704 praesertim
1056 662 1176 705 graffa-v

286 710 314 743 ri
328 707 499 742 consuevit
511 707 640 750 peffima
654 708 749 750 pestis
762 733 773 749 ‚
799 707 881 745 hinc
892 710 932 743 ad
946 709 1165 747 Guilielmum

286 758 457 793 Comitem
478 757 711 798 Pistaviensem
737 784 748 799 ,
773 759 890 793 eadem
907 770 1011 803 ,nuper
1028 761 1166 794 macula-

284 818 355 843 tum
369 835 378 850 ‚
391 808 508 843 merito
521 809 638 852 scripsit
654 809 832 853 Gregorius
844 810 995 853 septimus
1010 823 1021 843 .·
1046 814 1103 847 Ex
1116 810 1175 843 boc'

279 860 425 897 ,nobilitas
429 865 548 903 generis
573 859 663 892 valde
680 865 898 901 corrumpitur,
921 871 989 897 cum
1007 862 1108 906 proles
1128 863 1164 894 de

281 921 345 947 ,mn
354 913 488 954 legitima
497 911 625 953 conjugii
630 916 830 950 permettone
837 921 998 954 generatur
1011 936 1018 943 .

333 961 381 994 At
405 961 532 1004 inquies
544 972 555 997 ,ε
583 958 765 1001 spiritualis
785 960 872 998 inter
890 961 1080 1000 Robertum
1104 957 1173 996 Re?

278 1023 359 1056 -gem
372 1011 405 1044 &
418 1009 570 1047 Bettham
585 1009 794 1047 ,Comitiffam
807 1012 1017 1056 cognationis
1028 1010 1163 1054 impedi·

280 1071 430 1096 mentum
441 1060 600 1103 eratjuris
610 1059 779 1098 dumtaxat
802 1061 956 1104 positivi,
979 1073 1039 1096 cur
1061 1063 1162 1105 igitur

281 1111 463 1157 Gregorius
476 1113 583 1144 sextus
595 1109 753 1150 Pontifex
765 1112 799 1145 δε
814 1111 978 1149 Gallicani
1005 1111 1159 1155 Episcopi

279 1162 413 1207 Regem
435 1161 794 1206 excommunicatum,
820 1174 859 1196 ac
878 1173 981 1195 omne
1003 1162 1159 1206 Regnum

276 1213 520 1258 supposuerunt
534 1210 756 1246 Ecclesiastico
770 1210 942 1246 interdieto
953 1212 971 1243 ,ἒ
997 1211 1069 1245 Cur
1090 1221 1161 1245 tan-

279 1273 317 1297 to
331 1265 525 1300 cunssorum
537 1263 571 1295 in
582 1262 676 1296 omni
689 1261 797 1295 Gallia
809 1261 1045 1297 elementorum
1067 1270 1160 1296 motu

277 1313 344 1348 fuit
355 1316 463 1357 opus?
489 1314 559 1347 Cur
570 1312 761 1355 Apostolica
774 1312 807 1345 δε
822 1312 1007 1356 Episcopali
1019 1311 1160 1346 authori-

278 1374 346 1400 tate
358 1362 633 1406 impedimentum
647 1372 714 1396 non
728 1361 953 1404 dispensarunt
969 1363 985 1394 ,ἒ
1013 1363 1159 1407 Respon-

277 1414 343 1450 deo
352 1413 547 1448 hodiernam
556 1412 857 1449 Matrimonialium
874 1413 1158 1455 dispensationum

275 1465 472 1500 facilitatem
485 1474 565 1496 tunc
575 1473 645 1497 non
667 1463 786 1496 fuisse:
806 1463 910 1497 Nulla
933 1473 1034 1502 tunc,
1057 1465 1158 1498 etiam

279 1515 391 1560 Regia
404 1513 454 1550 vel
471 1512 621 1556 Augusta
636 1536 646 1551 ,
670 1511 749 1545 licet
760 1513 795 1549 in
809 1513 901 1548 sexto
910 1511 1082 1548 dumtaxat
1103 1524 1158 1548 aut

278 1567 420 1609 septimo
432 1561 600 1610 sanguinis
612 1561 660 1595 vel
671 1562 842 1599 affinitatis
851 1562 954 1608 gradu
965 1587 976 1603 ,
1003 1563 1054 1598 vel
1068 1563 1158 1607 igno-

275 1627 387 1653 ranter
397 1614 560 1649 contracta
572 1637 583 1652 ‚
611 1612 709 1656 longe
719 1612 828 1646 minus
839 1611 1063 1647 contrahenda
1088 1614 1159 1648 Ma-

278 1665 437 1701 trimonia
457 1662 724 1706 dispensabantur
738 1686 749 1702 ,
775 1662 828 1696 sed
837 1664 951 1697 cundia
965 1663 1160 1699 dirimeban-

276 1717 434 1759 ,tur-juxta
448 1715 591 1758 rigorem
604 1714 766 1749 sacrorum
786 1711 982 1746 Canonum.
1013 1711 1160 1755 Ejusmo-

274 1767 312 1801 di
326 1764 584 1810 dispensationes
596 1761 680 1796 adeo
692 1771 771 1796 tunc
794 1762 970 1807 ignorabat
993 1761 1137 1799 Ecclefia
1149 1787 1159 1803 ,

278 1827 315 1852 nt
327 1818 471 1851 Francus
492 1814 626 1859 quidam
645 1813 759 1847 Roma
780 1812 885 1847 redux
900 1838 911 1853 ,
935 1813 1079 1848 similem
1101 1813 1158 1847 fibi

276 1868 391 1902 datam
411 1866 590 1900 asseverans
607 1864 626 1897 a
651 1863 814 1907 Gregorio
844 1863 945 1897 tertio
974 1863 1161 1903 pontifice,

274 1929 318 1953 ae
340 1917 409 1961 ejus
430 1916 546 1960 vigore
569 1913 767 1957 praetendens
790 1913 874 1947 inire
887 1913 1136 1949 matrimonium
1151 1938 1159 1953 ‚

276 1965 463 2014 graviffime
490 1962 715 2001 ,scandalizarit
735 1973 869 1996 omnem
896 1963 1041 1997 Galliam
1058 1988 1069 2004 ‚
1089 1964 1126 1998 δε
1143 1964 1163 1998 a*

276 2018 393 2052 nostro
410 2014 574 2060 Apostolo
600 2012 795 2052 Bonifacio‚
820 2012 949 2048 credere
962 2013 995 2047 id
1016 2015 1160 2049 recusan-

273 2078 311 2106 .te
327 2093 338 2108 ‚
370 2066 539 2102 consultus
561 2063 737 2098 Zacharias
761 2062 916 2100 Pontifex
937 2064 1162 2107 responderit:

278 2118 358 2161 Abfit
371 2143 382 2159 ‚
407 2127 441 2151 ut
455 2115 644 2158 Praedeceffiar
670 2112 761 2153 noster
785 2113 837 2147 hoc
862 2118 909 2146 ita
931 2115 1074 2149 credatur
1080 2122 1161 2156 prae-

271 2169 395 2212 septffe.
421 2171 490 2204 Nec
503 2171 584 2200 enim
604 2164 646 2200 ab
669 2163 726 2199 hac
750 2163 909 2206 Apostoltca
929 2163 1002 2207 sede
1022 2165 1076 2197 illa
1089 2166 1162 2198 diri-

103 2202 191 2242 Epist'
215 2214 241 2236 ³‘
269 2228 410 2268 guntur,
435 2229 505 2261 quae
522 2219 677 2252 ,contraria
694 2213 747 2256 effe
768 2216 897 2247 Parrum
913 2213 979 2256 five
1005 2218 1162 2249 ,canonum

103 2252 171 2283 cap.
193 2253 219 2283 5.

105 2437 169 2469 tib.
193 2448 208 2472 ,ι
217 2459 224 2467 ,
233 2446 264 2471 ς,
276 2420 534 2460 ‚nonienfiscum
546 2416 645 2455 isaaci
664 2414 863 2449 Cameracen

108 2488 157 2514 73·

274 2268 424 2310 ‚institutis
460 2272 662 2310 reperiuntur.
690 2263 898 2301 lncaestuosos
923 2264 1002 2301 istos
1027 2265 1162 2310 separari

279 2319 416 2355 mandat
441 2330 480 2353 ac
504 2316 625 2361 puniti.
653 2315 698 2350 Et
719 2314 759 2348 de
770 2313 1161 2350 Fulbeerameracenfi

279 2371 467 2416 Episcopo,
501 2366 725 2404 incaestuosum
748 2362 875 2399 Amalr¹
897 2364 1062 2399 iComitis
1073 2366 1164 2400 Han-

929 2415 1074 2450 Comitis
1096 2417 1162 2450 filia

284 2470 533 2507 matrimonium
552 2467 736 2510 dispensare
758 2466 915 2507 nolente,⁴
939 2466 996 2500 sed
1019 2467 1163 2502 omnino

285 2523 452 2566 separante
463 2542 473 2558 ‚
498 2517 610 2552 scribit
624 2517 657 2550 in
669 2513 810 2557 eiusdem
825 2513 974 2552 Eccl'e'fiae
990 2515 1160 2551 Chronico

286 2571 456 2605 Baldricus
491 2565 711 2602 Tornacenfis
749 2566 927 2608 Episcopus
951 2577 958 2596 z
995 2568 1090 2609 ,Quod
1105 2575 1162 2607 pa-

287 2631 387 2656 rentes
400 2621 435 2654 &
454 2621 544 2654 ,amici
562 2615 676 2656 moleste*
687 2639 697 2655 ‚
719 2613 780 2657 sed
801 2617 835 2648 (Ὗ
852 2615 983 2648 dolenter
998 2615 1134 2656 ferentes
1152 2642 1160 2655 ,

284 2673 373 2708 modo
382 2676 533 2703 minarum
543 2665 704 2710 asperitate
714 2663 893 2708 Episcopum
900 2665 1159 2709 perterrefaciunt,

284 2723 373 2759 modo
390 2719 529 2765 precibus
550 2720 585 2754 β’
598 2714 734 2763 pretiosis
759 2714 929 2749 muneribus
952 2722 1136 2751 conveniunt
1150 2741 1160 2756 ,

287 2779 361 2816 quin
372 2777 464 2807 ettam
473 2770 640 2807 uberrimas
648 2764 967 2812 haereditatessanc‘lae
979 2769 1035 2799 Dei
1057 2767 1160 2802 ,Eccle-

284 2823 335 2865 fiae
355 2827 560 2866 promittunt,
585 2827 618 2852 ut
632 2816 695 2859 five
712 2828 812 2851 eorum
831 2821 923 2851 minis
939 2817 1077 2856 coaetus,
1094 2815 1162 2858 five

288 2873 486 2917 promissorum
507 2881 659 2903 munerum
678 2866 864 2908 affiliatione
882 2872 917 2900 in
937 2869 1031 2900 aliam
1044 2865 1173 2909 fionten-¹

288 2918 488 2964 riam'flexus,
516 2917 811 2963 diffum‘los-fortaffl
832 2919 1038 2960 conjungeret,
1062 2921 1162 2949 incon-

295 2972 443 3016 vulsosque
458 2972 563 3006 amodo
578 2979 699 3003 manere
709 2974 895 3012 permitteret
905 2991 913 2999 .
941 2967 1065 3002 Verum
1083 2966 1164 3002 Ful-

295 3021 402 3057 bertus
414 3023 453 3056 ad
465 3023 563 3057 instar
572 3020 659 3057 saxei
670 3021 794 3054 montis
805 3017 975 3060 permansit
992 3017 1175 3060 inconcus-¹

297 3071 356 3103 sus.
379 3071 485 3105 Etiam
500 3082 576 3105 cum
586 3069 718 3115 proprio
731 3070 788 3102 suo
798 3067 894 3102 Patre
902 3065 1043 3102 Othone
1053 3066 1176 3111 Augu--

294 3119 348 3156 :sto
360 3120 536 3162 dispensare
557 3121 694 3155 noluisse
713 3118 960 3163 Moguntinum
980 3116 1167 3162 Archiepis-

295 3180 418 3212 copum
429 3170 643 3204 Guilielmum
660 3195 670 3209 ‚
697 3171 788 3212 supra
811 3167 908 3202 nobis
927 3169 1014 3203 dixit
1029 3169 1167 3206 Sanstus

295 3218 414 3255 Petrus
428 3220 585 3252 Damiani
607 3244 613 3250 .
651 3220 694 3255 Et
714 3218 754 3252 de
773 3219 955 3253 Germaniae
978 3218 1168 3262 Episcopis,

296 3266 504 3305 Conrardum
515 3268 657 3302 Salicum
671 3293 681 3308 ,
695 3280 772 3302 cum
785 3270 840 3304 sua
849 3268 1111 3315 secundigradus
1123 3269 1163 3301 af-

301 3317 589 3361 finegonjugatum
602 3341 613 3355 ‚
634 3317 757 3359 eligere
767 3317 803 3351 in
815 3319 1047 3362 Imperatorem
1058 3329 1168 3362 paran-

302 3368 388 3404 tibus
399 3392 409 3409 ‚
419 3367 530 3403 scribit
540 3367 575 3398 in
583 3367 692 3410 quarti
705 3368 722 3398 s
720 3367 752 3398 ui
765 3366 837 3402 libri
850 3370 1037 3409 praefatione
1047 3368 1170 3405 Glaber

302 3417 520 3462 Rudolphus:
544 3418 967 3458 InnotueruntelPontffices‚
989 3421 1068 3461 ‚quid
1083 3417 1172 3462 pon-s.

294 3470 401 3512 fimum
436 3467 550 3507 vellet,
574 3474 628 3498 aut
664 3466 724 3497 tale
751 3467 918 3512 ‚conjugium
942 3491 952 3508 ‚
976 3471 1057 3512 quod
1079 3467 1182 3503 ‚namq
1210 3503 1212 3517 =.

1080 175 1418 222 ,Leonis

1489 175 1721 223 Noui

1221 258 1368 306 festiffime
1375 257 1651 302 sacraesaudioritatr'
1659 267 1789 296 nimium
1797 273 1929 309 repugna
1933 265 1985 299 bat
1996 290 2006 306 ,
2029 275 2112 301 tene-

1231 322 1263 344 re
1275 335 1286 351 ,
1307 308 1329 353 s
1327 321 1358 343 eu
1369 322 1398 343 eo
1411 309 1520 353 dimiffo
1525 321 1663 346 soronam
1670 313 1791 354 Imperia·
1811 313 1945 355 sumere.
1968 318 2112 360 ,Quipro-

1212 365 1313 396 *tinus
1331 360 1543 394 dimittendum
1558 360 1691 402 promtfit
1708 363 1785 394 talis
1810 364 1916 403 incoesti
1925 368 2090 411 conjugium
2101 391 2112 407 ,

1220 408 1313 457 seque
1330 418 1436 451 parere
1456 411 1666 454 diligentifflme*
1689 411 1809 445 illorum
1832 413 1943 454 diliis,
1967 416 2113 451 &obedi-

1231 472 1263 494 re
1281 459 1419 501 consiliis.
1447 461 1549 509 Qod
1563 461 1659 497 verba
1667 461 1794 496 dederit
1805 485 1816 502 ‚
1841 463 1875 496 &
1890 465 1987 499 faetus
2005 465 2113 510 Impe-

1231 521 1318 544 rator
1334 511 1470 546 affmem
1495 523 1563 545 non
1583 511 1743 546 dimiserit
1761 538 1772 554 ,
1798 513 1986 556 -graviffime
2004 515 2023 549 a
2043 515 2113 551 lau·

1230 560 1309 593 dato
1333 560 1458 595 Glabro
1481 561 1671 596 damnatur.
1700 562 1742 595 Et
1764 562 1924 609 Mangiso
1948 562 2112 600 Veneten-

1211 647 1212 650 ,
1228 610 1252 643 si
1281 611 1463 654 Episcopo,
1490 622 1548 654 pro
1571 612 1679 646 nescio
1691 612 1854 656 quibusin
1867 613 1970 647 ‚vetito
1985 613 2112 658 sangui·

1211 658 1212 663 ’
1231 660 1282 693 nis
1294 660 1395 704 gradu
1421 660 1625 705 conjunetis,
1647 672 1687 697 ‚ut
1707 662 1935 702 orationibus,
1959 661 2110 706 Μυοῦς,

1210 734 1212 748 3
1230 708 1422 748 haereditatis
1432 721 1469 743 ac
1480 711 1759 757 eleemosynarum
1773 711 2006 756 largitionibus
2028 713 2111 748 redi-

1211 771 1317 793 ‚mere
1339 762 1467 804 possent
1488 761 1573 794 istud
1598 762 1866 804 impedimentum
1881 785 1891 801 ,
1915 763 2111 806 supplicanti

1229 811 1369 852 reposuit
1380 809 1568 846 Alexander
1590 812 1769 846 secundus:
1795 814 1926 848 Nullam
1947 813 2111 847 authorita-

1227 868 1287 892 tem
1311 866 1508 904 comperimus
1521 885 1532 901 ,
1556 873 1618 904 ,qua
1636 864 1700 895 illis
1725 865 1943 897 concederemus
1958 888 1969 904 ,
1996 863 2112 898 Exstat

1171 927 1173 931 ⁴
1228 904 1375 953 Epistola
1387 913 1420 944 in
1435 912 1577 949 Deci-eto
1603 914 1711 948 Sancti
1735 913 1849 948 lvonis
1862 938 1869 945 .
1898 913 1941 947 Et
1962 914 2004 947 ad
2025 914 2111 948 duo·
2128 915 2162 947 L.
2175 921 2282 954 94²9-

1225 958 1349 995 decimi
1363 961 1467 995 saeculi
1485 972 1612 997 annum
1636 965 1904 1008 sePtuagefimum
1930 963 2110 1000 secundum

1224 1009 1337 1045 scribit
1346 1010 1548 1045 Godefridus
1557 1013 1663 1047 sanai
1675 1013 1887 1049 pantaleonis
1897 1013 2087 1048 Monachus
2096 1027 2110 1048 ,-

1228 1066 1370 1094 Henricus
1394 1062 1546 1096 saxonum
1565 1065 1639 1095 Dux
1661 1063 1758 1103 filiam
1775 1069 1866 1108 Regis
1878 1066 1992 1108 Angliae
2018 1066 2110 1098 duxit

1223 1119 1358 1149 uxorem,
1367 1111 1525 1151 repudiata
1533 1116 1642 1151 priore,
1650 1111 1812 1152 obfamam
1821 1113 2086 1157 consanguinitatis
2094 1140 2104 1147 .

1227 1159 1270 1195 Et
1283 1158 1470 1193 Cardinalis
1482 1159 1590 1200 Otho,
1607 1160 1790 1195 Hostiensis
1804 1162 1987 1206 Episcopus
1998 1187 2009 1203 ,
2027 1164 2112 1198 Gre-

1223 1209 1311 1253 gorii
1333 1210 1462 1253 septimi
1489 1210 1523 1243 in
1546 1210 1724 1244 Germania
1750 1212 1892 1256 Legatus
1914 1236 1927 1254 ,
1953 1212 2011 1255 qui
2037 1212 2112 1256 post

1224 1260 1331 1302 ipsum
1351 1261 1418 1298 ,fuit
1437 1260 1525 1303 Papa
1552 1260 1712 1295 Urbanus
1735 1262 1918 1306 secundus,
1941 1262 1977 1297 in
2004 1263 2112 1307 Syno-

1224 1310 1269 1343 do
1281 1308 1570 1357 Quintelburgenfi
1584 1312 1820 1354 pronunciavit
1833 1313 1982 1347 adversus
2006 1313 2114 1356 Impe-

1222 1369 1365 1395 ratorem
1388 1360 1620 1396 Hermannum
1644 1374 1656 1394 .-
1683 1363 1813 1396 Audiens
1831 1375 1883 1406 ego
1903 1388 1914 1404 ‚
1936 1364 2017 1405 quod
2038 1366 2108 1396 Rex

1221 1409 1318 1451 vester
1329 1413 1493 1455 legitimum
1503 1423 1563 1445 non
1571 1411 1684 1445 habeat
1694 1414 1864 1457 conjugium
1875 1438 1885 1454 ,
1906 1412 1965 1458 fid
1988 1424 2026 1447 ex
2044 1423 2109 1446 con-

1220 1459 1426 1505 sanguinitate
1431 1460 1577 1506 sociatum
1587 1486 1600 1503 ,
1615 1463 1721 1503 judico
1742 1468 1822 1496 inter
1840 1475 1910 1497 eum
1926 1464 1961 1497 ὀ·
1982 1473 2105 1498 uxorem

1219 1512 1289 1551 ejus
1305 1511 1374 1553 fieri
1384 1513 1549 1549 divortium
1560 1537 1568 1545 .
1592 1512 1642 1548 Ita
1655 1512 1766 1547 scribit
1778 1514 1814 1547 in
1828 1513 1914 1548 libro
1926 1511 2109 1549 ,deconser-

1223 1561 1330 1596 ,vanda
1343 1562 1489 1597 Ecclesiae
1501 1563 1625 1597 unitate
1638 1562 1819 1597 Venericus
1836 1564 2016 1608 Episcopus
2027 1563 2108 1597 Ver-

1222 1610 1370 1646 cellenfis
1383 1636 1391 1644 .
1420 1613 1464 1647 Et
1480 1611 1523 1648 de
1535 1612 1707 1647 Amalrico
1718 1612 2029 1657 Hierosolymorum
2043 1612 2108 1647 Re-

1223 1671 1265 1705 ge
1283 1686 1296 1702 ‚
1319 1660 1490 1706 ‚Agnetem
1515 1662 1695 1710 Joscelini‚
1722 1662 1875 1699 Edessani
1900 1663 2047 1697 Comitis
2071 1662 2108 1695 fi-

1223 1711 1303 1745 liam
1321 1735 1335 1752 ,
1375 1722 1491 1753 quarto
1513 1711 1569 1747 sibi
1591 1712 1695 1757 gradu
1724 1713 2006 1757 consanguineam
2032 1736 2043 1754 ‚
2067 1712 2106 1747 ἀ

1221 1759 1348 1804 duplici
1362 1759 1428 1802 jam
1441 1760 1531 1805 prole
1539 1762 1727 1798 foecundam
1738 1786 1749 1802 ,
1778 1761 1923 1797 habente
1944 1772 2082 1797 uxorem
2093 1784 2105 1801 ,

1225 1809 1335 1845 scribit
1346 1810 1547 1845 Guilielmus
1562 1811 1783 1854 Metropolim
1794 1812 1981 1858 Tyriorum
1993 1826 2004 1845 .-
2022 1816 2108 1847 Hanc

1219 1871 1343 1897 uxorem
1358 1885 1369 1902 ,
1405 1861 1544 1903 defunHo
1555 1861 1662 1903 fratre
1675 1860 1843 1896 Balduino
1864 1862 1966 1897 tertio
1988 1860 2108 1906 Rege,

1225 1912 1302 1944 dum.
1319 1914 1452 1954 Regnum
1481 1913 1527 1944 ad
1545 1909 1579 1954 se
1595 1913 1668 1952 jure
1704 1911 1895 1945 haerea'itario
1932 1912 2108 1946 devolutum

1223 1961 1420 2000 vendicaret,
1445 1962 1566 1995 ασθαι
1585 1960 1624 2001 est
1640 1961 1782 2002 abjurare
1809 1986 1816 1993 .
1851 1961 1958 1995 Tales
1983 1961 2110 2004 Regio-

1224 2022 1298 2045 rum
1316 2009 1550 2059 conjugiorum
1573 2010 1813 2058 ‚diremptiones
1825 2011 1946 2058 poffint
1958 2010 2106 2058 plurima

1223 2060 1366 2097 adduci,

1278 2111 1404 2147 Eorum
1417 2110 1651 2155 impedimenta
1675 2110 1742 2145 fere
1764 2110 1886 2155 primus
1907 2109 2106 2154 dispensavit

1226 2160 1440 2196 Innocentius
1452 2163 1584 2198 tertius.
1611 2161 1760 2196 Othonis
1770 2162 1875 2207 quarti
1899 2162 1936 2195 ἀ
1959 2159 2108 2205 Philippi

1226 2223 1285 2256 pro
1297 2211 1496 2247 Germanico
1507 2213 1648 2255 Imperio
1662 2210 1822 2247 horrenda
1836 2210 1919 2245 bella
1929 2211 2003 2254 quis
2014 2209 2108 2254 igno-

1227 2264 1296 2296 ret?
1311 2261 1400 2296 ·Post
1413 2261 1560 2306 Philippi
1570 2260 1690 2297 caedem
1703 2260 1849 2296 lucidum
1867 2270 1935 2295 erat
1956 2257 2107 2295 Othonis

1225 2311 1274 2355 jus
1286 2338 1296 2354 ,
1323 2313 1435 2346 verum
1448 2310 1593 2356 Philippi
1603 2313 1668 2345 filia
1680 2310 1832 2346 obviabat
1846 2337 1853 2343 .
1882 2311 1975 2345 Hinc
1999 2310 2107 2344 omni-

1226 2362 1285 2397 bus
1319 2362 1533 2407 pacificandis
1565 2360 1715 2398 Othonis
1736 2373 1813 2395 cum
1852 2361 1912 2396 ista
1935 2359 2006 2397 :lilia
2026 2371 2106 2394 con-

1223 2413 1354 2459 jugium
1370 2414 1551 2449 convenire
1567 2413 1764 2446 censuerunt
1788 2411 1920 2455 Imperii
1947 2410 2105 2444 Proceres

1224 2475 1261 2498 ac
1281 2464 1458 2507 Episcopi,
1482 2461 1889 2508 quin&ipfiApost01icae
1912 2460 2003 2496 Sedis
2024 2459 2102 2492 Car·

1224 2514 1348 2550 dinales
1360 2513 1500 2558 Legati,
1524 2512 1580 2546 sed
1592 2511 1740 2546 obstabat
1748 2520 1881 2554 quartus
1904 2509 2103 2552 consangui-

1224 2563 1484 2608 nitatisgradus.
1511 2562 1604 2595 Hinc
1614 2561 1748 2596 tandem
1760 2559 1799 2593 ad
1819 2560 1922 2594 totius
1944 2557 1997 2594 lm
2006 2558 2102 2592 aeria-

1224 2614 1263 2648 lis
1285 2614 1375 2649 Cleri
1394 2613 1429 2646 &
1449 2611 1570 2655 Populi
1589 2621 1698 2654 preces
1718 2609 1917 2653 dispensavit
1950 2608 2104 2644 laudatus

1224 2663 1380 2698 Pontifex
1399 2688 1413 2704 ,
1437 2674 1476 2697 ea
1494 2671 1605 2696 tamen
1624 2660 1698 2705 iege
1722 2684 1733 2700 ,
1758 2668 1794 2692 ut
1817 2658 1888 2693 duo
1905 2658 2103 2702 ampliffima

1222 2713 1426 2751 Monasteria
1440 2711 1536 2747 Otho
1547 2710 1700 2744 fundaret
1711 2734 1721 2750 ,
1745 2720 1912 2753 omneque
1924 2708 2103 2752 imperium

1223 2765 1321 2808 largis
1354 2761 1571 2804 eleemosynis
1597 2760 1636 2793 ὅτ.
1671 2758 1871 2793 ferventibus
1892 2757 2101 2793 orationibus

1222 2814 1308 2851 istud
1331 2810 1557 2848 Ecclefiasticae.
1578 2809 1756 2852 disciplinae
1777 2810 1896 2844 vulnus
1917 2809 2104 2853 compensa-
2140 2850 2149 2858 ,

1221 2873 1271 2899 ret
1290 2888 1302 2899 .
1329 2863 1378 2896 lta
1401 2860 1502 2896 habes
1526 2861 1613 2904 apud
1634 2859 1823 2895 Arnoldum
1847 2858 2013 2894 Abbatem
2038 2856 2103 2891 Lu·
2119 2850 2177 2882 f-'b-
2206 2861 2231 2887 3·

1223 2914 1396 2951 becensem
1407 2911 1441 2946 in
1451 2911 1625 2946 Chronico
1639 2910 1842 2946 Sclavorum.
1868 2907 1964 2943 Otho
1972 2906 2013 2940 de
2024 2908 2102 2941 San·
2120 2902 2145 2923 c·
2182 2901 2226 2928 ¹9·

1227 2966 1279 2998 ἂο
1304 2963 1412 2996 Blafio
1432 2962 1549 3002 addit,
1571 2960 1664 3006 quod
1684 2959 1904 2994 Cluniacenlis
1924 2958 1958 2991 &
1981 2956 2102 2991 vCister-

1224 3014 1334 3049 tienfis
1345 3013 1481 3049 Ordinis
1496 3011 1640 3046 Abbates
1650 3009 1787 3045 eandem
1799 3007 2101 3052 compensationem

1229 3076 1284 3109 per
1295 3064 1380 3097 varia
1389 3063 1520 3098 suorum
1534 3058 1777 3095 Monachorum
1785 3060 1840 3104 pia
1852 3068 1949 3101 opera
1958 3058 2101 3102 comple-

1226 3126 1263 3151 xe
1272 3114 1478 3158 promiserint
1490 3137 1502 3154 ,
1529 3112 1676 3155 istudque
1687 3109 1832 3144 Canonis
1842 3108 1961 3143 vulnus
1970 3118 2103 3151 accepe-

1228 3166 1296 3200 rint
1310 3165 1344 3198 in
1354 3165 1426 3197 suas
1433 3163 1649 3197 conscientias
1656 3186 1668 3202 ‚
1690 3161 1728 3193 ,δε
1737 3157 1826 3204 quod
1838 3158 1994 3201 spondere
2004 3157 2101 3192 Otho

1228 3214 1380 3250 debuerit
1411 3212 1607 3258 singularem
1622 3208 1774 3244 omnium
1812 3208 2025 3242 Ecclesiarum
2043 3207 2101 3241 de-

1207 3292 1209 3294 -
1232 3266 1436 3305 sensionem,
1462 3275 1499 3297 ac
1510 3259 1760 3305 resumptionem
1778 3258 1854 3293 sacri
1876 3258 1973 3292 belli.
2000 3257 2099 3292 Rima

1233 3318 1314 3350 fasta
1324 3315 1424 3349 facile
1435 3314 1608 3349 dilatatur,
1629 3308 1829 3353 tandemque
1838 3309 1950 3344 crescit
1960 3307 1995 3341 in
2003 3317 2100 3350 -gran-

1234 3367 1273 3401 de
1297 3368 1464 3403 foramen,
1490 3359 1560 3394 imo
1572 3359 1610 3393 ,δε
1629 3359 1663 3392 in
1676 3367 1820 3402 apertam
1831 3367 1975 3402 portam.
2005 3356 2100 3392 Hinc

1234 3418 1268 3451 ὃ(
1304 3411 1514 3449 Innocentius
1547 3409 1705 3443 Pontifex
1732 3407 1882 3453 proceffit
1902 3407 1949 3441 ad
1982 3405 2104 3441 similes

1235 3465 1487 3511 dispensationes
1497 3471 1538 3496 ex
1548 3457 1648 3506 longe
1655 3458 1831 3496 levioribus
1838 3458 1938 3494 causis
1944 3479 1956 3498 ‚
1976 3455 2059 3500 quin
2070 3457 2105 3494 &

1977 3517 2057 3542 con-
