2352 3736
147 969 206 999 L-zv·
221 976 278 1003 c.5.

148 1086 204 1113 Lt-
219 1093 279 1117 §.2-

137 1621 169 1654 R,
185 1628 252 1657 123⁴,-

329 254 428 284 nem,
453 239 620 286 quamuti
641 247 786 284 tyranno
808 263 819 280 ,
843 239 935 283 reg-ni
961 235 1103 270 invasori
1130 261 1142 278 ‚
1166 247 1204 271 ac

327 294 399 328 viro
411 292 607 336 sanguinum
619 291 728 324 noluit
745 289 927 332 impendere
951 286 1126 331 stigandus
1138 286 1205 320 Pti-

328 354 398 377 mas
408 341 647 377 Cantua1·iens1s
660 365 670 380 ,
697 339 879 373 Guilielmo
891 336 941 370 uti
953 335 1102 382 legitimo
1113 335 1204 370 Prin·

326 391 391 435 cipi
432 389 529 433 dedit
560 390 707 425 laudatus
732 386 873 420 Alredus
894 409 905 426 ,
930 386 1070 432 ideoque
1090 388 1203 421 omnia

325 441 516 484 apudillum
528 441 648 483 potuit.
674 436 824 472 Tantum
837 436 948 478 potuit
960 460 971 478 ‚
996 436 1108 480 atejus
1121 437 1201 471 itam

325 502 363 524 ac
382 491 641 526 maledictionem
663 485 807 521 horreret
825 484 900 523 Rex
925 485 1077 521 barbarus
1094 511 1105 527 ‚
1131 497 1200 530 pro-

324 540 445 575 cideret
470 541 502 573 in
531 548 637 581 genua
656 560 667 576 ‚
696 537 824 571 veniam
851 546 971 580 peteret
991 560 1002 577 ‚
1029 535 1200 580 sponderet

322 590 571 625 satisfactionem
581 611 589 619 .
617 586 648 620 A
662 586 944 621 circumstantibus
959 585 1117 625 Palatinis
1127 597 1199 630 qua-

321 641 398 674 dam
410 638 478 671 vice
488 646 620 682 rogatus
631 635 811 680 Episcopus
823 661 834 678 ,
861 645 898 671 ut
918 636 1111 680 prostratum
1136 637 1197 672 Re·

322 700 397 733 gem
409 688 565 732 erigeret,
593 687 757 731 reposuit:
783 686 876 720 Sinite
886 687 968 720 illum
974 689 1075 728 jacere
1096 688 1198 729 adpe-

321 741 372 771 des
388 738 489 771 santii
509 740 611 773 Petri.
641 737 773 772 Bonum
786 748 868 780 opus
887 736 1009 780 adjuvit
1026 738 1196 782 degradati

320 788 467 833 Stigandi
490 788 645 822 successor
665 789 800 822 Sanctus
815 787 1017 825 Lanfrancus
1042 813 1052 828 ‚
1077 788 1134 831 qui
1160 798 1195 821 ut

315 836 491 872 'hominem
502 849 633 872 avarum
641 838 675 872 ἀ
685 836 802 872 durum
813 838 831 871 a
843 837 1039 872 Simoniacis
1052 837 1196 872 Ecclefiae

318 889 384 932 rapi
393 889 439 921 nis
452 887 623 922 retraheret
634 913 644 928 ‚
661 889 679 922 a
689 886 953 931 delinquentibus
962 888 1074 931 paffim
1085 890 1194 932 exegit

316 940 450 972 mult‘tas
468 938 667 981 pecuniarias
687 938 730 972 ad
757 938 971 972 commodum
997 938 1119 984 Regis.
1145 939 1193 972 Ita

316 989 427 1022 scribit
445 989 614 1022 Henricus
625 986 852 1033 Cnyghtonus
863 1013 870 1021 .

367 1040 415 1071 At
429 1038 503 1072 vero
520 1039 562 1072 de
581 1038 650 1081 ejus
663 1039 734 1072 filio
761 1039 793 1072 &
814 1040 990 1073 successore
1008 1038 1190 1073 Guilielmo

316 1086 407 1121 Rufo
420 1089 523 1131 pergit
536 1088 686 1122 laudatus
697 1088 928 1133 Neubrigenfis
939 1103 949 1122 :
978 1098 1068 1125 Homo
1081 1100 1190 1128 vecors,

315 1137 524 1178 &inconstans
547 1143 580 1171 in
592 1139 723 1172 omnibus
748 1145 809 1172 viis
820 1138 886 1181 suis
898 1164 910 1179 ,
937 1143 997 1172 Deo
1015 1141 1169 1173 indevotus
1181 1162 1191 1177 ‚

315 1188 446 1231 Ecclefiae
453 1195 562 1233 gravis
574 1214 584 1230 ,
612 1191 785 1231 nuptiarum
800 1188 967 1233 spernens,
988 1191 1090 1231 paffim
1110 1186 1189 1231 lasci-

315 1246 402 1272 viens
416 1264 425 1280 ,
452 1248 518 1280 opes
530 1246 614 1283 regni
625 1241 779 1280 vaniffima
790 1239 920 1282 effufione
930 1238 1106 1273 exhauriens
1118 1262 1129 1278 ,
1155 1240 1189 1272 Θ

313 1287 419 1332 eisdem
428 1291 464 1323 dc
461 1289 627 1331 sicientibus
636 1289 820 1333 subditorum
823 1290 968 1345 fori-gnus
982 1295 1014 1321 in
1029 1288 1080 1322 hoc
1091 1287 1187 1331 ipficm

312 1341 468 1373 corradens
479 1366 489 1384 .,
513 1344 601 1373 Homo
611 1341 744 1383 turgidus
757 1339 841 1381 typho
861 1340 1072 1379 immam'ffimae
1085 1337 1186 1380 super-

313 1388 379 1426 biae,
394 1392 427 1422 ὠ·
437 1388 524 1432 usque
535 1391 580 1422 ad
591 1388 729 1432 nauseam
743 1390 796 1423 vel
803 1388 969 1431 derisionem
981 1396 1071 1423 etiam
1083 1389 1186 1422 dot‘lrt'·

311 1449 358 1473 ηαξ
370 1442 399 1471 E
404 1442 575 1482 vangelicae‚
583 1442 753 1481 temporalis
761 1439 1026 1482 gloriaefoediffima
1036 1441 1186 1481 voluptate

311 1488 474 1531 absorptus.
494 1489 573 1522 Haec
581 1489 646 1531 ejus
657 1488 830 1532 originalia
840 1488 917 1521 vitia
930 1487 1053 1530 adjuvit
1065 1489 1188 1523 Ranul-

310 1537 393 1582 phus
405 1539 551 1572 Clericus
561 1538 747 1578 Palatinus,
758 1548 798 1570 ex
811 1536 924 1571 infima
936 1538 1039 1580 plebis
1048 1539 1123 1573 faece
1136 1551 1187 1582 per

310 1589 458 1633 loquacis
471 1589 589 1632 linguae
597 1587 703 1621 officia
716 1597 904 1631 promotus,
918 1587 959 1621 de
971 1599 1038 1631 quo
1049 1588 1186 1622 Guiliel-

307 1649 383 1673 mus
392 1637 702 1672 Malmesberienfis:
731 1640 792 1672 Hoc
801 1636 937 1678 audiore,
958 1636 1037 1680 sacri
1049 1638 1185 1680 Ecclesia-

309 1701 378 1723 mm
404 1688 546 1729 honores,
573 1693 697 1721 mortuis
725 1685 890 1726 pastoribus
910 1712 919 1728 ‚
946 1689 1056 1720 venum
1081 1690 1185 1722 locati.

311 1741 425 1776 ,Audita
434 1750 561 1779 namque
587 1745 677 1771 morte
685 1737 844 1777 cujuslibet
865 1735 1002 1780 Episcopi
1030 1740 1081 1771 vel
1091 1738 1186 1772 Abba-

312 1795 375 1829 tis,
400 1788 547 1829 confestim
573 1791 662 1831 Regis
692 1788 823 1821 clericus
859 1787 1077 1821 admittebatur
1099 1814 1109 1829 ,
1136 1794 1187 1830 qui

308 1846 410 1871 omnia
421 1846 547 1871 inventa
564 1837 673 1880 scripto
685 1844 830 1880 exciperet
842 1862 852 1878 ‚
879 1836 1032 1880 omnesque
1060 1843 1092 1871 in
1099 1838 1187 1880 poste-

309 1901 379 1923 rum
391 1890 504 1922 reditus
515 1892 604 1932 Regio
612 1887 678 1931 fisco
690 1888 813 1930 inferret
828 1913 835 1920 .
859 1890 976 1921 Intereci
989 1888 1185 1931 qua-rebatur,

308 1944 377 1982 quis
391 1941 511 1972 idoneus
539 1944 570 1971 in
587 1940 646 1973 loco
657 1937 1012 1981 defunc‘ltsubstitueretur
1022 1963 1034 1979 ,
1060 1950 1118 1971 non
1131 1948 1187 1980 pro

311 2001 443 2030 morum,
466 1988 523 2031 sed
529 1998 585 2031 pro
595 2000 775 2033 nummorum
795 1987 1017 2030 experimento,
1043 1989 1187 2022 dabatur-

310 2051 366 2083 que
390 2040 512 2072 tandem
533 2039 642 2080 honor,
668 2049 701 2072 ut
723 2045 767 2071 ita
788 2040 905 2078 dicam,
933 2040 1049 2078 nudus,
1078 2050 1186 2082 magno

309 2100 413 2122 tamen
433 2099 550 2131 emptus
569 2114 575 2121 .
603 2088 657 2123 Ab
678 2089 739 2122 isto
763 2089 862 2132 igitur
874 2088 1020 2122 Ranulfo
1040 2088 1186 2122 seduQus

311 2138 511 2174 Guilielmus
522 2139 596 2174 Rex
608 2139 721 2172 invasit
732 2149 794 2172 tres
805 2137 1036 2172 Ecclefiasticae
1048 2138 1188 2172 substan.

309 2190 363 2227 tiae
383 2188 521 2233 species:
550 2189 787 2232 Episcoporurn
815 2188 849 2223 &
876 2187 1047 2222 Abbatum
1067 2188 1188 2231 spolia,

313 2249 487 2282 proventus
500 2239 713 2273 Ecclesiarum
727 2239 929 2279 vacantium,
955 2239 990 2271 δ(
1011 2248 1188 2272 mercatum

313 2289 558 2326 Piaelaturarum
582 2313 589 2319 .
618 2289 711 2322 Hinc
737 2288 855 2322 dicitur
880 2287 986 2322 nudos
1012 2286 1189 2322 vendidisse

313 2339 471 2374 honores.
499 2337 603 2386 Qod
621 2349 676 2371 eos
705 2336 773 2380 plus
792 2337 885 2371 danti
904 2338 992 2381 quasi
1021 2336 1078 2370 sub
1098 2336 1188 2372 hasta

311 2389 518 2429 vendiderit,
543 2387 702 2422 testantur
718 2387 885 2421 Gervasius
895 2386 1085 2421 Monachus
1106 2389 1188 2422 Can-

313 2439 493 2478 maximus,
521 2437 720 2471 Guilielmus
731 2435 893 2478 Thorne,
918 2437 1085 2471 Henricus
1098 2438 1187 2481 Cny·

315 2490 459 2534 ghtonus
470 2513 482 2528 ,
509 2487 684 2522 Mattbaeus
696 2487 806 2526 Paris,
830 2487 952 2531 aliique
968 2487 1188 2532 Anglicarum

314 2550 420 2576 rerum
452 2538 647 2580 Scriptores.
676 2536 814 2572 Addunt
835 2537 924 2580 quod
951 2538 1050 2571 etiam
1063 2538 1190 2572 Dioece-

314 2592 394 2625 seon
417 2590 572 2622 terminos
595 2585 776 2621 vendiderit
790 2613 799 2626 ,
829 2599 866 2621 ac
881 2587 1095 2621 Ecclesiarum
1115 2601 1191 2622 conr
1213 2611 1215 2613 -

316 2640 509 2674 secrationes
529 2663 536 2670 .
564 2637 698 2671 Etenim
724 2637 880 2681 Remigio
907 2637 1130 2671 Lincolnienfi
1156 2639 1189 2672 ὅ(

316 2688 558 2725 Dorchestrensi
579 2687 745 2730 Episcopo
768 2711 778 2727 ,
805 2689 894 2721 suam
922 2687 1190 2722 Lincolniensem

317 2739 492 2774 Ecclesiam
509 2738 694 2771 consecrare
719 2737 845 2779 paranti
865 2762 876 2778 ,
902 2738 1053 2780 opposuit
1077 2739 1116 2771 se
1131 2738 1191 2772 Ar-

316 2789 537 2832 chiepiscopus
551 2788 757 2822 Eboracenfis
766 2812 776 2827 ,
803 2787 991 2821 adseverans
1003 2789 1031 2822 se
1044 2788 1113 2822 illic
1122 2789 1192 2822 Me-

316 2840 507 2881 tropolitam
529 2863 539 2876 ‚
568 2838 705 2881 ideoque
725 2839 778 2870 sua
800 2838 989 2872 austeritate
1008 2839 1069 2871 effe
1088 2850 1189 2881 opus.

318 2888 502 2924 Periculose
513 2899 616 2932 aeger,
643 2888 782 2931 ideoque
800 2888 943 2922 vicinum
957 2888 1022 2922 Dei
1032 2886 1190 2930 judicium

319 2951 466 2973 metuens
485 2939 555 2972 Rex
567 2963 577 2979 ,
605 2939 719 2971 Sancto
734 2937 891 2971 Anselmo
904 2937 1172 2971 cantuariensem
1182 2963 1192 2978 ‚

322 2989 406 3021 dieto
422 2989 576 3033 Remigio
589 2987 854 3023 Lincolniensem
873 2988 1105 3031 Episcopatum
1123 2999 1193 3032 gra-

323 3038 366 3069 tis
378 3038 502 3070 dederat
516 3063 525 3077 ,
541 3038 679 3081 ideoque
688 3049 823 3080 corpore
833 3062 844 3078 ‚
864 3049 930 3071 non
945 3048 1053 3071 mente
1066 3038 1193 3072 sanatus

323 3085 365 3119 ab
376 3096 512 3127 utroque
524 3088 682 3121 violenter
696 3089 804 3132 exegit
824 3088 904 3121 doni
925 3088 1015 3122 istius
1033 3089 1171 3131 pretium
1184 3111 1195 3127 ,

323 3136 462 3178 pendere
476 3136 637 3170 nolentem
663 3139 854 3182 Remigium
871 3137 1005 3180 subjecit
1025 3138 1194 3181 Metropo-

325 3185 389 3218 litae
403 3184 595 3217 Eboracensi
606 3207 616 3222 ‚
641 3198 735 3228 atque
748 3190 790 3221 ita
803 3199 858 3230 per
869 3189 988 3222 multas
1007 3189 1194 3222 vexationes

324 3233 458 3267 tandem
478 3235 584 3276 coegit
599 3234 636 3266 ad
652 3236 867 3272 solutionem.
895 3238 983 3272 Eum
995 3237 1194 3271 Guilielmus

325 3282 553 3326 Nenbrigenfis
577 3281 649 3315 vere
660 3284 767 3318 scribit
787 3287 878 3321 fuiffe
901 3289 936 3321 in
962 3287 1116 3322 omnibus
1129 3288 1193 3322 suis

324 3334 385 3367 ³viis
408 3332 663 3365 inconstantem.
691 3333 778 3366 Nam
801 3336 873 3368 fasti
889 3338 1046 3379 speciem,
1073 3339 1107 3372 in
1130 3349 1193 3382 qua

324 3379 617 3417 duos-Monachos
642 3381 682 3416 de
697 3383 810 3426 majori
832 3386 935 3426 pretio
959 3387 1195 3422 contendentes

322 3431 478 3473 exclusit,
504 3432 642 3470 &tertio
669 3432 754 3468 nihil
765 3434 921 3482 spondere
938 3437 1057 3474 volenti
1085 3438 1194 3478 Abba-

658 158 803 202 Seeu
823 169 935 202 NDA
972 154 1373 200 Pnooemmtrs
1407 151 1835 220 Dtssnarstt'im

1272 237 1353 271 tiam
1371 247 1448 272 cum
1459 237 1572 283 elogio
1581 239 1690 283 dedit,
1718 243 1812 278 refert
1823 239 1991 278 Henricus
2010 242 2145 290 Cnygh.

1271 296 1369 322 tonus
1379 314 1386 321 .
1414 287 1635 324 Infeliciffime
1650 290 1824 328 defunctus
1833 294 1879 329 est
1891 292 1927 327 in
1939 292 2028 329 hisce
2034 294 2145 329 crimi-

1269 338 1386 379 nibus,
1410 338 1662 384 quaeinfignitet
1681 343 1821 378 correxit
1844 352 1943 388 atque
1960 343 2144 380 eliminavit

1267 388 1334 430 ejus
1344 390 1439 423 frater
1465 390 1498 422 ὅς
1511 390 1666 425 successor
1678 390 1974 437 Henricusprimus
1983 419 1990 426 .

1318 438 1445 474 Eodem
1455 449 1598 484 tempore
1607 441 1706 474 etiam
1719 442 1753 474 in
1767 441 2064 488 Galliz‘grassatum
2076 444 2142 478 fuit

1267 488 1390 524 malum
1404 515 1412 523 .
1449 490 1585 524 Etenim
1600 490 1642 526 de
1653 490 1809 534 Philippo
1824 491 1929 534 primo
1939 495 2141 529 Francorum

1265 537 1358 582 Rege
1394 539 1436 573 ad
1472 538 1674 575 Rode-ticum
1717 539 2140 588 cabilonensm..=Episda-

1265 598 1342 631 pum
1363 588 1471 623 scribit
1493 589 1673 635 Gregorius
1698 592 1850 634 septimus
1873 604 1880 624 :
1910 595 2139 628 Inter’caeteros
2155 591 2178 622 L
2191 591 2316 631 stip-38.

2160 318 2277 355 [moy.

1263 638 1349 678 nostri
1373 638 1460 680 hujus
1487 647 1628 682 temporIs
1652 644 1805 684 Principes
1818 665 1829 682 ,
1852 647 1903 685 qui
1917 641 2140 684 Ecclefiam‘Dei

1262 690 1472 722 venumdaaedo
1488 690 1635 734 perversa
1653 694 1817 734 cupiditate
1843 693 2076 734 dissipaverunt,
2101 696 2140 728 ὓ

1262 742 1391 772 Matrem
1412 739 1500 782 suam
1516 765 1526 780 ‚
1548 747 1593 774 cui
1613 752 1652 774 ex
1666 745 1818 776 Dominico
1840 746 1992 785 Praecepte
2004 741 2140 777 honorem

1261 790 1296 823 (3·
1307 795 1503 823 reverentiam
1512 791 1675 825 debuerant
1689 816 1701 832 ,
1724 794 1862 826 ancillari
1869 791 1896 835 s
1889 793 2048 834 abjectione
2055 799 2141 836 peni-

1260 840 1309 872 tus
1335 842 1536 874 conculcarunt
1560 865 1572 881 ,
1612 841 1788 884 Philippum
1813 846 1920 886 Regem
1957 847 2143 877 Francorum

1260 890 1433 923 Gallicanas
1459 890 1601 933 Ecclefias
1619 898 1653 925 in
1676 893 1795 925 tantum
1805 893 1979 936 oppreffiffe,
2005 903 2085 927 certa
2094 905 2141 927 re·

1258 939 1367 973 latione
1387 942 1565 982 didicimus,
1589 951 1623 974 ut
1643 943 1687 974 ad
1701 941 1848 985 summum
1869 942 1959 984 hujus
1982 953 2047 976 tam
2057 945 2140 978 dete-.-

1252 988 1357 1029 standi
1369 989 1516 1031 facinoris
1538 993 1681 1026 cumulum
1687 994 1853 1036 pervenisse
1872 995 2031 1026 videatur.
2059 991 2140 1027 Avi·

1259 1049 1325 1073 tam
1347 1040 1546 1074 Francorum
1574 1042 1705 1086 Regum
1733 1043 1766 1076 in
1790 1053 1924 1081 omnes,
1949 1045 2140 1079 Romanam

1259 1090 1424 1132 prasertim
1437 1115 1447 1131 ‚
1474 1090 1633 1125 Ecclefias
1643 1092 1796 1134 pietatem
1805 1093 1937 1128 extollit
1953 1093 2113 1128 Pontifex
2125 1118 2138 1134 ,

1256 1139 1289 1172 δε
1301 1139 1410 1173 subdit
1425 1152 1437 1172 .-
1463 1143 1523 1172 Aut
1537 1139 1677 1183 Rex-ipse
1697 1143 1852 1182 repudiato
1865 1148 1947 1184 turpi
1967 1145 2138 1176 simoniaca

1258 1187 1374 1230 haerefis
1400 1194 1585 1222 matrimonio
1607 1214 1617 1229 ‚
1655 1191 1776 1224 idoneas
1798 1192 1842 1223 ad
1856 1190 1973 1234 sacrum
2007 1198 2142 1236 regimen·

1251 1237 1393 1282 personas
1401 1245 1570 1281 promoveri
1577 1247 1737 1281 permittat
1748 1265 1758 1280 ,
1783 1251 1837 1273 aut
1849 1245 1961 1274 Franci
1969 1250 2027 1284 pro
2035 1245 2133 1282 cerm,

1256 1287 1404 1332 nififidem
1417 1289 1618 1329 christianam
1639 1290 1765 1333 abjicere
1775 1292 1934 1323 maluerint
1952 1315 1963 1331 ,
1984 1291 2146 1334 generaltsu

1256 1339 1458 1372 anathematis
1482 1351 1614 1373 mucrone
1619 1342 1737 1382 percuffi
1748 1365 1758 1381 ‚
1784 1341 1828 1374 illi
1848 1342 1966 1374 ulterius
1987 1341 2145 1384 obtempee

1256 1401 1321 1422 rare
1340 1389 1515 1432 recusabunt
1539 1413 1546 1421 .
1574 1389 1663 1424 Vide
1682 1391 1763 1424 alias
1798 1389 1939 1432 ejusdem
1956 1389 2132 1427 Pontifieis

1257 1440 1378 1473 litteras
1405 1437 1444 1473 ad
1467 1439 1573 1482 ipsum
1586 1438 1777 1483 Philippum
1798 1441 1947 1484 Regem,
1972 1440 2140 1475 adl-Iam
2155 1435 2313 1481 5154457Ῐό·

1256 1490 1382 1523 bertum
1405 1486 1696 1532 Archiepiscopum
1720 1489 1976 1534 Lugdunensem
1995 1515 2006 1530 ‚
2033 1490 2067 1524 &
2091 1487 2142 1525 ad*
2202 1491 2204 1493 ’

1254 1550 1372 1573 omnes
1381 1539 1572 1584 generaliter
1583 1539 1762 1583 Episcopos
1772 1541 1979 1573 Francorum.
2006 1539 2045 1573 In
2057 1539 2134 1573 Vir-

1254 1589 1389 1624 dunenfi
1414 1589 1572 1633 Hugonis
1593 1587 1732 1623 Abbatis
1754 1589 2006 1623 Flaviniacensis
2026 1589 2134 1624 Chro-
2150 1587 2299 1630 Laissfsi
2350 1632 2352 1638 Ι

1255 1640 1330 1673 nico
1341 1638 1445 1673 exstat
1457 1639 1582 1674 erudita
1604 1639 1750 1683 Epistola
1762 1663 1773 1680 ,
1799 1651 1862 1683 qua
1875 1640 1982 1684 Hugo
2004 1639 2134 1673 Dienfis

1255 1689 1433 1732 Episcopus
1459 1689 1494 1723 δε
1510 1689 1668 1723 Romanae
1688 1689 1779 1723 Sedis
1799 1701 1855 1733 per
1868 1689 2011 1723 Galliam
2030 1689 2133 1734 Lega-

1254 1748 1306 1773 tus
1322 1763 1332 1779 ,
1357 1740 1418 1773 suae
1431 1738 1640 1773 Pittavienfis
1653 1739 1779 1781 Synodi
1802 1739 1885 1773 Aeta
1895 1740 2034 1773 referens
2053 1739 2135 1773 Gre-

1255 1789 1351 1834 gorio
1365 1788 1502 1832 septimo
1516 1812 1528 1828 ,
1553 1788 1670 1823 adserit
1681 1788 1784 1831 plures
1797 1800 1850 1831 per
1861 1789 2044 1823 Simoniam
2056 1789 2074 1822 a
2086 1788 2136 1822 di·-

1253 1840 1306 1873 sto
1331 1839 1421 1883 Rege
1431 1839 1572 1872 intrusos
1599 1838 1773 1873 Antistites
1784 1837 1878 1874 fuisse
1900 1839 1920 1872 ὲ.
1941 1839 1973 1872 se
1987 1840 2135 1872 extrusos

1255 1901 1291 1922 ac
1303 1888 1497 1933 degradatos
1510 1914 1520 1929 ,
1534 1900 1571 1922 ac
1583 1889 1667 1922 inter
1680 1889 1766 1932 ipsos
1776 1888 1869 1922 fuisse
1881 1886 2048 1922 Abbatem
2059 1888 2138 1922 Ber·-

1254 1938 1360 1984 gensis
1379 1937 1526 1972 Ecclesiae
1539 1939 1572 1971 in
1596 1941 1703 1973 nostra
1718 1937 1897 1971 Flandria„
1914 1937 2136 1971 Foediffimam

1254 1988 1398 2032 ejusdem
1411 1988 1554 2033 Regisin
1566 1987 1680 2021 dandis
1692 1986 1941 2031 Episcopatibus
1951 1985 2137 2020 Simoniam
2152 2003 2311 2040 EP·64·550

1255 2039 1355 2072 disces
1366 2038 1466 2071 etiam
1480 2049 1522 2071 ex
1535 2038 1630 2071 variis
1645 2037 1798 2081 Epistolis
1809 2037 1914 2071 Sancti
1932 2035 2043 2069 lvonis
2058 2035 2142 2079 Epi-.
2151 2045 2200 2073 66.

1256 2089 1345 2131 scopi
1357 2088 1581 2121 Carnutenfis.
1614 2088 1697 2121 Haec
1709 2087 1821 2122 omnia
1836 2085 2002 2120 Historicc
2011 2085 2141 2130 digesta.

1255 2137 1401 2181 oportuit
1417 2161 1427 2177 ‚
1455 2137 1543 2180 quod
1564 2138 1700 2171 istorum
1717 2147 1901 2181 temporum
1912 2135 2067 2170 Canones
2077 2137 2134 2169 vix

1256 2187 1376 2232 poffint
1388 2187 1452 2220 sme
1474 2187 1540 2220 illis
1551 2187 1690 2232 intelligi
1703 2212 1710 2221 .

1307 2238 1350 2271 Et
1365 2236 1489 2271 malum
1498 2248 1566 2271 non
1578 2236 1666 2271 stetit
1680 2239 1713 2271 in
1729 2237 1807 2284 solis
1820 2236 1985 2282 Regibus:
2010 2235 2134 2271 etenim

1258 2287 1358 2333 Regis
1385 2286 1425 2321 ad
1451 2287 1634 2331 exemplum
1661 2296 1750 2322 totus
1775 2288 1986 2331 componitur
2011 2285 2099 2320 orbis
2122 2309 2134 2318 .

1257 2339 1369 2381 Serpsit
1382 2338 1479 2371 etiarn
1493 2338 1533 2371 ad
1547 2337 1735 2371 inferiorum
1763 2338 1796 2370 in
1813 2337 1951 2370 Ecclesia
1972 2335 2134 2381 graduum

1257 2388 1419 2422 Patronos
1447 2411 1454 2418 .
1492 2388 1551 2420 Illa
1580 2388 1750 2431 praesertim
1774 2387 1924 2421 Simonia
1950 2409 1962 2426 ,
1979 2395 2065 2419 nata
2089 2392 2134 2418 ex

1257 2437 1399 2472 vacantis
1425 2437 1570 2472 Ecclesia:
1595 2437 1629 2470 δε
1647 2446 1862 2480 proventuum
1883 2436 1925 2469 ad
1947 2435 2048 2477 ipsam
2066 2434 2134 2475 spe·

1256 2488 1412 2522 stantium
1425 2487 1529 2532 Regia
1549 2487 1693 2521 custodia
1720 2509 1731 2525 ,
1756 2496 1853 2528 quam
1878 2485 1914 2518 in
1938 2482 2134 2517 Ratherium

1258 2539 1483 2572 Veronensern
1505 2537 1703 2580 Episcopum
1737 2533 1881 2569 exercuit
1915 2533 2021 2578 Hugo
2057 2531 2133 2566 Rex

1257 2588 1356 2622 Italiae
1374 2614 1381 2621 .
1414 2586 1577 2622 Adversus
1598 2597 1671 2620 earn
1689 2585 1800 2619 statuit
1819 2584 1914 2618 tertia
1932 2583 2133 2617 Francorum

1257 2638 1436 2672 Valentina
1456 2636 1627 2679 synodus,
1654 2644 1690 2669 ut
1712 2633 1954 2668 Parochialium
1978 2633 2135 2667 Ecclesia-

1258 2700 1328 2722 rum
1343 2688 1436 2722 dotes
1450 2686 1603 2729 deinceps
1615 2697 1682 2719 non
1694 2685 1878 2719 vexentura
1892 2683 2001 2717 Laicis
2022 2683 2135 2716 Patro-

1258 2741 1329 2779 nis,
1356 2739 1390 2771 Θ·
1416 2737 1498 2770 nulla
1520 2735 1674 2769 redhibitio
1694 2734 1794 2778 census
1816 2734 1885 2767 inde
1904 2738 2060 2777 exigatur.
2089 2732 2135 2766 Et
2149 2721 2263 2760 αὖθ’
2314 2768 2318 2773 ,

1257 2788 1454 2822 Viennensis
1466 2812 1475 2826 ,
1503 2786 1709 2820 cuiFormosi
1720 2784 1892 2818 Pontificis
1909 2781 2049 2826 praesedit
2074 2781 2135 2816 Lo·

1257 2838 1346 2884 gatio
1358 2862 1368 2877 ,
1395 2837 1549 2879 Synodus
1565 2849 1576 2869 -.·
1601 2836 1690 2869 Nulli
1705 2834 1804 2878 census
1816 2837 1837 2867 ἃ
1852 2832 2029 2870 Presbyteris
2040 2857 2050 2873 ‚
2075 2831 2132 2863 loco

1257 2892 1387 2922 muneris
1407 2912 1418 2927 ,
1446 2887 1490 2919 ad
1506 2891 1660 2919 introitum
1681 2911 1692 2926 ‚
1717 2895 1751 2919 ut
1776 2886 1877 2917 dicunt
1897 2908 1908 2924 ,
1935 2881 2131 2921 Ecclefiarum

1256 2944 1448 2981 exquirantur
1461 2961 1471 2976 ‚
1498 2944 1550 2969 aut
1564 2942 1597 2969 vi
1621 2937 1722 2978 aliqua
1742 2942 1985 2976 extorqueantur.
2011 2931 2132 2964 Statut't

1257 2989 1413 3031 justitiam
1438 2997 1537 3030 atque
1550 2987 1764 3020 necessitatem
1780 2984 1891 3018 multis
1900 2980 2071 3023 Scripturis
2095 2979 2132 3012 δε

1257 3037 1435 3072 canonibus
1448 3036 1554 3070 firmat
1570 3036 1721 3079 Synodus
1732 3034 1907 3077 Toslejana
1920 3055 1928 3062 ·
1954 3033 1994 3063 Ut
2012 3029 2134 3068 Presby—
2146 3028 2257 3065 0⁸95»

1258 3098 1302 3122 ter
1321 3089 1406 3129 apud
1417 3084 1590 3129 saecularem
1603 3089 1768 3125 Seniorem,
1794 3081 1828 3117 id
1838 3081 1883 3115 est
1895 3105 1906 3121 ,
1932 3080 2006 3124 pagi
2027 3080 2133 3114 domi·
2146 3068 2278 3105 C²P·¹⁶‘

1258 3138 1374 3173 cellum
1387 3162 1397 3178 ‚
1423 3137 1504 3170 nulia
1522 3142 1692 3179 precatione
1717 3134 1876 3168 vit-laenis
1899 3129 2055 3172 Ecclefiam
2077 3129 2132 3173 seu

1256 3190 1397 3230 capellam
1406 3186 1556 3226 obtineat,
1585 3187 1700 3226 sancitv
1717 3180 1868 3224 Synodus
1890 3180 2108 3215 Nannetenfis
2120 3205 2130 3215 ,

1259 3238 1411 3272 Eundem
1434 3235 1710 3279 canonemprimo
1732 3233 1863 3265 suorum
1891 3231 2132 3274 Capitularium

1258 3289 1343 3322 libro
1354 3288 1490 3322 inseruit
1501 3286 1700 3320 Hinc-marus
1710 3280 1924 3324 Metropolita
1945 3280 2112 3315 Remensis
2124 3304 2133 3312 .

1258 3338 1462 3373 Precationes
1474 3337 1546 3370 istas
1555 3333 1692 3367 &xenia
1702 3333 1764 3365 esse
1777 3333 1917 3365 omnino
1931 3330 2133 3369 simoniaca,

1257 3390 1291 3423 ὃς
1311 3383 1723 3432 digniorumpersonarum
1743 3382 1969 3424 promotioni,
1997 3380 2135 3422 ideoque

1258 3440 1289 3473 &
1328 3433 1552 3474 Ecclesiasticae
1596 3432 1777 3476 disciplinae
1810 3430 1994 3476 capitaliter
2024 3430 2138 3467 aditet-2
2149 3453 2223 3490 Cap·
2237 3456 2264 3482 8.

2029 3482 2062 3518 sa
2073 3505 2087 3526 ,

2146 3261 2219 3299 Cap,
2236 3270 2289 3294 -17.
