2352 3736
119 889 216 922 Trast.
229 899 258 927 ς.

79 946 84 958 x
118 933 193 971 Cap·
211 940 237 971 ἵ.

123 2312 182 2345 Lib.
192 2314 225 2350 34

152 3392 311 3464 {idida
325 3408 414 3450 'hum
436 3430 448 3451 ³
472 3418 540 3459 ‘13²0
562 3409 670 3442 Penus
697 3431 708 3450 2
734 3419 777 3443 ex
800 3411 912 3452 Judaeo
937 3410 1085 3448 novellus
1101 3408 1204 3450 -Chri-

378 134 477 183 '390

302 207 502 245 :I'rac'tatuss
527 210 626 239 Graeci
635 213 745 245 aquam
757 203 903 236 mandant
909 201 981 243 fieri
995 201 1132 234 calidam
1143 206 1188 234 in·

299 257 721 303 santulumperpurgaturam.
737 255 831 296 ‚Quod
837 263 930 293 neque
941 250 1086 292 christus,
1099 263 1189 294 neque

305 307 458 351 quisquam
465 302 672 347 discipulorum
672 303 770 345 feclffi'
777 305 891 344 legitur.
896 303 1003 345 ,Quare
1015 302 1070 334 duo
1078 301 1189 344 baptis-

304 365 387 391 mata
390 355 513 396 faciunt
523 377 534 395 ,
543 354 606 386 cum
613 353 759 396 scriptum
765 351 817 392 fit:
835 355 917 385 Unus
930 355 1086 391 Dominus,
1097 363 1187 384 unum

305 402 486 447 Baptifina,
512 415 572 437 una
593 404 688 436 Fides
701 426 709 434 .
736 401 840 450 Qod
852 403 891 435 s1t
916 402 1066 445 imperita
1087 413 1124 436 ac
1136 402 1186 436 fri—

302 454 378 488 vola
389 455 554 489 calumnia
566 477 577 493 ,
602 450 803 486 demonstrat
826 451 947 487 fastum
960 451 1068 485 Sansti
1080 450 1186 485 Otho·

301 503 373 538 nis.
399 505 467 540 Sub
479 502 607 547 septimi
628 502 783 546 Gregorii
804 500 1007 536 pontificatu
1020 500 1116 535 Otho
1128 500 1187 535 flo-

299 555 388 595 ruit,
412 565 510 598 atque
530 553 576 587 ita
596 553 684 586 lucet
707 552 980 596 baptizandorum
1004 550 1186 586 nuditatem

298 604 396 647 plene
418 614 499 638 tunc
510 601 618 637 adhuc
637 600 773 647 viguisse
789 627 796 635 .
823 603 919 651 Qin
942 603 1020 636 &in
1034 601 1183 636 Theolo-

299 654 382 698 gicae
394 653 600 688 Eruditionis
619 653 752 687 Summa
763 653 869 697 Hugo
891 652 934 686 de
945 652 1063 686 Sancto
1080 648 1186 686 Viuo-

299 705 479 739 reaffirmat
491 703 675 747 baptizatos
688 703 729 738 ab
741 705 836 738 omni
856 704 890 738 δε
900 703 995 746 culpa
1020 702 1054 735 &
1070 704 1186 736 futurae

297 754 373 789 vitae
395 766 489 799 poena
508 753 658 793 liberari,
685 753 825 797 ideoque
852 753 962 787 statim
984 754 1001 787 a
1025 751 1184 796 baptismo

297 805 476 840 morientes
497 815 567 838 non
587 803 718 838 transire
730 814 786 847 per
806 803 913 839 ullum
927 802 1159 848 Purgatoriurn
1174 827 1184 843 ‚

295 856 332 890 &
343 855 564 899 prosequitur:
592 855 625 886 51·
637 860 792 895 opponitur
801 877 815 895 ,
825 855 906 896 quod
914 854 1024 886 nullum
1030 860 1185 895 peccatum

290 904 538 950 fitimpunitum,
564 905 690 937 dicimus
701 927 715 944 ‚
738 905 823 946 quod
833 902 906 946 ipsa‘
919 909 1056 936 contritio
1071 928 1082 945 ‚
1105 916 1183 937 mors

295 967 407 999 quoquo
431 980 442 996 ‚
476 953 543 999 ipsa
567 959 659 988 etiam
678 952 877 996 erubescentia
896 975 907 991 ,
947 964 1039 995 quam
1059 960 1182 995 patitur

295 1007 369 1040 dum
392 1006 490 1042 nudus
511 1005 688 1047 baptizatur
713 1016 808 1042 ,non
829 1005 1002 1046 relinquunt
1031 1011 1183 1045 peccatum

295 1062 479 1098 impunitum
491 1081 498 1088 .
528 1054 584 1088 Est
596 1053 733 1089 traditio
744 1053 937 1097 Apostolica
952 1079 959 1085 .
983 1052 1086 1100 Qod
1095 1054 1184 1087 enim

294 1106 331 1140 &
353 1104 567 1150 baptizandus
588 1103 794 1146 Eunuchus,
818 1104 1088 1148 &baptizaturus
1109 1102 1182 1137 Phi·

294 1156 401 1200 lippus
428 1156 464 1190 in
499 1165 598 1199 aquas
623 1154 849 1190 descenderint
874 1179 884 1195 ‚
910 1153 1021 1188 scribit
1049 1155 1184 1188 Sanetus

294 1205 405 1241 Lucas
426 1207 461 1240 in
473 1205 677 1250 Apostolicis
687 1202 796 1239 Astis.
823 1205 935 1253 Qem
960 1204 1071 1238 locum
1100 1205 1183 1239 reste

294 1266 537 1299 commentatur
558 1256 699 1299 Ioannes
729 1255 914 1300 Gagnaeus:
938 1253 1101 1288 Eunuchus
1120 1256 1184 1288 ideo

294 1316 354 1341 non
364 1307 480 1340 erubuit
501 1317 599 1340 coram
602 1306 729 1347 familia
749 1307 858 1339 nudari
873 1330 884 1347 ‚
910 1310 980 1348 quia
995 1313 1118 1347 peccata
1127 1304 1184 1348 sua

295 1368 394 1391 coram
415 1360 477 1390 Deo
498 1367 555 1390 non
579 1355 764 1399 erubescebat
780 1358 960 1399 propalari.
988 1356 1101 1389 Etiam
1118 1355 1184 1399 ipse

292 1407 491 1449 Dominus,
517 1407 667 1451 adeoque
690 1407 798 1442 &alii
821 1417 936 1441 omnes
960 1407 1092 1441 fuerunt
1111 1405 1183 1439 itaa

293 1456 424 1501 Joanne
458 1456 612 1500 baptizati
632 1481 639 1490 .
682 1457 725 1490 Et
754 1468 823 1491 non
845 1458 913 1491 sola
948 1455 1184 1500 Apostolorum

294 1506 422 1551 Scripta
435 1533 445 1550 ‚
471 1507 524 1543 sed
546 1508 734 1551 &ipsorum
748 1508 846 1542 Gesta
859 1509 921 1541 effe
940 1507 1036 1540 nobis
1048 1506 1185 1549 discipli-

294 1569 346 1593 nae
366 1557 515 1602 regulas,
543 1556 626 1593 reste
641 1558 785 1591 affirmat
804 1558 838 1589 in
861 1556 953 1589 libris
976 1556 1017 1589 de
1029 1566 1184 1597 compun-

295 1608 407 1643 fflone
435 1607 545 1643 cordis
568 1608 700 1641 Sanetus
735 1606 877 1649 Joannes
905 1604 1184 1648 Chrysostomus.

296 1656 344 1691 Et
361 1657 440 1692 hinc
451 1658 620 1701 baptizans
633 1656 787 1688 Minister
797 1657 920 1696 semper
941 1654 1039 1686 etiam
1053 1653 1184 1688 intravit

296 1708 426 1742 fontem
439 1729 447 1739 .
475 1707 526 1740 Ita
538 1704 739 1739 demonstrat
762 1703 867 1746 lapsus
885 1700 1098 1737 &cardinalis
1121 1711 1186 1734 ma-

224 1755 237 1767 *
298 1767 344 1793 nu
366 1768 465 1802 puer,
491 1754 654 1790 &diserte
675 1754 813 1787 affirmat
825 1751 1042 1788 Innocentius
1066 1749 1187 1794 primus

294 1809 336 1843 in
348 1807 525 1851 Responfis
546 1805 587 1839 ad
603 1804 785 1848 Episcopos
796 1802 988 1836 Gallicanos
999 1826 1007 1834 .
1034 1799 1138 1834 Porro
1151 1801 1185 1833 ri·

297 1867 372 1895 tum
394 1857 484 1891 hunc
503 1854 590 1900 apud
614 1854 752 1888 Latinos
776 1863 846 1887 non
881 1851 998 1886 servari
1021 1850 1160 1894 amplius
1174 1875 1186 1893 ‚

299 1904 394 1952 supr&
406 1905 501 1942 nobis
524 1903 610 1940 dixit
622 1905 738 1939 Petrus
761 1900 916 1937 Calaber.
939 1902 1020 1948 Qio
1042 1911 1187 1944 tempore

300 1957 419 1993 mutari
432 1954 590 2000 coeperit,
617 1955 736 2000 ignoro
750 1978 757 1986 .
784 1952 862 1986 Post
885 1950 1052 1986 Victorini
1066 1951 1185 1996 Hugo·

300 2007 353 2042 nis
373 2016 522 2050 tempora
549 2006 648 2050 coepit
682 2002 883 2048 pedetentim
915 2000 1096 2036 decrescere
1115 2026 1127 2044 ,
1153 2001 1186 2036 &

301 2056 436 2093 tandem
450 2054 546 2100 plene
554 2057 600 2091 est
622 2054 798 2090 exstinflus
813 2078 820 2088 .

352 2105 486 2142 Ethinc
507 2106 671 2152 intelliges
689 2117 760 2150 quae
771 2106 812 2140 de
827 2105 1048 2151 Elpidiphoro
1060 2130 1069 2146 ,
1096 2105 1188 2150 Apo·

301 2159 383 2194 stata
406 2157 518 2194 nostro
532 2170 570 2193 ac
581 2166 704 2193 tortore
719 2181 730 2198 ,
756 2157 790 2191 &
802 2157 844 2191 de
855 2157 1002 2191 Muretta
1014 2156 1190 2202 Carthagi·

301 2210 411 2244 nensis
440 2208 590 2243 Ecclefiae
624 2208 780 2242 Diacono
802 2233 812 2249 ‚
839 2206 948 2242 scribit
972 2208 1006 2241 in
1038 2207 1128 2242 libris
1149 2207 1190 2241 de

303 2258 502 2308 Wandalica
522 2259 747 2304 persecutione
759 2258 894 2293 Sanctus
916 2257 1034 2293 Victor
1046 2258 1190 2293 vitensis

302 2310 511 2355 Episcopus,-
537 2309 753 2353 Elpidipborus
770 2309 876 2351 suerat
893 2311 980 2351 apud
1000 2321 1050 2342 nos
1076 2315 1110 2342 tn
1133 2312 1191 2341 Ec-

304 2359 387 2402 clesia
408 2359 512 2402 Fausti
533 2361 711 2403 baptizatus
723 2383 734 2400 ‚
758 2372 844 2403 quem
869 2359 1050 2394 venerabilis
1060 2363 1191 2393 Muretta

306 2416 457 2447 Diaconus
467 2412 504 2446 de
514 2412 599 2446 alveo
612 2411 714 2454 fontis
723 2409 892 2455 susceperat
908 2418 1086 2454 generatum
1103 2434 1111 2442 .
1136 2410 1191 2443 Et-

307 2464 377 2497 iam
400 2461 489 2496 hunc
510 2471 661 2505 torquere
684 2473 752 2496 non
775 2461 906 2496 erubuit
918 2460 1100 2504 Apostata‚
1128 2469 1191 2503 per-

307 2513 427 2558 gitque
438 2513 557 2547 Viftor
573 2526 583 2545 :
610 2517 688 2546 Cum
699 2516 832 2545 Muretta
845 2536 856 2552 ,
883 2510 1081 2553 Elpidiphoro
1088 2508 1192 2553 seden-

307 2572 339 2598 te
361 2564 395 2596 (ν’
400 2562 574 2604 fremente,
600 2562 781 2595 honorabilis
804 2564 906 2595 Senior
917 2561 1039 2603 coepisset
1049 2561 1191 2598 extendi,

304 2611 483 2657 priusquam
497 2620 654 2645 exueretur
667 2635 677 2651 ,
705 2611 876 2651 clamfurto
889 2635 898 2650 ,
926 2609 1116 2652 nescientibus
1126 2619 1193 2642 cun-

308 2662 369 2698 elis
381 2685 392 2701 ‚
417 2663 470 2695 illa
493 2662 673 2703 quibuscum
687 2662 724 2694 de
726 2661 816 2702 fonte
835 2658 997 2703 suscipiens
1018 2660 1133 2692 dudum
1153 2668 1195 2692 te-

310 2721 402 2748 eserat
422 2711 542 2746 sabana
553 2711 727 2752 bajulabat.
755 2710 872 2753 ,Quibus
897 2711 1051 2743 ventilatis
1067 2733 1079 2750 ,
1098 2707 1193 2751 simul-

309 2774 367 2808 que
390 2767 423 2796 in
441 2760 589 2803 ostensione
614 2761 779 2795 cunc‘lorum
801 2759 924 2802 extenfis
936 2783 946 2799 ‚
973 2766 1004 2793 in
1025 2759 1071 2792 his
1092 2758 1192 2793 verbis

312 2822 406 2847 totam
428 2814 537 2846 dicitur
559 2813 603 2844 ad
606 2812 709 2852 fletum
731 2809 938 2849 &lachrymas
956 2809 1133 2853 commoviffe
1155 2813 1194 2841 cl-

312 2869 443 2897 vitatem
460 2877 471 2896 :
497 2866 567 2896 Haec
574 2860 647 2905 sunt
666 2863 844 2895 linteamina
857 2884 867 2900 ,
894 2858 1093 2901 Elpidipbore
1104 2862 1198 2892 Mint-.

312 2913 368 2956 {ier
390 2918 518 2952 erroris,
544 2923 613 2955 quae
642 2920 671 2944 te
684 2909 880 2954 accusabunt,
905 2911 979 2942 dum
992 2907 1135 2950 Majestas
1145 2919 1197 2943 ve·

315 2970 392 2996 nerit
397 2965 573 3005 judicantis
585 2984 596 3002 ,
619 2962 791 3003 custodiente
812 2960 969 3004 diligentia
979 2970 1047 2993 mea
1062 2959 1108 2992 ad
1123 2957 1202 2998 testim
1218 2987 1220 2992 .

318 3019 449 3047 monium
462 3023 523 3047 tuae
533 3014 712 3056 perditionis
725 3012 770 3045 ad
779 3011 1005 3053 demergendum
1025 3018 1054 3042 te
1065 3014 1098 3042 in
1109 3007 1198 3052 abyffo

315 3068 398 3102 putei
405 3062 431 3105 s
425 3063 587 3106 uisurantis
604 3089 611 3095 .
638 3071 713 3100 1-1aec
724 3071 753 3096 te
763 3062 982 3095 immaculatum
991 3064 1150 3093 cinxerant
1160 3059 1198 3092 de

314 3110 400 3153 fonte
409 3112 594 3157 surgentem.
622 3117 694 3146 Haec
708 3122 736 3146 te
745 3118 841 3147 acrius
858 3109 1094 3154 persequentur,
1115 3108 1198 3150 flam,-

321 3169 452 3194 mantem
470 3163 636 3206 gebennam
656 3175 722 3196 cum
741 3167 862 3204 coeperl‘s
881 3162 1019 3203 poffidere
1030 3184 1042 3200 ‚
1066 3156 1139 3202 quia
1157 3163 1199 3191 in-

321 3207 410 3242 duisti
435 3219 462 3243 te
478 3214 712 3247 maledictionem
728 3212 802 3255 ficut
813 3211 1038 3252 vestimentum,
1061 3207 1199 3252 scindent

322 3266 412 3301 atque
423 3265 564 3293 amittens
577 3268 643 3296 veri
655 3261 846 3305 baptismatis
856 3273 892 3295 ac
898 3261 973 3303 fidei
982 3263 1176 3293 sacramenta
1192 3283 1199 3291 .

325 3308 371 3343 Et
393 3310 428 3359 in
446 3307 561 3342 litteris
583 3311 621 3343 ad
635 3313 821 3352 Ianuarium
841 3311 1069 3346 Calaritanum
1088 3307 1202 3343 Archi-

322 3358 516 3402 episcopum
540 3357 686 3400 Magnus
695 3362 875 3405 Gregorius
896 3359 1007 3395 laudat
1030 3359 1133 3393 album
1144 3359 1204 3398 byr-

908 118 1545 162 D1sse1zr‘Arto

1249 200 1372 236 stianus
1386 225 1396 241 ,
1422 199 1549 242 defonte
1560 199 1712 244 resurgens
1725 203 1957 244 indutusfunat
1970 229 1978 236 .
2007 203 2131 250 ‘Arguit
2149 201 2238 242 Epist·
2251 210 2278 238 ς.

1251 251 1406 291 Petrum,
1433 249 1522 293 quod
1545 261 1624 284 cum
1648 251 2069 298 Dominicaecrucisfigm,
2096 256 2129 288 ἃς

1251 303 1398 345 Deiparae
1421 301 1571 345 Virginis
1594 300 1742 344 imagine
1765 301 1857 335 fixum
1886 311 2017 344 quoque
2037 305 2132 339 Saba·

1249 357 1329 385 num
1353 351 1385 384 in
1402 351 1586 394 Judaeorum
1607 351 1796 392 Calaritana
1821 352 1996 395 synagoga
2015 374 2027 390 ‚
2051 342 2128 389 tam-¹

1248 412 1346 445 quam
1361 399 1546 436 immobiles
1558 400 1646 433 illius
1660 410 1827 444 occupatae
1847 401 1961 435 titulos
1975 425 1985 440 ‚
2013 401 2049 434 in
2063 402 2131 446 ipso

1248 450 1398 485 paschali
1420 451 1473 485 die
1494 450 1681 484 solemniter
1703 462 1740 483 ac
1753 450 1911 485 violenter
1922 450 2131 496 collocasset,

1250 503 1291 535 Et
1306 502 1340 534 in
1354 506 1471 544 quarto
1483 501 1704 546 Dialogorum
1716 500 1799 535 libro
1814 501 1924 535 scribit
1936 500 1976 535 de
1988 501 2133 545 quodam

1247 551 1540 586 Centumcellenfis
1571 551 1720 585 Ecclefiae
1753 551 1946 594 Presbytero
1974 563 1981 583 :
2009 556 2133 586 Invenit

1246 609 1346 636 virum
1357 627 1367 642 ‚
1393 606 1446 643 qut
1457 603 1492 634 de
1499 602 1624 643 pedibus
1635 604 1841 648 ‘calceamenta
1853 601 2030 641 abstraheret
2042 627 2052 642 ,
2083 613 2134 636 ve·

1240 652 1383 691 sttmenta
1401 650 1584 695 susciperet,
1612 653 1774 685 &exeunti
1797 653 1835 685 de
1854 653 1956 685 balnei
1987 652 2131 688 caloribus

1243 701 1359 745 sabana
1365 702 1512 744 praeberet
1524 727 1531 733 .
1559 701 1604 735 Et
1615 701 1655 736 ad
1667 702 1843 745 pippinum
1854 702 2052 738 Francorum
2067 703 2135 744 Rex

1246 764 1323 797 gem
1343 751 1485 787 rescribit
1506 752 1626 786 Paulus
1639 751 1760 794 primus
1780 752 1955 786 Pontifex:
1985 753 2135 786 Sodalita·

1245 809 1285 836 tis
1307 803 1411 843 vestra·
1432 802 1550 844 illustris
1563 803 1665 845 Mtffus
1685 801 1909 844 pretiofiffimum
1934 802 2017 843 nobis
2025 803 2132 846 super·
2149 815 2234 855 Epist,
2245 820 2274 847 6,

1247 865 1294 887 nae
1307 860 1421 898 gratia·
1440 864 1548 886 munus
1571 854 1695 893 attulit,
1721 852 1875 885 Sabanum
1902 854 2041 893 videlicet
2057 877 2066 892 ,
2097 859 2131 886 in

1245 915 1301 945 quo
1323 903 1418 943 nostra
1440 903 1597 943 dulciffima
1617 901 1790 945 spiritualis
1813 903 1881 944 filla
1908 927 1919 942 ,
1940 901 2133 946 fixeratiffimo

1245 954 1367 986 lavacro
1388 952 1514 992 abluta,
1536 951 1672 994 suscepta
1683 951 1720 990 est
1734 977 1741 983 .
1768 954 1867 1001 ,Quem
1893 956 2002 985 &eum
2022 965 2133 997 magna

1239 1004 1453 1043 jucunditate,
1479 1004 1641 1045 aggregata
1661 1003 1764 1042 populi
1785 1002 1897 1034 cohorte
1931 1026 1941 1042 ,
1968 1002 2054 1041 infra
2078 1015 2134 1037 au·

1244 1054 1307 1086 lam
1314 1051 1428 1096 sacrati
1439 1057 1566 1093 corporis
1579 1051 1781 1083 auxiliatricis
1798 1050 1903 1091 vestrae
1927 1055 2132 1086 13:1Petronib

1244 1105 1283 1135 lae
1305 1127 1316 1142 ,
1340 1103 1522 1136 celebrantes
1546 1101 1697 1144 Miffarum
1716 1098 1858 1142 solemnia
1883 1125 1893 1140 ‚
1933 1113 1999 1134 cum
2011 1111 2131 1146 ‘magno

1241 1154 1352 1197 gaudio
1356 1151 1557 1196 suscepimus,
1587 1153 1621 1185 (Ὗ
1631 1159 1686 1192 per
1698 1150 1966 1183 allatum'eundem
1985 1149 2139 1197 ‚sctbamamu

1245 1215 1311 1236 eam
1336 1213 1480 1246 tanquam
1508 1199 1741 1245 praefi'ntialiter
1769 1199 1919 1244 fiiscepiffe
1940 1200 2134 1244 gaudemus-0

1249 1253 1290 1286 Et
1301 1253 1334 1287 in
1348 1255 1432 1288 libro
1445 1253 1485 1287 de
1497 1251 1646 1296 Virginis
1659 1251 1810 1288 laudibus
1824 1250 2017 1285 venerabilis
2033 1251 2136 1286 Adel-

1248 1314 1316 1338 mus
1330 1317 1336 1336 :
1362 1308 1401 1336 In
1407 1302 1533 1346 sabanis
1556 1301 1769 1344 &sindonibus
1780 1298 1999 1342 bajulabantur
2015 1306 2134 1346 aegrotis

1250 1354 1290 1387 Et
1315 1354 1355 1387 de
1368 1353 1556 1388 Walderico
1580 1351 1790 1386 Laudunenfi
1816 1351 2004 1395 Episcopo,
2030 1363 2136 1396 quem.

1249 1404 1294 1437 sui
1316 1403 1414 1438 Cives
1436 1403 1675 1437 trucidaverant
1698 1414 1736 1436 ac
1763 1402 1961 1444 insepultum
1988 1401 2135 1444 projece--

1249 1463 1317 1488 rant
1327 1479 1337 1496 ,
1363 1454 1474 1488 scribit
1486 1455 1518 1487 in
1534 1454 1623 1486 libris
1635 1452 1675 1487 de
1686 1454 1740 1486 sua
1755 1452 1820 1486 vita
1831 1451 2009 1486 Guibertus
2024 1452 2138 1488 Novi-

1246 1505 1339 1548 genti
1363 1504 1496 1539 Abbas:
1524 1505 1588 1546 ,Qui
1610 1504 1706 1536 nudus
1720 1505 1861 1543 jacuerat
1888 1527 1899 1542 ‚
1920 1501 2041 1543 jubetur
2060 1512 2138 1542 tana¹

1247 1556 1314 1587 dem
1334 1556 1458 1593 levari,
1485 1553 1639 1595 &sabano
1660 1551 1824 1596 superjello
1842 1555 1886 1586 ad
1906 1552 2050 1586 sanarem
2061 1556 2137 1586 Vin-

1246 1609 1371 1635 centium
1385 1605 1558 1644 deportari.
1585 1602 1750 1647 roirca
1772 1602 1938 1636 sabanum
1959 1614 2025 1636 erat
2038 1613 2140 1648 gran·-

1247 1652 1287 1685 do
1298 1653 1499 1689 linteamen,
1525 1662 1592 1693 quo
1614 1651 1688 1693 quis
1707 1650 1812 1684 nudus
1834 1652 1874 1684 de
1905 1652 2024 1692 balneo
2047 1662 2134 1696 egre-

1247 1699 1339 1734 diens
1361 1699 1585 1741 excipiebatur
1609 1700 1645 1732 &
1678 1700 1925 1741 cooperiebatur
1944 1724 1953 1732 .
1981 1702 2094 1734 Etiam
2112 1701 2146 1742 ὲ,

1249 1749 1428 1793 baptismali
1440 1748 1558 1783 balneo
1571 1747 1653 1782 olim
1665 1746 1904 1792 egrediebamur
1916 1748 1996 1782 nudi
2006 1773 2019 1789 ‚
2044 1750 2140 1783 idem

1248 1809 1312 1841 que
1331 1797 1455 1833 'sabano
1487 1797 1729 1842 excipiebamur
1763 1810 1817 1840 per
1839 1798 2029 1833 Diaconum
2055 1799 2140 1834 :Be

1250 1849 1334 1883 istud
1354 1849 1486 1884 videtur
1509 1849 1541 1882 in
1569 1847 1706 1883 Ecclefia
1720 1848 1908 1884 solemniter
1930 1849 2139 1891 remanfiffe,

1248 1911 1285 1934 ac
1297 1899 1394 1934 fuisse
1403 1900 1564 1934 servatum
1579 1925 1586 1932 .
2029 1903 2031 1905 ’
2137 1922 2141 1928 .

1299 1949 1343 1982 Et
1367 1947 1434 1983 haec
1451 1950 1608 1986 nuditatis
1630 1950 1804 1994 disciplina
1825 1951 1949 1985 servata
1969 1950 2053 1984 olim
2067 1949 2140 1984 fuit.

1250 2000 1349 2034 etiam
1366 2000 1399 2033 in
1416 2000 1544 2044 privato
1568 2000 1745 2044 baptismo.
1773 2001 1884 2036 Etiam
1907 2000 1942 2034 in
1967 1999 2137 2043 baptismo

1251 2049 1472 2086 infirmorum.
1503 2051 1636 2085 Etenim
1660 2051 1701 2085 de
1719 2050 1864 2085 Sifinnio
1890 2050 2048 2084 Romanae
2070 2050 2136 2083 Ec-

1250 2101 1347 2137 clestae
1367 2102 1523 2138 Diacono
1537 2127 1547 2142 ,
1573 2101 1683 2136 nescio
1705 2112 1803 2141 quem
1820 2094 2050 2142 Apronianum
2071 2100 2134 2142 pri-

1253 2155 1353 2189 vatim
1376 2153 1561 2198 baptizante
1575 2176 1586 2192 ,
1612 2149 1700 2193 apud
1710 2150 1925 2184 Laurentium
1938 2149 2068 2183 Surium
2077 2148 2139 2184 ha-

1253 2205 1331 2239 bent
1352 2204 1383 2238 S.
1397 2202 1549 2237 Marcelli
1574 2200 1749 2237 Pontificis
1764 2199 1845 2237 Asta
1859 2213 1870 2233 :
1895 2200 2016 2232 Eadem
2038 2198 2110 2231 bora
2121 2223 2137 2239 ,

1253 2255 1351 2289 allata
1372 2254 1411 2293 est
1424 2265 1504 2298 aqua
1518 2277 1528 2294 ,
1554 2254 1589 2287 Θ
1600 2250 1799 2286 catechizavit
1821 2261 1885 2283 eum
1897 2274 1908 2290 ,
1934 2252 1968 2283 Θ·
1979 2250 2141 2283 benedixit-

1245 2306 1384 2347 fontem,
1411 2305 1570 2340 &nudum
1592 2301 1724 2347 deposuit
1746 2307 1855 2338 eumin
1875 2300 2137 2343 pelvim.⁴Etde

1254 2357 1284 2390 S.
1298 2355 1479 2390 Laurentio
1492 2353 1744 2390 Archidiacono
1757 2376 1767 2392 ‚
1795 2350 1942 2390 nobilem
1955 2351 2058 2384 virum
2070 2350 2142 2383 Luz

1254 2405 1368 2440 cillum
1379 2405 1585 2451 baptizante,
1604 2402 1701 2438 habet
1712 2402 1802 2436 istius
1815 2400 1895 2435 Vi'ta
1909 2414 1921 2434 ε
1934 2401 2025 2434 'Cum
2034 2398 2138 2443 exspo-
2163 2428 2165 2431 .

1253 2457 1344 2500 Iiaffet
1354 2468 1441 2495 eum,
1458 2455 1547 2497 fudit
1567 2465 1679 2497 aquam
1697 2452 1786 2497 super
1807 2458 1899 2492 caput
1915 2453 1985 2492 eius,
1997 2475 2005 2490 e
2027 2450 2077 2489 Et
2087 2449 2141 2483 def

1255 2507 1398 2549 Cyriaco
1422 2506 1580 2540 Diacono
1603 2530 1612 2544 ,
1640 2503 1768 2548 Jobiam
1789 2501 1957 2536 Persarum
1977 2499 2078 2542 Regis
2097 2498 2141 2532 fi-.·

1254 2556 1331 2591 liam
1356 2556 1542 2601 baptizante
1556 2579 1567 2595 ‚
1594 2554 1710 2588 dicunt
1731 2554 1761 2587 S.
1778 2550 1927 2593 Marcelli
1939 2548 2021 2583 Asta
2036 2561 2046 2581 .·
2059 2561 2062 2564 ·
2074 2550 2146 2581 Fe-.

1254 2613 1292 2639 cit
1305 2618 1370 2639 eam
1396 2606 1645 2640 Catecbumenam
1663 2602 1852 2645 moresolito,
1877 2602 1912 2632 <⁸2⁴
1932 2596 2146 2631 “medium''

1254 2669 1320 2690 eam
1331 2682 1342 2698 ‚
1368 2659 1403 2691 Θ
1413 2658 1510 2690 allata
1519 2666 1598 2698 aqua
1610 2652 1740 2696 deposuit
1750 2661 1815 2684 eam
1826 2650 1940 2682 nudam
1949 2654 1981 2680 in
1992 2645 2153 2690 concham,

1256 2716 1429 2750 argenteam
1449 2730 1458 2739 .
1487 2706 1532 2740 Et
1559 2705 1598 2738 de
1633 2701 1740 2735 nobili
1768 2699 1838 2732 viro
1869 2695 2155 2739 Tranquillitioq„

1256 2768 1353 2799 quem
1379 2755 1561 2800 graviffima
1591 2751 1734 2795 podagra
1769 2747 1926 2782 afflicitum
1955 2745 2145 2789 baptizavit.

1255 2806 1455 2849 Polycarpus
1466 2802 1638 2845 Presbyter
1651 2824 1662 2840 ‚
1688 2798 1810 2833 habent
1825 2799 1907 2832 Asta
1927 2798 1960 2831 S.
1980 2795 2145 2830 sebastia—2

1256 2857 1291 2890 ni
1306 2869 1317 2888 .·
1346 2853 1408 2894 Post
1419 2853 1469 2886 hos
1493 2852 1661 2893 Infantulos
1675 2849 1901 2891 Tranquillinus
1917 2845 2063 2887 adaeus
2074 2843 2111 2884 est
2121 2868 2145 2886 ,.

1256 2905 1327 2938 adeo
1333 2905 1473 2947 podagra
1492 2904 1526 2935 cb·
1537 2901 1676 2943 cbyragra
1697 2897 1864 2938 constrictus
1875 2921 1888 2938 ,
1912 2906 1947 2931 ut
1959 2900 2016 2931 vix
2034 2900 2147 2937 mant-q

1255 2956 1311 2988 bus
1328 2962 1501 2996 portaretur
1524 2976 1532 2983 .
1560 2958 1648 2988 Hunc
1667 2952 1732 2983 cum'
1764 2956 1906 2982 exuerent
1921 2947 2110 2983 indumentis
2121 2968 2147 2986 ,.

1258 3006 1291 3039 <st
1303 3006 1352 3038 ille
1365 3002 1544 3038 intolerabili
1558 2998 1592 3042 se
1603 3002 1713 3034 diceret
1727 3004 1857 3042 torqueri
1869 2998 1984 3037 dolore,
2010 2999 2145 3028 interro«

1252 3061 1345 3100 gavit
1359 3065 1424 3088 eum
1438 3054 1608 3094 Polycarpus
1637 3049 1789 3089 Presbyter
1801 3073 1812 3089 ‚
1841 3058 1911 3081 num
1931 3056 1969 3079 ex
1981 3052 2039 3077 toto
2050 3045 2145 3080 cord&

1257 3106 1387 3139 crederet
1402 3108 1588 3147 unigenitum
1602 3102 1716 3139 Filium
1728 3103 1804 3137 Dei,
1828 3100 1987 3129 Dominum
2010 3095 2142 3135 nostrum

1260 3150 1706 3199 JESUM-CHRISTUM,
1712 3144 1983 3192 poffeipfisalutem
1992 3145 2145 3188 confirm-3.

1260 3209 1427 3248 5tatimque
1449 3213 1485 3238 ut
1504 3200 1655 3246 respondit
1670 3224 1683 3240 ,
1708 3199 1823 3235 Credo,
1849 3194 2145 3239 resolutaesuntmqy·

1261 3268 1317 3290 nus
1330 3258 1396 3298 ejus
1409 3279 1420 3295 ‚
1444 3265 1514 3296 quae
1525 3260 1613 3286 erant
1626 3246 1738 3291 nodoso?
1751 3271 1762 3287 2
1788 3244 2041 3290 &genu‘fimula
2049 3244 2139 3286 μέθ’·

1262 3316 1360 3349 taeque
1367 3306 1479 3347 pedum
1500 3305 1566 3343 eJus
1578 3307 1624 3334 ita
1630 3298 1701 3343 fient
1710 3297 1870 3334 incolumes
1877 3297 2005 3330 reddita
2015 3301 2068 3334 ‚ut
2078 3302 2131 3324 ve-

1263 3359 1306 3391 lut
1315 3356 1467 3398 parvulus
1479 3356 1633 3394 renovatis
1644 3347 1770 3391 pedibus
1778 3345 1803 3390 s
1796 3353 1842 3381 uis
1854 3346 2009 3388 insontem
2020 3339 2137 3383 descen·

1264 3409 1346 3442 deret
1357 3428 1365 3440 .
1393 3405 1439 3440 Et
1448 3402 1489 3440 de
1501 3402 1561 3441 illo
1573 3397 1679 3445 Judaeo
1691 3423 1703 3442 ,
1729 3408 1828 3444 quem
1844 3396 1885 3432 irr
1894 3392 2028 3477 Aah&
2037 3389 2144 3476 {ite-[serf.
