2352 3736
102 1745 149 1770 44-

361 188 428 232 94

291 253 470 289 noluerunt
479 248 563 292 apud
575 246 900 290 Constantinopolim
911 242 1071 277 ordinari.
1086 243 1178 277 Hinc

293 303 331 339 in
358 305 412 337 sua
424 326 434 342 ,
459 310 558 343 quam
586 298 621 331 in
646 294 899 340 quinquagesimi
912 291 1178 338 Carthaginenfis

295 351 445 388 Canonis
453 348 691 384 commentario
703 344 833 380 adducit
848 341 1048 377 Theodorus
1070 344 1178 379 Balsa-

294 414 374 439 mon
387 427 399 444 ,
424 401 466 436 ad
478 398 635 435 Alexiaca
645 394 889 429 Cathecumena
904 393 1043 436 Synodo
1066 393 1179 429 statuit

295 451 442 488 Michael
457 447 661 485 patriarcha:
689 448 722 476 N
726 455 741 476 e·
745 442 784 484 fit
790 450 961 484 praetextus
975 468 985 484 ‚
1012 443 1091 487 isque
1098 444 1178 487 satis

293 506 439 549 elegans,
465 507 504 533 iis
514 505 566 542 qui
578 496 680 529 nolunt
702 492 748 525 hic
768 494 924 533 ordinari,
951 495 995 526 ad
1015 493 1179 538 religiosum

294 555 421 596 nostrum
442 544 697 588 carthophylacem
717 544 921 580 accedentibus
941 568 952 584 ‚
993 546 1072 586 quod
1090 547 1180 585 majo.

293 617 359 638 rem
378 602 461 645 forts?
490 597 617 640 subeant
637 599 880 635 innovationem,
906 605 999 636 quam
1022 596 1088 628 olim
1111 597 1180 628 dart

288 654 387 697 fuerit
397 647 568 692 consuetudo
578 669 589 686 ‚
613 646 648 679 ἐν
658 650 684 679 et·
695 656 804 686 quoque
815 651 857 677 rei
873 647 894 677 ἃ
909 643 1005 683 nostra
1027 646 1177 679 Mediocri-

295 711 358 736 tate
367 700 404 740 est
413 699 496 732 hodie
505 693 676 741 provisum.
705 699 835 727 Cautum
859 694 898 735 est
920 702 1000 728 enim
1014 719 1025 734 ‚
1050 707 1087 728 ne
1100 701 1179 730 anti·

293 763 354 794 qua
371 757 404 783 in
413 755 457 784 eis
464 746 632 792 consuetudo
643 744 827 786 transiliatur
838 769 848 784 ‚
868 743 927 787 sed
944 745 999 777 illa
1016 743 1081 788 sola
1108 747 1177 779 den-

291 811 345 835 tur
358 798 500 843 Episcopi
512 795 655 837 Ministris
666 795 699 831 o·
708 794 902 839 religiofiffimo
924 793 1014 835 buJus
1035 802 1176 838 temporis

292 849 521 893 Cartbopbylact'
530 873 541 890 ,
554 858 619 890 quae
631 845 669 880 ab
682 850 718 879 iis
732 870 741 886 ,
751 850 801 888 qui
812 846 992 878 ordinantur
1002 870 1012 886 ‚
1021 847 1093 887 jam
1109 847 1177 879 olim

291 903 363 935 dari
386 898 574 944 consuevere.
602 896 817 931 Exastionem
841 905 910 928 non
936 895 1094 938 damnat,
1120 906 1176 930 aut

289 951 406 987 abolet
416 975 427 992 ‚
454 949 508 983 sed
521 945 730 984 solummodo
741 946 867 982 reducit
876 944 919 979 ad
931 946 1085 990 antiquos
1095 945 1175 980 limi-

291 1012 342 1037 tes
351 1027 362 1043 ‚
372 1002 404 1036 &
415 1009 502 1034 vetat
512 998 663 1039 deinceps
673 996 784 1040 augeri
797 1019 804 1028 .
817 994 1010 1031 Ridiculum
1024 995 1069 1030 est
1082 1006 1177 1031 vetus

291 1052 335 1088 ad
345 1050 554 1087 centesimam
566 1046 888 1091 vigefimamtertiam
912 1045 1086 1090 justiniani
1108 1046 1177 1080 Au-

291 1101 378 1147 gusti
390 1099 552 1134 novellam
566 1097 669 1141 legem
681 1097 715 1131 in
729 1096 865 1140 Joannis
875 1096 964 1131 tertii
979 1094 1171 1131 Patriarchae

291 1147 858 1192 constantinopolitanicollectione
872 1146 1021 1180 Graecum
1042 1146 1083 1180 de
1107 1156 1176 1180 om-

290 1198 481 1236 nibushisce
491 1196 716 1234 exactionibus
738 1195 887 1230 scholion
902 1210 913 1229 .·
941 1200 995 1230 11ae
1010 1195 1175 1238 praeslatio-

290 1263 347 1286 nes
358 1253 486 1295 legitimo
490 1251 561 1291 jure
565 1248 646 1290 fiunt
655 1271 666 1287 ,
688 1246 840 1289 postquam
850 1251 1034 1288 Imperator,
1047 1250 1101 1287 qui
1116 1244 1176 1289 sae-

290 1303 432 1336 cularium
442 1299 479 1340 est
492 1304 634 1332 Dominus
644 1319 656 1336 ‚
687 1297 758 1330 illas
769 1296 950 1338 approbavit
960 1321 968 1331 .
1000 1299 1035 1329 N
1038 1307 1075 1328 on
1097 1301 1175 1329 enim

288 1351 325 1384 ob
337 1352 533 1384 ordinationis
539 1352 673 1390 gratiam
677 1352 806 1388 pecunia
815 1352 959 1388 accipitur
969 1369 980 1385 ‚
1006 1356 1098 1391 neque
1105 1353 1177 1388 pro-

283 1402 394 1444 pterea
406 1400 524 1444 indigni
533 1398 738 1434 admittantur
748 1419 761 1436 ‚
781 1393 841 1438 sed
850 1399 1008 1430 Honorarii
1030 1396 1065 1429 ἀν
1074 1395 1177 1438 benefi-

287 1456 393 1484 centiae
415 1455 480 1482 vice
490 1447 643 1489 praebetur
654 1445 732 1478 illud
739 1447 886 1479 modicum
897 1468 909 1484 ,
932 1446 1013 1488 quod
1022 1446 1084 1488 lege
1103 1445 1174 1488 defi·

290 1506 388 1534 nitum
397 1497 452 1538 est.
477 1496 577 1542 Qafi
588 1505 667 1529 vero
683 1494 725 1528 ad
738 1494 877 1529 Laicum
901 1494 1060 1538 pertineat
1082 1494 1175 1530 Prin·

289 1550 397 1594 cipem
410 1546 594 1582 Simoniam
606 1543 744 1578 statuere
755 1543 806 1577 vel
819 1555 957 1589 purgare
967 1569 975 1578 .

287 1621 291 1623 -
338 1597 504 1634 Adversus
521 1594 660 1630 similem
681 1594 842 1628 Romana:
863 1594 1014 1629 Ecclesiae
1038 1594 1175 1630 abusum

288 1647 388 1694 longe
398 1646 534 1683 sanetius
556 1646 592 1679 in
614 1645 670 1680 sua
693 1642 849 1679 Romana
870 1645 1008 1685 synodo
1029 1645 1176 1688 proceffit

99 1693 162 1728 Lib.
192 1696 250 1734 Ep.
288 1700 436 1743 Magnus
462 1694 642 1741 Gregorius
664 1707 675 1727 .·
702 1697 866 1736 Antiquam
895 1696 1026 1727 Patrum
1044 1695 1177 1738 regulam

285 1748 434 1794 fhquens,
460 1745 548 1779 nihil
554 1754 686 1787 unquam
707 1744 745 1777 de
770 1743 1008 1778 ordinationibus
1035 1748 1178 1786 accipien-

287 1802 364 1834 dum
376 1797 428 1842 effe
446 1794 602 1836 constituo,
629 1803 722 1836 nequo
743 1803 782 1828 ex
796 1793 918 1828 datione
942 1793 1059 1834 Pallii,
1086 1805 1179 1836 neque

287 1862 331 1885 ex
341 1849 503 1882 traditione
516 1844 710 1885 chartarum,
735 1853 829 1885 neque
846 1854 884 1876 ex
905 1855 962 1886 ea,
987 1854 1078 1886 quam
1098 1855 1177 1878 nova

284 1903 344 1943 'per
353 1896 543 1932 ambitionem
546 1893 695 1936 fimulatio
704 1897 825 1926 invenit
833 1916 846 1933 ‚
873 1894 1067 1936 appellatione
1073 1894 1181 1936 pastel-

289 1951 331 1984 li.
360 1950 446 1992 ,Quia
455 1951 534 1981 enim
544 1943 709 1980 ordinando
721 1942 866 1987 Episcopo
889 1945 1033 1987 Pontifex
1056 1956 1179 1978 manum

287 2004 419 2042 imponit
431 2022 442 2038 ‚
468 1996 686 2040 Evangelicam
697 2005 768 2028 vero
777 1993 923 2042 lellionem
933 1993 1066 2034 Minister
1075 1995 1147 2039 legit
1155 2018 1167 2035 ,

291 2049 522 2092 confirmationis
536 2054 636 2080 autem
645 2046 709 2087 ejus
722 2042 885 2086 Epistolam
895 2049 930 2077 N
933 2050 1043 2078 otarius
1049 2042 1155 2087 scribit
1166 2059 1175 2088 3

286 2098 359 2142 ficut
380 2096 549 2138 Pontificem
570 2107 627 2130 non
651 2096 732 2128 decet
750 2105 894 2136 manum,
920 2106 1010 2137 quam
1029 2099 1154 2136 imponit
1166 2120 1177 2136 ‚

292 2149 424 2183 vendere
433 2171 444 2188 ‚
470 2151 515 2179 ita
525 2144 659 2186 Minister
670 2145 723 2178 vel
737 2148 887 2178 Notarius
899 2156 958 2178 non
969 2143 1054 2178 debet
1063 2150 1097 2178 in
1112 2146 1178 2186 ejus

291 2200 476 2233 ordinatione
486 2207 584 2231 vocem
592 2193 679 2239 suam
690 2195 740 2228 vel
751 2195 899 2228 calamum
911 2196 1086 2229 venundare
1096 2218 1104 2225 .
1117 2196 1179 2228 Pro

295 2250 491 2282 Ordinatione
501 2258 585 2285 vero,
597 2246 650 2279 vel
659 2244 767 2285 Pallio,
779 2242 832 2287 seu
843 2243 970 2284 chartis,
980 2253 1070 2287 atque
1076 2243 1178 2286 pastel-

291 2300 322 2333 io
330 2323 341 2339 ,
367 2298 490 2331 eundem
500 2301 551 2338 qui
563 2295 748 2328 ordinandus
763 2293 799 2332 cst
812 2296 864 2327 vel
872 2296 1028 2328 ordinatus
1043 2318 1053 2335 ,
1062 2300 1180 2328 omnino

293 2349 415 2390 aliquid
423 2349 496 2380 dare
503 2344 641 2388 prohibeo
657 2368 664 2375 .
693 2347 748 2376 Ex
761 2343 867 2385 quibus
874 2345 1032 2385 praediHis
1050 2344 1138 2378 rebus
1153 2343 1185 2385 fi

290 2404 361 2441 -quis
377 2397 446 2431 hinc
455 2397 574 2439 aliquid
581 2395 722 2429 commodi
746 2394 945 2436 appellatione
964 2399 1102 2438 exigere,
1127 2395 1181 2428 vel

293 2448 413 2489 deferre
427 2446 513 2489 forti?
532 2441 757 2488 pra-sumpserit
777 2466 788 2481 ‚
812 2449 846 2476 in
869 2442 994 2483 districh
1019 2447 1076 2477 Dei
1091 2449 1178 2476 omni-

291 2504 424 2540 potentis
434 2502 574 2530 examine
600 2499 694 2527 reatui
714 2492 899 2536 subjacebit.
926 2498 958 2525 15
983 2503 1103 2534 amm,
1127 2499 1179 2535 qui

296 2548 453 2580 ordinatus
462 2544 558 2586 suerit
571 2568 582 2584 ‚
601 2543 632 2585 fi
641 2554 698 2575 non
708 2554 746 2575 ex
765 2542 893 2583 placito,
920 2554 1013 2585 neque
1033 2543 1155 2577 exaltus
1168 2567 1179 2583 ,

297 2608 390 2640 neque
399 2601 514 2638 petitus
526 2618 537 2635 ‚
559 2592 622 2636 post
632 2600 765 2634 acceptas
776 2591 896 2625 chartas
912 2594 946 2626 Θ·
972 2593 1102 2626 Pallium
1123 2595 1178 2626 ali-

291 2641 374 2692 'quid
382 2645 497 2681 cuilibet
518 2655 554 2677 ex
573 2644 676 2684 Clero,
698 2647 812 2687 gratiae
834 2644 1039 2676 tantummodo
1060 2641 1151 2686 causa
1166 2666 1178 2683 ‚

299 2701 372 2732 fi'are
384 2698 524 2733 voluerit,
539 2694 588 2728 boc
598 2697 687 2735 accipi
698 2694 775 2726 nullo
787 2694 870 2726 modo
874 2691 1065 2734 prohibemus
1082 2716 1093 2732 ‚
1107 2698 1177 2735 quia

298 2752 363 2790 eius
377 2748 480 2780 oblatio
490 2746 604 2779 nullam
615 2745 708 2786 culpae
727 2744 871 2776 maculam
891 2747 1000 2787 ingerit
1015 2767 1027 2783 ‚
1050 2753 1119 2786 quae
1141 2754 1179 2776 ex

299 2804 473 2840 accipientis
485 2794 599 2828 ambitu
612 2805 669 2827 non
689 2794 820 2835 poceffit.
846 2793 957 2839 Qm
977 2794 1180 2827 sanctitatem

301 2849 423 2883 dudum
446 2848 479 2880 in
497 2846 650 2879 Romana
677 2843 820 2877 Ecclesia
846 2843 1050 2887 perseverasse
1076 2843 1180 2877 osteu-

302 2898 384 2933 dunt
396 2898 509 2932 litterae
520 2920 530 2936 ,
557 2905 636 2939 quas
646 2894 686 2928 ad
697 2894 802 2928 Sane-ii
815 2893 980 2928 Bonifacii
1002 2892 1179 2935 Martyris,

307 2950 351 2981 sui
363 2960 416 2991 per
427 2947 595 2982 Franciam
609 2945 747 2990 Legati,
774 2943 825 2977 de-
836 2944 987 2987 opposito
1009 2942 1093 2976 vitio
1106 2952 1180 2986 que-

306 2998 460 3031 iimonias
471 2997 588 3040 scripsit
597 2994 755 3029 Pontifex
768 2992 941 3027 Zacharias
951 3018 958 3025 .

357 3045 471 3077 Postea
482 3056 590 3080 tamen
603 3045 735 3079 defecit.
766 3043 900 3077 Etenim
912 3042 952 3076 ad
975 3041 1179 3077 Richardum

310 3094 528 3129 Aibanensern
540 3096 758 3138 Episcopum,
784 3092 948 3128 Paschalis
972 3092 1105 3127 secundi
1127 3104 1181 3135 per

308 3140 432 3178 Gallias
452 3142 609 3185 Legatum
629 3168 638 3183 ‚
663 3145 703 3178 de
724 3143 826 3178 tribus
851 3143 1048 3177 Primatibus
1072 3143 1181 3177 Eccle-

310 3195 358 3227 siae
377 3193 435 3225 suae
460 3191 594 3224 Clericis
614 3215 624 3230 ,
649 3193 801 3226 similium
822 3193 1031 3228 exactionum
1056 3194 1181 3227 accusa·

123 2760 209 2801 Epist.
234 2771 256 2797 5.

311 3246 353 3278 tis
373 3267 383 3283 ,
409 3240 516 3273 scribit
538 3240 666 3274 Sanctus
687 3242 743 3275 lvo
764 3244 942 3287 Episcopus
954 3242 1179 3277 Carnutenfis:

300 3296 454 3328 *Romanae
462 3288 591 3331 Ecclefiae
604 3288 806 3331 consuetudine
819 3291 846 3332 se
860 3292 1023 3335 defendunt
1033 3318 1043 3334 ‚
1071 3298 1102 3325 in
1121 3302 1180 3334 qua

302 3345 412 3379 'duum
423 3339 619 3373 Cubicularios
631 3340 664 3371 (θ’
677 3338 821 3377 Mimstros
841 3340 919 3382 sacri
944 3344 1058 3376 Palatii
1088 3344 1183 3376 multa

311 3387 635 3437 exigerent-onsecratis
661 3385 811 3429 Episcopis
832 3390 881 3421 vel
902 3391 1088 3432 abbatibus,
1115 3403 1182 3435 quae

137 3434 188 3470 ¹5¹³·
228 3438 291 3467 '33'
311 3443 465 3481 ablationis
475 3440 527 3475 vel
547 3437 752 3473 benedictionis
773 3442 885 3473 nomine
903 3441 1070 3483 palliantur
1084 3467 1094 3485 ‚
1118 3453 1183 3479 cum

636 170 737 212 Sec
756 181 911 211 uNDA
949 166 1136 209 Puooe
1153 177 1340 208 MIAL1s
1376 163 1801 225 D1sseitTAT10,

1239 254 1290 277 nec
1298 245 1432 276 calamus
1443 253 1495 277 nec
1504 244 1609 277 charta
1615 253 1715 288 gratis
1727 248 1768 281 ibi
1781 272 1791 288 ‚
1822 257 1854 282 ut
1876 251 1964 291 ajunt
1975 275 1986 292 ,
2013 250 2116 285 habea«

1237 303 1297 327 tur.
1331 294 1542 338 iniquitatem
1555 295 1648 327 issam
1658 296 1739 330 dicit
1751 299 1787 331 in
1798 299 1951 334 Ecclefiis
1962 302 2024 335 effe
2034 302 2119 335 anciss

1233 344 1417 387 quiffimam
1434 369 1445 385 ,
1470 344 1618 386 adeoque
1628 355 1854 383 contumacem
1871 374 1881 390 ,
1899 360 1936 384 ut
1957 362 2025 385 non
2048 351 2116 394 ipsa

1234 394 1386 428 omnium
1397 394 1505 429 Mater
1515 394 1668 429 Romana
1681 395 1773 438 possit
1783 395 1864 431 &suo
1873 401 2000 444 gremio
2012 400 2118 443 elimi-

1238 456 1313 478 nare
1323 469 1330 477 .
1361 445 1405 478 Et
1415 444 1496 479 hinc
1508 446 1647 480 secunda
1670 445 1845 480 Ravennas
1866 449 1922 483 sub
1944 450 2118 485 Clemente

1237 494 1354 537 quinto
1365 494 1524 530 celebrata
1556 495 1708 538 synodus
1733 496 1839 530 sanxit
1850 521 1860 537 ‚
1883 508 1919 532 ut
1941 499 2117 545 Episcopo-

1236 555 1308 578 rum
1320 544 1456 579 Notarii
1466 546 1498 580 &
1509 545 1677 591 Sigilliferi
1692 558 1750 590 pro
1779 547 1934 590 scriptura
1946 572 1957 588 ,
1983 549 2092 585 charta
2104 576 2116 593 ‚

1237 592 1385 628 schedula
1398 620 1409 636 ,
1423 605 1492 630 cera
1504 620 1516 638 ,
1538 596 1645 641 sigillo
1658 620 1669 637 ‚
1694 597 1854 640 omnique
1865 598 1923 632 suo
1936 622 1947 639 ‚
1975 600 2064 642 quod
2074 602 2118 636 Ei-
2132 584 2202 614 can'
2238 592 2251 619 3
2259 593 2286 612 ι’

1236 645 1297 679 cris
1307 644 1513 680 Clericorum
1524 647 1790 682 ordinationibus
1798 647 2010 692 impendunt,
2023 650 2119 685 mini-

1237 695 1334 729 sterio
1351 695 1434 730 ultra
1445 695 1529 731 duos
1550 694 1700 731 Venetos
1721 709 1788 731 uon
1810 698 1930 741 poffint
1953 700 2098 743 accipere
2110 726 2117 733 .

1235 744 1290 779 De
1301 744 1449 780 Notariis
1461 747 1494 781 &
1508 745 1581 781 aliis
1591 746 1754 781 Ministris
1762 773 1774 789 ,
1795 748 1919 793 aliquid
1931 749 2016 784 circa
2029 749 2120 793 Epis-

1234 806 1391 838 copotum
1401 797 1434 830 δε
1445 796 1654 831 Praelatorum
1676 797 1847 833 electiones
1868 810 1924 834 aut
1946 801 2120 835 confirma·

1235 847 1343 879 tiones
1355 846 1569 881 scribentibus
1579 870 1590 886 ‚
1615 848 1728 881 statuit
1739 849 1892 890 synodus
1904 850 2092 884 Basileensis
2106 864 2119 883 .-

1234 897 1474 930 emolumentum
1485 903 1527 931 eis
1535 899 1658 939 aliquod
1677 899 1828 933 moderate
1844 907 1966 934 taxetur
1976 925 1987 940 ,
2013 900 2120 934 baben-

1235 945 1272 978 do
1281 944 1443 989 respeaum
1454 948 1637 983 adlaborem
1659 950 1694 983 Θ
1718 957 1837 991 operam
1850 948 2032 993 scripturae,
2058 962 2118 984 non

1233 996 1278 1028 ad
1280 994 1435 1036 frutJuum
1456 1000 1637 1032 Praelaturae
1645 1000 1778 1033 valorem
1787 1020 1796 1031 .
1825 999 1869 1035 Et
1878 1000 2060 1046 generatim
2076 1001 2119 1035 de

1234 1046 1360 1079 cuneis
1381 1071 1393 1086 ‚
1427 1048 1485 1091 qui
1514 1049 1550 1082 in
1571 1049 1811 1093 Episcoporum
1831 1060 1888 1085 aut
1912 1051 2119 1086 Clericorum

2132 926 2187 958 Ses.
2216 935 2250 956 ιι.

1234 1095 1480 1131 consecratione
1497 1119 1508 1135 ,
1537 1097 1699 1132 eleetione
1719 1123 1731 1139 ,
1756 1101 2010 1136 confirmatione
2032 1126 2043 1142 ,
2069 1102 2120 1135 in-

1233 1145 1387 1179 vestitura
1411 1169 1422 1186 ‚
1461 1145 1684 1181 installatione
1698 1171 1708 1186 ‚
1736 1158 1792 1181 aut
1813 1151 1930 1192 quovis
1951 1151 2016 1186 alio
2035 1151 2118 1195 quid

1234 1195 1415 1239 scripserint
1438 1209 1450 1230 .-
1491 1195 1588 1229 Nihil
1603 1202 1725 1238 penitus
1745 1207 1815 1231 ante
1833 1199 1887 1232 vel
1900 1199 1964 1241 poll
1981 1206 2120 1243 exigatur

1233 1250 1347 1279 ratione
1356 1246 1525 1280 litterarum
1536 1269 1548 1285 ‚
1573 1248 1673 1280 Bullae
1684 1270 1695 1287 ‚
1716 1248 1809 1290 gilli,
1819 1256 1974 1290 praetextu
1983 1247 2118 1292 cujusvis

1233 1293 1449 1338 consuetudims
1462 1320 1472 1336 ‚
1494 1297 1670 1340 privilegii,
1697 1299 1748 1336 vel
1755 1293 1865 1340 statuti
1875 1322 1887 1339 ,
1910 1309 1963 1333 aut
1975 1300 2120 1342 aliaqua-

1235 1350 1285 1377 vis
1292 1343 1379 1388 causa
1391 1345 1442 1379 vel
1457 1346 1612 1387 occafiwe,
1639 1347 1750 1380 directe
1771 1350 1823 1383 vel
1840 1349 1980 1384 indirecte
1991 1374 2003 1390 ,
2024 1347 2120 1393 fhlum

1232 1393 1447 1437 scriptoribus,
1474 1395 1732 1430 abbreviatoribus
1746 1421 1757 1437 ,
1783 1397 2058 1441 &registratorthus
2068 1401 2118 1433 lit-

1235 1453 1368 1478 terarum
1376 1443 1429 1488 seu
1437 1453 1622 1479 minutarum
1630 1455 1687 1487 pro
1697 1445 1824 1489 ipsorum
1835 1447 1932 1482 labore
1945 1454 2121 1491 competenti

1229 1493 1376 1536 stipendio
1381 1493 1525 1537 solvendo
1535 1521 1541 1528 .
1570 1497 1767 1530 Exastiones
1778 1497 1854 1531 istas
1863 1499 1963 1533 etiam
1976 1498 2121 1543 Aposto-

1235 1544 1587 1587 licaeSediinterdicit‚
1614 1547 1812 1591 damnatque
1831 1548 2047 1583 deSimonia.
2075 1549 2122 1583 Et

1235 1594 1403 1629 Toletana
1415 1594 1471 1629 sub
1483 1594 1569 1629 Xisti
1588 1597 1693 1640 quarti
1714 1596 1917 1632 Pontificatu
1940 1597 2117 1642 synodus,

1238 1656 1306 1678 non
1316 1644 1421 1678 solum
1447 1645 1639 1689 Episcopis‚
1666 1646 1719 1680 sed
1744 1647 1778 1680 ὅ(
1803 1647 1948 1691 ipsorum
1969 1649 2120 1692 Janitori-

1236 1694 1317 1732 bus,
1345 1694 1652 1737 Barbimnsorffius,
1680 1708 1719 1731 ac
1744 1697 1817 1731 aliis
1842 1698 2049 1733 officialibus
2069 1698 2119 1732 di-

1237 1741 1342 1777 strifke
1355 1754 1441 1778 vetat
1451 1755 1586 1778 omnem
1599 1757 1657 1789 pro
1677 1746 1785 1790 sigillo
1807 1758 1862 1782 aut
1880 1760 1952 1782 cera
1974 1749 2118 1783 exactio-

1238 1803 1312 1827 nem
1328 1817 1339 1833 ,
1366 1792 1516 1828 Notariis
1526 1803 1635 1829 tamen
1655 1797 1847 1838 permittens
1868 1807 1905 1832 ut
1928 1809 1986 1840 pro
2009 1799 2117 1833 Reve-

1239 1842 1347 1878 tendis
1356 1843 1409 1878 seu
1422 1844 1611 1879 dimissoriis
1622 1869 1632 1885 ,
1657 1845 1692 1879 ἃ
1704 1856 1762 1889 pro
1774 1846 2048 1883 testimonialibus
2065 1859 2121 1883 or-

1237 1892 1353 1927 dinum
1379 1894 1493 1928 litteris
1519 1895 1681 1938 accipiant
1718 1896 1831 1931 decem
1867 1898 2117 1933 Moraberinos.

1240 1943 1324 1990 Qua:
1350 1944 1463 1979 omnia
1490 1944 1631 1980 firmavit
1655 1945 1688 1979 &
1711 1946 1803 1979 auxit
1813 1945 2028 1980 Sacro-saneta
2039 1948 2118 1980 Tri-

1239 1993 1372 2028 dentina
1386 1994 1560 2037 Synodus,
1585 2007 1643 2038 pro
1654 1997 1776 2030 cunctis
1798 1995 1979 2030 istiusmodi
2002 1994 2116 2030 litteris
2266 2038 2270 2043 .

1240 2042 1319 2086 quid
1332 2043 1431 2078 etiam
1445 2045 1562 2088 sponte
1571 2045 1722 2080 oblatum
1736 2055 1850 2080 vetans
1858 2046 1961 2089 accipi
1973 2044 2014 2080 ab
2027 2046 2120 2090 Epis·
2132 2030 2194 2063 Sess'.
2224 2043 2268 2063 ²¹·

1238 2103 1396 2136 coporum
1420 2094 1605 2136 Ministris,
1633 2095 1773 2139 solisque
1793 2096 1896 2130 fixum
1918 2095 2118 2140 stipendium
2134 2082 2200 2111 (ψ’
2224 2084 2247 2103 ι’

1240 2153 1308 2176 non
1320 2141 1514 2178 habentibus
1524 2145 1673 2180 Notariis
1685 2145 1860 2189 indulgens
1871 2145 2032 2181 decimam
2044 2171 2054 2187 ,
2065 2158 2120 2180 cu·

1237 2193 1286 2236 jus
1309 2192 1490 2237 Episcopus
1510 2205 1714 2240 nequaquam
1735 2196 1830 2240 poffit
1853 2197 1917 2230 esse
1936 2197 2095 2240 particeps
2107 2219 2120 2236 ,

1239 2242 1327 2276 aurei
1338 2251 1461 2285 partem
1474 2269 1485 2285 ‚
1509 2245 1543 2280 ἀ
1563 2244 1627 2280 hoc
1648 2245 1683 2279 in
1703 2243 1767 2280 illis
1791 2254 1922 2281 tantum
1945 2245 2119 2287 Ecclesiis,

1239 2291 1295 2326 ubi
1307 2303 1376 2327 non
1388 2293 1479 2338 viget
1490 2295 1606 2330 melior
1615 2295 1820 2330 consuetudo
1828 2321 1835 2329 .
1863 2297 2007 2330 Omnem
2018 2295 2118 2329 aliam

1241 2353 1309 2376 non
1325 2343 1497 2378 dumtaxat
1511 2346 1734 2386 exactionem,
1760 2345 1813 2379 sed
1826 2346 1860 2380 δε
1882 2346 1997 2390 sponte
2015 2345 2120 2380 oblati

1243 2394 1467 2436 acceptionem
1479 2394 1615 2430 damnat
1625 2395 1667 2431 de
1682 2395 1830 2430 Simonia
1841 2421 1850 2428 .
1967 2396 1969 2398 ’

1289 2443 1351 2477 Ista
1388 2445 1529 2479 avaritiae
1555 2446 1641 2490 lepra
1670 2444 1799 2489 peffime
1825 2445 1907 2480 olim
1932 2445 2120 2480 laborarunt

1241 2490 1522 2538 chor-Episcopi,
1548 2495 1870 2536 Archi-Presbyteri,
1895 2505 1934 2528 ac
1945 2496 2117 2537 praesertim
2134 2488 2201 2519 (3²⁰-
2227 2496 2268 2523 15-

1243 2541 1508 2579 Archi-Diaconi
1529 2569 1536 2576 .
1565 2542 1665 2591 Qod
1693 2542 1955 2578 Archi-Diaconi
1989 2545 2025 2578 in
2059 2545 2118 2580 Pa-

1240 2592 1398 2628 rochiales
1419 2593 1630 2637 Presbyteros
1649 2593 1857 2628 dominatum
1876 2616 1887 2633 ,
1907 2594 2117 2636 tyrannidem

1241 2643 1419 2687 &iniquas
1441 2644 1622 2678 exafiiones
1641 2653 1848 2684 exercerent,
1876 2644 1981 2686 palam
2003 2647 2118 2679 asseve-

1240 2701 1291 2726 rat
1301 2693 1335 2727 &
1345 2693 1479 2728 damnat
1485 2693 1625 2728 secunda
1636 2691 1788 2736 Synodus
1799 2691 2027 2728 Cabilonenfis
2036 2719 2044 2726 .
2071 2693 2118 2728 Et

1241 2743 1312 2776 terti
1323 2754 1380 2777 um
1391 2743 1555 2778 Ludovici
1568 2744 1613 2788 pii
1622 2744 1826 2787 Imperatoris
1843 2743 2030 2787 Capitulare
2054 2744 2120 2779 Re-

1240 2791 1303 2837 giis
1313 2793 1420 2827 Miffis
1431 2815 1442 2832 ‚
1464 2795 1518 2827 seu
1532 2793 1748 2829 Ecclesiarum
1761 2792 1993 2829 visitatoribus
2013 2793 2119 2837 injun-

1240 2842 1303 2887 git,
1315 2852 1352 2877 ut
1365 2843 1532 2886 inquirant
1558 2844 1600 2879 de
1611 2843 1849 2888 Episcoporurn
1867 2842 2049 2878 Ministris:
2070 2846 2117 2875 An

1240 2892 1375 2926 indebita
1386 2894 1506 2927 xenia&
1518 2893 1693 2934 Presbyteris
1702 2900 1837 2937 exigant.
1865 2893 1991 2928 Probos
2006 2902 2044 2926 ac
2067 2891 2117 2925 in·

1240 2952 1370 2987 tegros‚
1398 2944 1454 2987 qui
1474 2942 1601 2987 plebem
1624 2957 1662 2979 ac
1683 2944 1870 2978 inferiorem
1892 2943 2023 2978 Clerum
2045 2952 2114 2974 non

1241 3003 1361 3027 vexent
1374 2994 1598 3029 exactionibus
1612 3019 1623 3035 ,
1649 2994 1800 3036 deinceps
1822 2993 1862 3027 ab
1878 2990 2042 3034 Episcopis
2063 2991 2121 3024 fie-

1240 3045 1268 3077 ri
1295 3043 1579 3088 chor-episcopos
1599 3070 1610 3086 ‚
1632 3042 1957 3084 Archi-Presbyteros
1980 3064 1991 3079 2
2018 3051 2115 3084 atque

1242 3093 1531 3129 Archi-Diaconos
1550 3119 1561 3136 ‚
1581 3095 1681 3129 etiam
1703 3100 1925 3137 promotorum
1947 3091 2116 3125 avaritiam
2157 3135 2170 3144 ..

1241 3145 1402 3187 compesci
1415 3143 1569 3179 mandant
1579 3146 1669 3179 sexta
1691 3141 1895 3181 Par-issensis,
1920 3140 1954 3174 ἀ
1974 3141 2115 3175 secunda
2134 3138 2191 3165 Lm.
2219 3146 2240 3166 ¹·
2262 3146 2289 3166 c.

1241 3194 1395 3236 synodus
1407 3195 1693 3240 Aquisgranensis.
1705 3219 1710 3222 .
1723 3190 1864 3224 Addunt
1872 3190 1981 3224 exista
1997 3192 2116 3235 impro-
2135 3180 2178 3204 '¹⁶‘

1241 3243 1343 3278 bitate
1355 3245 1563 3280 scandalizari
1586 3241 1739 3288 populum
1754 3264 1764 3280 2
1790 3241 2015 3275 Sacerdotium
2038 3252 2120 3275 6οΠ-

1241 3295 1345 3328 temni
1367 3320 1376 3336 ‚
1405 3296 1439 3329 δε
1467 3295 1595 3339 plui-ain
1623 3289 1797 3324 Ecclesiam
1823 3291 1910 3325 mala
1937 3289 2115 3324 cumulari.
2135 3289 2193 3319 Lib.
2221 3301 2245 3319 ι.
2262 3299 2288 3322 c-

1240 3344 1321 3391 Qae
1338 3346 1451 3379 omnia
1475 3345 1573 3379 etiam
1596 3339 1775 3375 Canonicis
1794 3339 1835 3374 ad
1857 3338 2116 3383 Hedenulphum
2136 3341 2160 3358 ι·

1227 3380 1410 3435 inovellum
1437 3390 1659 3428 Laudunenfis
1686 3389 1835 3424 Ecclefiae
1846 3389 2044 3433 Episcopum
2064 3389 2119 3422 lit-

1227 3436 1320 3487 {teris
1347 3444 1481 3480 inseruit
1507 3441 1709 3478 Hincmatus
1735 3439 1953 3486 Metropolim
1979 3439 2118 3522 Rgmen-

1226 3489 1232 3526 Ι
2023 3500 2065 3522 is.
