2352 3736
146 317 204 349 1³01.
242 321 304 349 180.

146 435 200 463 An.
220 445 301 471 1095.

141 1078 197 1105 An.
220 1078 300 1109 1084.

144 1193 301 1230 An.1195.

145 1499 186 1525 Λή
213 1508 294 1533 ¹209-

142 1579 196 1606 [ω.
216 1587 295 1613 1125.

139 3203 210 3243 CaP.
228 3211 277 3242 39.

732 159 1233 204 'De‘cnerum

320 243 374 279 ees
383 239 424 279 sic
437 239 573 288 exponit
584 241 619 282 in
632 235 690 277 suo
703 240 902 284 compendio
915 239 1113 273 Guilielmus
1126 237 1210 270 Mal-

319 295 539 329 mesberienfis
560 309 570 327 :
607 295 734 326 Ordines
761 292 813 325 vel
830 297 863 323 in
886 288 1010 332 Vespere
1032 286 1203 326 sabbathi,

321 347 373 378 vel
389 343 600 388 perseverante
616 345 732 386 J‘ejum'o
755 346 787 374 in
822 341 977 372 Dominis-a
1010 338 1207 372 celebrentur.

322 395 455 429 Eisdem
465 395 571 429 verbis
584 393 760 427 Canonem
782 389 919 433 exponit
940 387 1120 422 Matthaeus
1146 387 1211 420 'Pa-

320 445 474 479 rifienfis.
497 444 654 479 Attamen
671 440 865 486 pauciffimae
876 448 954 472 tunc
966 440 1097 473 fuerunt
1108 437 1213 471 istius-

320 488 598 529 modiEccle'ssae.
627 491 760 526 Etenim
773 489 981 532 Micrologus
998 513 1008 528 ‚
1035 487 1209 521 Honorius

321 544 651 590 AugustodunensiS,
678 537 800 583 aliique
812 538 902 572 istius
914 539 1020 572 saeculi
1033 538 1210 580 Scriptores

321 592 550 629 nullamistius
576 592 716 634 antiquae
738 590 917 631 disciplinae
941 588 1146 622 mentionem
1166 587 1207 620 fa-

321 646 432 679 ciunt.
456 642 643 676 Generatim
657 642 797 674 afferunt
821 640 1001 681 Episcopos
1022 636 1074 670 die
1093 635 1210 670 Domi·

321 696 396 728 nica
407 703 504 727 mane
516 717 527 733 ,
553 691 700 725 Clericos
713 689 879 724 Sabbatho
889 687 929 723 ad
943 687 1120 730 Vesper-am
1133 698 1210 721 con-

319 745 562 836 secgtsspimima
578 754 722 824 abi'ffius
746 788 851 822 saeculi
874 786 1093 830 scriptoribus
1116 784 1210 820 habe·

320 849 394 876 mu's
415 843 600 876 conformia
624 839 790 881 exempla.
821 838 956 871 Etenim
987 836 1210 871 Geberardum
1254 824 1258 898 1

322 892 614 926 Constantiensem
629 890 777 923 Eletium
792 888 885 920 fuisse
898 885 1062 920 Sabbatho
1074 886 1107 919 in
1121 886 1212 921 Pres-

321 940 472 984 byterum
485 965 493 980 ,
515 942 548 974 ὅ(
565 940 771 983 subsequenti
788 938 968 972 Dominica
980 938 1208 972 consecratum

320 992 354 1024 in
369 991 567 1035 Episcopum
581 990 713 1024 testatur
729 987 923 1022 Bettholdus
938 986 1110 1030 Presbyter
1132 985 1226 1064 ejussl

318 1041 395 1074 dem
421 1041 571 1076 Ecclesia».
593 1066 602 1074 .
640 1041 681 1072 Et
707 1038 747 1072 de
769 1036 930 1080 Adolpho
959 1036 1209 1071 Colonienfium

318 1091 430 1125 Eleeto
444 1091 554 1124 scribit
567 1089 769 1122 Godefridus
784 1087 890 1121 Sansti
905 1086 1119 1121 pantaleonis
1133 1088 1209 1120 Mo-

318 1140 443 1176 nachus
455 1155 465 1173 .·
493 1139 644 1182 „sabbatho
658 1163 668 1179 ,
696 1140 835 1171 sitientes
851 1161 861 1177 ‚
884 1143 915 1169 in
933 1136 1139 1176 Presbyterum
1153 1162 1163 1177 ,
1174 1140 1208 1171 (τ’

317 1191 457 1235 sequenti
465 1192 533 1229 die,
551 1191 695 1234 judica,
722 1194 754 1221 in
781 1186 1031 1229 archiepiscopum
1051 1186 1088 1227 est
1112 1186 1207 1229 confir-

317 1250 419 1275 cratus
433 1266 438 1272 .
468 1240 511 1273 Et
536 1239 576 1273 de
590 1238 808 1272 Theoderico
821 1237 963 1280 ejusdem
980 1237 1124 1270 Ecclefiae
1137 1237 1208 1270 Ele-

318 1294 390 1325 610:
419 1290 614 1323 Theodoricus
629 1287 783 1322 sabbatho
794 1287 855 1329 post¹
880 1286 1061 1326 Pentecosten
1077 1290 1096 1319 ἃ
1121 1287 1205 1319 Theo

317 1343 414 1374 dorico
424 1339 606 1381 Trsriee‘lenfi
629 1337 773 1381 Episcopo
795 1344 826 1370 in
850 1337 1072 1377 Presbyterum,
1098 1337 1131 1369 (θ’
1152 1338 1208 1371 Do-

318 1396 426 1424 minica
448 1389 606 1433 sequenti,
632 1390 666 1422 id
689 1387 748 1428 est,
774 1394 806 1420 in
827 1387 937 1420 octava
962 1386 1162 1426 pentecostes,
1188 1389 1208 1419 ἃ

317 1435 438 1473 'Goardo
451 1438 606 1479 LeodIenfi
612 1437 758 1481 Episcopo
781 1443 812 1469 in
842 1435 1094 1478 Arcbiepiscopum
1115 1435 1207 1479 conse—

316 1499 416 1523 cratur
431 1515 438 1521 .
468 1490 510 1524 Et
522 1490 562 1523 de
575 1489 713 1522 Simone
741 1487 949 1530 Vigornenfis
977 1484 1123 1518 Ecclefiae
1139 1485 1206 1517 Ele-

314 1543 366 1575 ἂο
380 1539 477 1575 habet
491 1537 687 1581 Radulphus
697 1537 739 1571 de
749 1537 873 1572 Diceto
885 1549 897 1568 .·
931 1534 1078 1567 sabbatho
1100 1534 1203 1568 hebdo-

313 1592 414 1623 madae
425 1589 599 1628 Pentecostes
610 1586 760 1625 Presbyter
783 1587 941 1618 ordinatur
953 1609 963 1625 ‚
1002 1586 1036 1618 o·
1057 1590 1089 1618 in
1109 1584 1205 1624 crasti-

310 1651 349 1671 no
373 1637 575 1682 consecratur.
608 1635 710 1682 Qlod
737 1633 842 1680 ipsum
883 1634 994 1669 scribit
1015 1634 1056 1668 de
1087 1635 1204 1668 Sancto

312 1687 450 1723 Thoma
466 1687 723 1735 Archiepiscopo
746 1684 971 1719 Cantuarienfi
992 1709 999 1716 .
1029 1685 1202 1727 Episcopa-

312 1740 461 1772 tusenim
487 1740 532 1772 est
557 1736 804 1778 presbyteratus
828 1734 1135 1776 complementum,
1171 1735 1204 1768 &

313 1800 390 1822 cum
404 1789 472 1830 ipso
485 1786 638 1821 coalescit
653 1790 686 1819 in
703 1796 807 1819 unum
819 1784 953 1827 plenum
966 1784 1205 1824 Sacerdotium,

313 1849 412 1882 atque
422 1838 467 1872 ita
480 1849 548 1871 uno
562 1838 595 1870 &
606 1835 725 1870 eodem
737 1835 790 1868 die
800 1836 923 1877 semper
935 1844 1112 1876 poruerunt
1126 1846 1204 1868 con-

311 1889 404 1921 ferri.
434 1886 567 1921 Nam&
587 1886 746 1920 Latinum
778 1885 970 1918 Diaconum
985 1909 994 1923 ‚
1020 1883 1201 1918 Marcellia-

1305 151 1344 200 T
1383 170 1406 198 E
1442 170 1470 199 R
1502 162 1532 198 ’τ
1565 167 1583 198 1
1617 168 1645 197 u
1682 169 1713 198 M
1726 186 1738 198 .
1765 158 1771 189 ἐ
1990 165 2088 210 297

1270 237 1354 272 inter
1380 237 1482 278 vitia,
1508 248 1577 282 quae
1595 235 1631 269 in
1654 235 1784 271 Tuenti
1809 246 1846 270 ac
1867 233 1948 270 Urfi
1961 231 2147 278 Episcopali

1268 288 1663 331 consecrationetpatrarat
1676 285 1835 320 Proculus
1847 285 2051 319 Maffilienfis
2073 283 2150 326 Epi·⁴

1270 339 1385 379 scopus
1407 362 1418 378 ‚
1445 338 1605 371 inlitteris
1625 337 1666 371 ad
1692 336 1835 375 Africae,
1874 335 2012 375 Galliae,
2049 343 2149 377 atque

1271 389 1435 430 Hispaniae
1449 389 1635 431 Episcopos
1650 386 1814 421 ‘Zozimus
1835 385 1989 418 Pontifex
2012 383 2151 418 adduxit

1270 437 1302 471 &
1319 436 1401 471 hoc:
1428 442 1495 471 Nec
1513 436 1620 480 saltem
1637 439 1697 470 diet·
1718 436 1858 475 custodita
1875 434 2050 478 sblemnttas
2068 459 2075 467 .
2104 433 2150 468 Et

1271 487 1440 521 adversum
1461 487 1583 520 Hilarii
1606 486 1804 522 Arelatensis
1827 484 2077 529 Archiepiscopi
2099 492 2153 518 va·

1272 538 1377 571 riasin
1390 537 1618 571 consecrandis
1639 538 1818 571 alienarum
1841 534 2089 578 Provinciarum
2112 533 2151 567 E-

1272 588 1406 630 piscopis
1426 587 1694 630 praesumptiones
1728 587 1847 630 scripsit
1878 586 1919 620 ad
1951 584 2151 620 Viennensis

1272 638 1456 670 Provinciae
1469 637 1643 670 Antistites
1657 647 1795 680 magnus
1813 638 1905 671 Leo:
1931 640 2005 669 Non
2021 635 2126 679 paffim
2137 658 2148 674 ,

1267 685 1322 728 sed
1331 688 1378 722 die
1391 689 1518 729 legitimo
1529 687 1676 718 ordinatio
1688 687 1844 719 celebretur
1855 712 1862 719 .
1889 692 1924 720 N
1927 698 1957 719 ec
1964 685 2023 728 fibi
2042 683 2149 724 constsr-

1269 747 1299 767 re
1305 735 1456 778 statussui
1467 741 1583 769 noverit
1590 734 1765 775 firmitatem
1776 760 1787 775 ,
1815 742 1933 778 quinon
1953 743 1987 769 in
2010 738 2059 770 die
2076 735 2150 768 sab-

1269 785 1353 818 bathi
1367 784 1490 827 Vespere
1504 810 1513 826 ‚
1545 787 1625 827 quod
1643 783 1756 827 lucescit
1782 791 1815 818 in
1830 790 1962 826 primam
1984 785 2149 824 sabbathi,

1270 836 1321 868 vel
1330 834 1391 879 ipso
1406 839 1555 868 Domintco
1577 836 1623 868 die
1638 835 1927 876 sueritordinatus.
1954 836 2049 867 solnm
2071 841 2150 868 enim

1254 902 1256 906 ν
1271 887 1398 926 Major-es
1410 885 1496 926 nostri
1509 883 1740 927 Resurret‘lionis
1753 890 1915 919 Dominicae
1930 886 2008 918 diem
2029 884 2080 918 hoc
2103 884 2151 918 bo-

1269 947 1339 969 nore
1350 936 1474 978 dignum
1490 937 1672 976 judicarunt
1683 961 1693 976 ,
1719 946 1752 968 ut
1776 936 1937 970 tacerdotes
1957 940 2009 977 qut·
2023 934 2146 977 sumun-

1269 995 1340 1026 tur,
1368 985 1418 1019 hoc
1441 988 1490 1020 die
1505 988 1679 1028 potisfimum
1702 986 1870 1020 tribuantur
1889 1010 1896 1017 .
1937 985 2064 1019 Lucide
2086 996 2151 1029 pet-

1268 1034 1374 1070 mittit
1386 1047 1423 1070 ac
1434 1037 1565 1070 mandat
1579 1036 1664 1079 ipsos
1677 1037 1711 1069 in
1736 1036 1849 1080 quavis
1867 1036 2048 1070 Dominica
2071 1047 2151 1068 con-

1270 1086 1383 1120 secrari
1397 1110 1404 1118 .
1434 1087 1477 1123 Et
1494 1085 1557 1120 hoc
1570 1085 1638 1128 jure
1663 1088 1846 1120 etiamnum
1865 1087 2023 1120 vivimus.
2052 1086 2095 1119 Et
2114 1086 2150 1118 in

1268 1137 1362 1171 omni
1378 1136 1459 1170 &in
1474 1135 1540 1170 sola
1551 1136 1731 1172 Dominica
1744 1139 1867 1179 semper
1889 1136 2150 1171 consecravimus

1268 1187 1300 1220 ὅ(
1323 1187 1504 1224 etiamnum
1525 1187 1748 1220 consecramus
1771 1186 1973 1229 Episcopos.
2015 1187 2148 1219 Horum

1269 1237 1547 1270 consecrationem
1570 1249 1630 1270 nec
1649 1234 1688 1269 ad
1719 1235 1922 1271 Sabbathum
1957 1236 2151 1270 retraximus

1269 1298 1421 1328 umquam
1435 1311 1445 1326 ,
1473 1298 1532 1320 nec
1543 1286 1582 1320 ad
1596 1286 1676 1321 ullas
1690 1287 1866 1330 singulares
1885 1286 2084 1320 Dominicas
2105 1297 2152 1320 re-

1271 1337 1479 1370 strinximus.
1508 1337 1638 1380 Nempe
1650 1337 1880 1380 Apostolicum
1905 1337 2078 1371 Canonem
2092 1336 2152 1370 Ec-

1269 1387 1360 1419 Clefia
1381 1387 1506 1420 censuit
1528 1397 1595 1419 non
1620 1386 1842 1421 alterandum.
1870 1386 2084 1420 Hodiernum
2107 1397 2151 1420 ta·

1268 1447 1341 1468 men
1362 1436 1558 1468 pontificale
1570 1434 1690 1470 habet:
1719 1435 1907 1478 Episcopalis
1930 1435 2150 1479 eonsecrationis

1267 1487 1326 1517 dies
1340 1486 1424 1518 debet
1437 1486 1486 1528 effi
1501 1488 1650 1517 Dominicis
1662 1511 1671 1525 ‚
1695 1486 1747 1519 vel
1766 1487 1938 1518 natalitium
1952 1485 2153 1528 Apostolorum,

1265 1536 1316 1567 vel
1327 1542 1419 1566 etiam
1423 1534 1538 1575 festiva
1551 1557 1560 1572 ‚
1580 1534 1744 1579 fisummus
1759 1531 1903 1579 Poutifex
1915 1535 1964 1567 hoc
1980 1535 2152 1578 specialiter

1267 1585 1428 1626 indulserit
1444 1609 1450 1615 .
1481 1584 1585 1630 Qod
1599 1581 1713 1627 nempe
1723 1585 1875 1628 Episcopi
1889 1587 1962 1618 sunt
1978 1585 2154 1628 Apostolo-

1267 1645 1335 1667 rum
1348 1635 1545 1668 Successores
1555 1658 1562 1664 .
1589 1634 1671 1680 Qae
1688 1636 1834 1670 extensio
1846 1636 1981 1679 quando
1994 1637 2127 1680 coeperit
2139 1660 2151 1677 ,

1267 1695 1385 1727 ignoro
1400 1709 1406 1715 .

1314 1732 1470 1768 Porrode
1495 1734 1655 1775 Canone‚
1682 1734 1739 1779 qui
1764 1735 1936 1771 Sacrorum
1963 1736 2152 1771 nostrorum

1265 1783 1470 1818 Clericorurn
1483 1785 1708 1819 ordinationes
1723 1785 1764 1819 ad
1787 1787 1852 1819 sola
1877 1785 2042 1821 Paschalis
2067 1786 2151 1820 festi-

1265 1834 1375 1868 vitatis
1384 1835 1417 1869 &
1429 1843 1568 1878 quatuor
1579 1844 1766 1879 temporum
1781 1835 1946 1871 Sabbatha
1958 1837 2123 1870 restrinxit
2136 1861 2148 1877 ‚

1265 1884 1373 1919 scribit
1400 1887 1509 1921 austor
1534 1886 1744 1930 Micrologus
1773 1898 1779 1918 :
1818 1887 1945 1920 SanHus
1982 1890 2041 1920 Leo
2062 1889 2151 1929 Papa

311 1938 419 1971 nensis
442 1937 593 1971 Ecclefiae
629 1936 777 1970 Electum
799 1959 810 1975 ,
847 1934 1002 1979 Pelagius
1041 1934 1201 1967 secundus
1262 1934 1338 1974 istud
1361 1936 1591 1978 Evangelium,
1627 1935 1893 1970 ASSUMPSIT
1923 1937 2086 1979 JESUS,
2113 1938 2150 1970 de

310 1986 468 2021 Pontifex
480 1988 513 2020 in
526 1987 640 2021 eadem
652 1985 802 2020 Paschali
819 1986 913 2018 none
924 1985 958 2018 ὅ(
972 1983 1201 2027 Presbyterum

310 2038 557 2080 &Episcopum
571 2036 794 2070 consecravit.
823 2035 866 2069 Et
896 2033 975 2068 hinc
996 2034 1124 2068 errandi
1147 2046 1202 2068 oc-

310 2087 469 2120 caslonem
491 2086 625 2130 arripuit
646 2085 863 2119 Bononiensis
889 2085 945 2117 ille
982 2084 1163 2127 Episcopus
1191 2109 1201 2123 ,

309 2137 365 2179 qui
389 2135 551 2170 lmolenfis
575 2135 723 2170 Ecclefiae
745 2134 901 2168 Eleflum
925 2134 1107 2176 praecedenn·
1132 2134 1202 2166 Sab-

310 2185 441 2219 batboin
451 2188 634 2225 Diaconum,
662 2187 696 2219 <9⁸
702 2184 833 2228 sequenti
846 2186 1004 2216 Dominica
1031 2190 1202 2217 continuato

303 2238 418 2277 ⁴iej'unio
429 2242 461 2269 in
475 2235 680 2275 Presbyterum
693 2237 869 2267 ordinavit.
899 2233 1002 2280 Qod
1015 2233 1050 2266 in
1062 2233 1203 2276 Presby-

309 2296 413 2320 teratu
426 2298 464 2320 ac
477 2286 674 2329 Episcopatu
685 2284 814 2318 videbat
826 2283 942 2317 indies
968 2283 1037 2317 fieri
1054 2307 1065 2323 ,
1092 2283 1202 2317 existi-

310 2335 414 2370 mavit
434 2335 534 2370 etiam
558 2335 591 2368 in
616 2335 805 2369 Diaconatu
827 2344 864 2366 ac
886 2332 1114 2376 presbyteratu
1127 2334 1198 2368 fieri

311 2387 419 2428 poffe.
449 2386 531 2419 Item
542 2383 698 2419 Sabbathi
714 2384 890 2426 Vesperam
915 2383 950 2416 δε
974 2382 1197 2426 subsequentis

311 2435 497 2469 Dominicae
516 2436 622 2469 lucem
632 2434 758 2469 censuit
777 2434 921 2468 diversos
944 2433 1014 2466 dies
1027 2457 1034 2465 .
1062 2433 1123 2466 Ast
1135 2434 1197 2468 effe

311 2496 416 2518 unum
426 2496 523 2527 atque
535 2485 675 2519 eundern
688 2485 776 2518 diem
800 2483 1032 2518 demonstravit
1046 2483 1087 2516 >in
1115 2483 1197 2518 litte·

311 2536 354 2568 ris
367 2535 406 2568 ad
431 2535 657 2568 Mutinensem
682 2535 907 2577 Episcopum,
932 2532 1135 2567 exstantibus
1158 2534 1193 2567 in

311 2586 443 2628 antiqua
468 2585 692 2618 Decretalium
715 2585 911 2618 collefflone
929 2581 969 2617 ad
996 2583 1132 2617 titulum
1155 2584 1197 2618 de

310 2634 572 2669 ordinationum
598 2633 798 2677 temporibus
819 2632 1033 2668 Innocentius
1062 2636 1195 2674 tertius,

313 2683 347 2716 δε
359 2693 425 2716 tarn
437 2685 645 2719 ordinantem
662 2685 757 2728 quam
770 2685 959 2717 ordinatum
984 2685 1125 2728 graviter
1146 2696 1195 2717 ca·
1211 2704 1213 2717 ι

313 2732 444 2775 stigavit
469 2758 475 2765 .
509 2734 560 2766 Ex
594 2733 658 2768 hoc
678 2735 810 2768 interim
836 2734 1032 2776 vespertinas
1054 2744 1193 2776 quatuor

313 2791 495 2825 temporum
508 2782 639 2822 Miffas,
665 2783 699 2817 &
714 2785 747 2817 in
762 2784 835 2827 ipfis
855 2784 1026 2818 consuetas
1052 2783 1195 2817 Clerico-

313 2843 385 2865 rum
396 2831 619 2866 ordinationes
630 2832 688 2866 sub
708 2832 840 2868 laudato
862 2833 1063 2869 Innocentio
1085 2833 1192 2868 adhuc

314 2880 408 2926 plene
421 2881 556 2925 viguisse
568 2905 575 2912 .

363 2933 466 2978 Qod
480 2944 545 2965 non
559 2932 591 2963 in
606 2930 681 2964 solis
692 2942 799 2974 praeter
813 2931 934 2968 Pascha
947 2943 1086 2976 quatuor
1096 2957 1106 2973 ,
1138 2934 1192 2969 sed

312 2981 499 3015 omninoin
514 2980 669 3014 omnibus
690 2979 876 3023 Sabbathis,
909 2983 962 3015 seu
990 2983 1096 3025 potius
1122 2980 1210 3021 D0-3

313 3032 446 3065 minicis
458 3030 571 3065 diebus
583 3031 760 3073 Episcopos
772 3031 852 3065 olim
868 3034 1101 3067 consecraverit
1130 3022 1209 3069 La—l

313 3082 384 3115 tina
400 3081 561 3121 Ecclefia‚
588 3080 758 3125 insigniter
768 3080 802 3113 in
826 3082 920 3114 tertia
942 3081 1189 3126 Carthaginensi

313 3130 450 3172 synodo
475 3131 644 3175 profitetur
665 3129 818 3163 Aurelius
841 3129 1107 3175 Carthaginenlis
1127 3134 1190 3168 Ar-

312 3180 556 3224 chiepiscopus:
583 3185 619 3213 In
641 3180 696 3213 hac
717 3179 864 3220 Ecclefia,
890 3181 933 3212 ad
954 3193 1042 3223 quam
1062 3183 1189 3226 dignata

312 3229 351 3268 es?
374 3228 469 3268 vestra
491 3230 640 3263 Sandlitas
665 3237 837 3269 conventre,
865 3229 964 3262 crebro
989 3242 1025 3263 ac
1040 3234 1116 3272 pene
1131 3242 1188 3275 per

312 3281 401 3312 diem.
413 3283 597 3312 Dominicam
618 3281 798 3313 ordinandos
831 3279 973 3312 habemus
1006 3279 1186 3324 Epist-opos.

312 3329 497 3364 Vastiffima
509 3328 598 3362 enim
609 3339 678 3363 erat
692 3329 847 3364 Africana
861 3329 1013 3363 Dioecesis
1025 3355 1035 3369 ‚
1062 3332 1094 3364 δε
1118 3344 1186 3367 om-

310 3391 368 3414 nes
380 3379 446 3421 ejus
459 3379 657 3420 Episcopos‚
686 3379 760 3413 licet
774 3391 842 3413 non
865 3378 993 3413 deberet
1007 3402 1016 3418 ‚
1053 3381 1202 3447 Cartha-3

311 3429 451 3474 gineiifis
473 3428 595 3461 Primus
620 3438 727 3461 tamen
751 3439 877 3471 poterat
897 3431 1105 3465 consecrare.
1142 3433 1200 3491 Et}

411 3478 508 3517 christ
512 3504 517 3510 .
524 3482 605 3520 Lupi.
612 3482 692 3520 Oper.
698 3482 823 3512 Tom.1V
821 3505 827 3512 .

1255 1986 1373 2025 jejunio
1382 1985 1499 2017 vernali·
1521 1982 1678 2027 exposuit,
1701 1984 1783 2027 qnafi
1799 1989 1960 2019 Dominicae
1980 1988 2038 2019 diei
2055 1985 2149 2028 satis-

1255 2034 1396 2075 faciem,
1424 2034 1611 2076 infraquam
1634 2033 1696 2078 ipse
1713 2034 1829 2078 semper
1853 2038 2055 2069 ordinationes
2075 2037 2145 2078 fieri

1262 2083 1420 2124 constituit.
1451 2084 1636 2119 Laudatum
1650 2086 1824 2121 Canonem
1839 2085 1966 2120 videtur
1987 2086 2143 2121 adscribe-

1262 2146 1293 2167 re
1303 2135 1422 2168 Sansto
1435 2134 1562 2167 Leoni.
1590 2132 1637 2168 At
1650 2136 1754 2178 ipsum
1774 2136 1839 2170 labi
1864 2137 1990 2170 evincit
2012 2137 2142 2172 laudata

1261 2183 1354 2226 hujus
1377 2185 1486 2228 magni
1509 2182 1683 2218 Pontificis
1707 2186 1853 2228 Epistola
1874 2185 1914 2220 ad
1940 2187 2144 2223 Dioscorum

1262 2233 1483 2267 patriarcham
1508 2233 1790 2270 Alexandrinum.
1820 2237 1899 2270 Haec
1923 2238 2012 2270 enim
2035 2237 2144 2272 lucide

1261 2284 1419 2327 permittit
1437 2295 1503 2318 non
1527 2284 1696 2319 dumtaxat
1721 2286 1872 2321 omnium
1907 2287 2142 2328 Sacerdotum,

1261 2332 1355 2368 sed&
1369 2334 1558 2368 Levitarum
1571 2337 1829 2371 consecrationes
1850 2338 1919 2371 fieri
1944 2339 2014 2380 post
2039 2337 2144 2381 quod-

1261 2386 1307 2418 vis
1331 2381 1530 2418 sabbathum
1554 2386 1606 2419 seu
1630 2386 1663 2418 in
1685 2389 1797 2429 quavis
1820 2388 2017 2422 Dominica.
2046 2390 2144 2436 Qo-

2173 462 2256 503 Epist.
2277 474 2304 494 τ..

1260 2435 1343 2468 circa
1354 2433 1467 2468 restius
1481 2435 1588 2469 scribit
1612 2436 1797 2471 Amalarius
1822 2439 2022 2473 Fortunatus
2036 2452 2043 2471 ε
2075 2442 2143 2471 Pri·
2157 2451 2187 2480 L,
2200 2461 2226 2480 2,
2243 2462 2269 2481 e..
2285 2462 2313 2482 1,

1259 2491 1301 2517 mi
1314 2484 1462 2526 Apostoltci
1465 2483 1583 2527 semper
1596 2491 1628 2517 in
1641 2486 1793 2519 Decembri
1806 2487 1903 2531 mense
1916 2513 1926 2528 ,
1952 2494 1984 2520 in
1993 2500 2050 2530 quo
2074 2494 2142 2523 Na-

1259 2540 1370 2568 tivitas
1409 2538 1528 2568 Domini
1553 2535 1655 2576 Nostri
1682 2537 1925 2579 JESU-Chtsti
1952 2539 2138 2580 celebratur,

1259 2583 1485 2628 consecrationes·
1512 2585 1720 2626 ministrabant
1745 2586 1836 2630 usque
1860 2590 1903 2620 ad
1928 2591 2130 2631 simplicium,

1258 2642 1308 2676 qui
1327 2635 1395 2676 fuit
1421 2637 1442 2667 ἃ
1470 2638 1557 2668 Petro
1583 2638 1832 2680 quadragesimus.
1851 2651 1962 2672 nonus.
1990 2638 2057 2681 Ipse
2072 2645 2138 2681 pri-

1260 2696 1324 2718 mus
1344 2684 1484 2728 sacravit
1509 2691 1541 2716 in
1569 2687 1733 2719 Februario
1754 2713 1760 2720 .
1798 2692 1846 2720 Ni
1864 2689 1959 2729 fallor
1977 2713 1988 2729 ‚
2025 2691 2135 2722 nullam

1257 2735 1349 2767 aliam
1382 2735 1417 2767 ob
1455 2733 1574 2777 causam
1594 2758 1605 2774 ‚
1639 2736 1696 2777 nist
1717 2739 1884 2770 intimando
1921 2740 2133 2783 conjungendos

1252 2785 1449 2827 propinquitis
1477 2784 1588 2825 christi
1614 2793 1746 2828 corpori,
1772 2794 1823 2829 qur·
1845 2797 1901 2830 per
1925 2787 2042 2831 sacrum
2075 2794 2133 2823 Mi-

1256 2835 1401 2874 nisterium
1425 2834 1650 2876 provehuntur.
1680 2836 1722 2870 Et
1746 2839 1780 2871 in
1808 2838 1898 2872 libris
1923 2839 1963 2873 de
1990 2838 2134 2875 Clerico·
2150 2834 2297 2867 L·²·C‘²f·

1256 2895 1326 2918 rum
1353 2884 1557 2919 institutione
1584 2886 1740 2921 Rabanus
1766 2888 1923 2922 Maurus:
1950 2892 2057 2922 Sacras
2086 2903 2133 2923 or-

1255 2935 1423 2969 dinationes
1450 2943 1573 2977 quatuor
1599 2945 1762 2978 temporum
1788 2939 1889 2971 diebus·
1917 2946 2045 2981 oportere
2079 2940 2130 2983 fie-

1251 2990 1301 3023 ri,
1329 2989 1453 3018 Decreta
1475 2984 1583 3027 Gelafit
1609 2988 1706 3028 Papae
1731 2987 1893 3027 testantur.
1921 2989 1963 3023 Et
1990 2990 2056 3033 ipse
2074 3002 2128 3026 au-

2168 3020 2172 3027 s

1252 3034 1318 3066 &or
1330 3035 1556 3078 Micrologus:
1583 3035 1712 3076 Gelafius
1727 3041 1813 3078 Papa
1822 3037 1965 3078 constituit
1978 3064 1989 3081 ‚
2010 3046 2042 3073 ut
2051 3043 2128 3073 ordi.
2144 3026 2219 3064 cal*
2233 3039 2245 3056 ²
2259 3039 2277 3061 i·

1250 3089 1382 3116 nationes
1396 3084 1630 3122 Presbyterorum
1642 3088 1674 3118 (5·
1687 3090 1878 3121 Draconorum
1890 3100 1946 3122 non
1970 3088 2025 3131 mfi
2038 3097 2125 3124 certis

1249 3133 1424 3174 temporibus
1429 3132 1522 3174 fiant.
1555 3133 1686 3178 Utique
1697 3137 1730 3170 in
1745 3139 1873 3172 famosis
1886 3149 2024 3182 quatuor
2045 3150 2125 3175 tem-

1250 3183 1380 3225 poribus
1391 3207 1398 3215 .
1422 3184 1591 3218 Amalario
1602 3188 1761 3221 consonat
1773 3189 1927 3232 antiquus
1938 3189 2032 3224 Ordo
2056 3193 2123 3224 Ro-

1248 3244 1382 3267 manus:
1410 3237 1448 3265 In
1473 3243 1601 3276 quatuor
1629 3235 1766 3278 menfium
1792 3240 1990 3282 temporibus,
2026 3242 2121 3282 quali·
2139 3229 2251 3267 F01·33-

1245 3294 1366 3326 cumque
1391 3284 1437 3315 die
1462 3286 1604 3317 Dominus
1631 3286 1811 3328 Apostolicus'
1836 3290 1981 3331 voluerit,
2006 3291 2051 3323 ad
2067 3291 2120 3322 Sa-

1244 3344 1305 3364 cros
1354 3335 1484 3369 Ordines
1533 3335 1729 3369 Parocbianos
1766 3338 1891 3372 clericos
1921 3348 1976 3380 per
2020 3350 2118 3371 omnes

1245 3382 1405 3424 Ecclefias,
1425 3383 1456 3425 fi
1476 3386 1617 3424 neceffitas
1639 3385 1732 3426 fiterit
1745 3412 1755 3427 ‚
1782 3389 1941 3422 benedicit.
1984 3387 2026 3420 Et
2063 3388 2118 3421 ad-

1244 3433 1353 3477 jungit
1379 3434 1419 3468 de
1443 3433 1564 3476 jejunio
1594 3435 1783 3471 Decembris
1808 3463 1814 3469 .

1649 3486 1674 3518 p
1697 3499 1716 3530 p

2035 3438 2116 3470 sacre

2015 3490 2068 3519 Or-

1852 3442 1897 3470 ΕΙ
1933 3445 2001 3469 tum·
