2352 3736
37 824 162 868 ‘'Epist-4.

337 152 392 183 nn
427 137 696 182 LATINORUM
732 135 1044 180 EtlscoronuM
1081 149 1131 176 ετ
1166 133 1471 180 Cttmconmn
1506 149 1828 182 coNnnerx.

216 221 412 263 fornicatores
433 225 567 254 acerrimi
584 243 595 258 ,
625 229 696 260 quos
718 222 751 250 in
766 218 866 261 gradu
888 214 1086 257 Episcopatus

223 273 275 304 vel
283 271 458 309 Presbyter-ii
461 270 696 312 fornicationum
716 274 781 300 nati
801 268 860 309 filii
871 273 1000 309 arguunt
1012 287 1024 303 ‚
1049 263 1088 296 ab

222 320 382 363 Apostolica
392 322 464 355 Sede
475 328 660 353 revertentes
682 319 784 351 dicunt
793 319 958 348 Romanum
971 313 1091 355 Pontifi-

222 381 285 404 cem
298 370 355 413 fibi
376 372 527 405 licentiam
545 368 648 411 dediffit
668 366 861 406 ministerium
871 363 1047 407 Episcopale
1058 369 1090 397 in

222 421 350 463 Ecclesia
358 419 524 461 ministrare
533 437 540 450 .·
568 421 653 461 ,Quos
663 426 765 448 contra
774 416 975 448 contendimus
986 439 997 455 ‚
1017 421 1089 456 quia

222 470 412 514 Apefiolicam
421 471 524 503 sedem
534 476 718 508 nequaquam
727 473 828 498 contra
837 466 952 499 decreta
962 468 1089 501 Canoni-

218 531 256 554 ca
264 523 435 555 audivimus
447 516 605 561 ‚iudicaffita
631 512 665 548 A
683 514 860 549 Bonifacio
883 514 974 558 ejecti
997 512 1091 548 &de-

219 570 349 615 gradati
360 571 502 605 Romam
526 564 731 609 appellabant
751 564 887 599 &ibant
900 589 910 605 ‚
936 566 969 599 δε
981 564 1091 598 reverti

222 621 283 655 ista
303 615 576 664 impudentissima
593 615 762 650 mendacia
773 626 841 650 non
861 613 1092 650 erubescebant

221 670 394 705 seminare.

270 719 402 752 Horum
423 717 535 753 Duces
552 718 683 750 fuerunt
705 716 860 750 Clemens
886 715 919 749 &
940 714 1092 751 Adelber-

199 788 207 794 ·
221 779 272 803 tus
281 791 293 809 ,
312 767 421 802 nescio
430 778 568 811 quarum
590 766 761 800 civitatum
774 765 947 809 Episcopi,
974 765 1016 800 de
1026 765 1094 809 qui·

220 816 375 852 basidem
388 816 544 852 Pontifex
555 817 596 851 ad
614 816 755 850 eundem
777 816 1008 850 Bonifacium:
1034 818 1090 847 Re-

219 866 310 907 tulisti
320 867 403 900 nobis
412 892 423 908 ,
450 879 488 910 qu
494 868 533 901 od
551 869 621 901 duos
632 864 747 908 Pseudo
756 865 934 908 ›Prophetas
945 872 977 898 in
988 866 1092 899 eadem

216 921 402 952 Francorum
413 920 574 951 Provincia
593 917 770 959 inventfftw,
795 928 868 958 quos
888 926 946 950 non
967 914 1093 958 Pseudo-

216 966 386 1009 Prophetas
403 965 462 1010 sed
482 973 579 1011 magis
605 964 913 1009 Pseudo-Christianos·
941 965 1092 1008 appellare

215 1017 374 1052 debemus.
401 1018 579 1052 Enumerat
590 1014 761 1051 Adelbetti
773 1016 897 1060 flagitia
919 1028 957 1051 ac
970 1015 1093 1050 facino-

215 1078 271 1108 ra,
298 1067 467 1112 pergitque
487 1068 529 1102 de
538 1067 732 1101 Clemente:
761 1068 844 1100 Alius
854 1069 925 1101 vero
947 1073 993 1099 ita
1004 1066 1094 1099 luxu·

219 1122 277 1151 riae
287 1118 427 1157 deditur,
452 1127 487 1151 ut
497 1117 697 1151 Concubinam
719 1115 841 1151 baberet
861 1118 896 1151 Θ
908 1118 980 1150 duos
1001 1128 1039 1150 ex
1059 1127 1095 1149 ea

213 1167 293 1210 filios
323 1192 334 1207 ‚
359 1169 394 1202 ό·
418 1177 519 1202 tamen
540 1169 740 1203 sacerdotium
752 1166 869 1208 sibimet
891 1166 1086 1200 vindicabat.

216 1216 400 1252 Adversum
409 1217 587 1252 istiusmodi
598 1217 777 1260 Episcopos
784 1217 819 1251 ὃ(
829 1215 976 1250 Clericos
983 1215 1094 1250 scribit

217 1267 260 1302 ad
269 1278 404 1301 omnem
417 1267 558 1302 Franciae
570 1266 705 1302 Clerum
724 1267 758 1301 δε
771 1266 929 1310 populum
943 1281 954 1300 :
980 1265 1093 1301 Habui-

209 1317 269 1359 stis
279 1316 334 1350 buc
353 1315 442 1361 usque
446 1322 577 1360 peccatis
592 1315 779 1358 facientibus
798 1315 893 1358 falsos
914 1318 1092 1351 &erroneos

215 1367 385 1402 sacerdotes
397 1392 410 1409 ,
434 1370 514 1402 unde
535 1369 570 1400 ό*
587 1366 701 1402 cunctae
721 1368 857 1409 Paganae
875 1375 982 1409 gentes
1006 1366 1091 1399 vobis

210 1417 416 1461 pugnantibus
421 1417 638 1460 praevalebam
646 1440 657 1455 ,
685 1420 758 1457 quia
770 1426 828 1447 non
843 1424 908 1448 erat
920 1414 1091 1455 diff-remia

218 1473 297 1500 inter
315 1460 404 1500 latui·
435 1468 471 1499 6·
491 1466 663 1499 Sacerdotes
686 1489 693 1496 .
721 1463 890 1508 Prophani
915 1465 1091 1505 Saraceni,

219 1516 276 1559 qui
286 1514 438 1559 sacrilega
449 1514 663 1549 Sacerdotum
686 1513 841 1559 conjugia
861 1514 1034 1560 castigarat
1055 1514 1090 1548 in

215 1564 386 1608 Hispaniis
405 1588 417 1605 ,
443 1564 462 1598 a
483 1565 595 1599 divina
615 1564 743 1608 Justitia
764 1564 806 1599 ad
825 1565 966 1599 similem
987 1564 1091 1600 vindi-

216 1616 299 1649 ciam
318 1615 449 1649 fuerunt
470 1614 600 1649 immisti
611 1615 711 1649 etiam
730 1615 765 1649 in
778 1614 925 1654 Gallias,
952 1615 1092 1659 plurima

213 1664 289 1699 istic
298 1663 522 1699 destruxerunt
533 1665 734 1699 Monasteria
754 1666 788 1700 δι
802 1665 962 1699 Ecclefias
974 1690 984 1705 ,
995 1675 1093 1709 atque

214 1713 263 1749 ita
287 1714 454 1749 infelicem
483 1724 601 1750 terram
622 1715 764 1750 amultis
782 1714 1006 1760 pestilentibus
1018 1714 1094 1758 Epi-

214 1765 320 1808 scopis
340 1765 375 1802 δε
389 1765 527 1800 Clericis
546 1775 783 1809 expurgaruut.
812 1766 922 1800 Etiam
945 1763 1094 1799 Thurin-

213 1815 304 1860 giam
322 1809 355 1849 dc
367 1814 535 1850 Bavariam
547 1816 639 1850 fuiffe
652 1826 707 1859 per
716 1815 895 1860 flagitiosos
905 1813 1093 1850 Sacerdotes

214 1872 348 1899 exutam
367 1865 461 1899 omni
482 1864 548 1899 Dei
564 1866 689 1911 gratia,
715 1865 926 1910 rejestamque
947 1866 982 1899 in
1006 1865 1094 1909 pessi-

214 1923 285 1949 mas
305 1913 474 1955 tenebras,
499 1916 632 1950 testatur
652 1916 687 1949 in
710 1917 817 1951 sancti
840 1915 1005 1951 Bonifacii
1026 1916 1093 1950 vita

213 1962 454 2000 willibaldus..
476 1965 521 1999 Et
531 1962 609 2003 hinc
631 1965 778 2001 laudatus
790 1966 948 2000 Pontifex
970 1964 1095 1999 Zacha-

212 2013 278 2048 rias
298 2015 419 2050 merito
437 2015 550 2050 laudat
576 2016 755 2059 Pippinum
777 2018 811 2050 δε
834 2016 1092 2049 Carolomanum

213 2064 416 2099 Francorum
439 2064 607 2108 Principes
630 2090 642 2106 ,
678 2065 790 2100 Caroli
811 2065 957 2099 Martelli
984 2064 1091 2104 filios,

213 2123 278 2149 nec
299 2125 370 2149 non
380 2115 610 2158 Leptinensem
634 2115 797 2149 Bonifacii
821 2113 878 2148 sub
902 2114 968 2148 illis
986 2115 1093 2156 Syno-

213 2162 295 2199 dum
307 2188 318 2203 ‚
343 2175 412 2208 quae
422 2173 591 2209 parentum
603 2165 789 2199 nostrorum
801 2165 970 2199 foediffima
982 2164 1092 2209 alliga-

210 2222 248 2247 re
268 2212 400 2249 vulnera
422 2239 434 2255 ,
460 2216 494 2249 δε
515 2214 796 2250 Christianitatem
822 2214 919 2249 nobis
951 2224 1093 2257 reparare

213 2262 398 2305 incipiens,
422 2275 558 2299 omnem
581 2265 730 2308 deinceps
752 2276 848 2299 carne
859 2265 982 2307 lapsum
1004 2263 1092 2297 Pres-

215 2309 369 2352 byterum
380 2315 490 2347 statuit
506 2317 658 2349 carcerari
671 2327 725 2358 per
735 2315 817 2349 duos
831 2325 936 2348 annos
945 2337 958 2354 ‚
983 2312 1093 2358 flagel-

215 2358 321 2393 latum
331 2370 427 2395 antea
451 2363 484 2395 δε
495 2364 697 2398 scorticatum
711 2389 718 2396 .

259 2409 383 2443 Ortum
410 2410 472 2446 fuit
495 2412 619 2447 malum
639 2425 680 2447 ex
693 2415 789 2448 variis
800 2415 918 2449 caufis.
944 2413 1090 2448 Primam

209 2457 259 2492 ad
269 2458 433 2492 laudatam
444 2459 604 2503 Leptinen
610 2464 675 2495 sem
686 2463 856 2506 Synodum
866 2464 970 2499 edixit
981 2463 1092 2499 lauda-

210 2517 264 2542 tus
289 2507 530 2544 Carolomanus
553 2523 560 2543 :
587 2510 741 2552 confilium
759 2513 833 2546 mihi
855 2513 996 2556 dedistis,
1022 2525 1090 2557 quo-

208 2559 298 2592 modo
306 2560 355 2593 lex
366 2562 423 2593 Dei
445 2561 479 2595 ὑ
492 2560 688 2602 Ecclefiastica
703 2564 802 2607 religio
811 2572 992 2606 recuperetur
1003 2588 1013 2604 ,
1023 2575 1090 2606 quae

211 2613 244 2642 in
255 2609 359 2643 diebus
376 2616 597 2652 proeteritorum
608 2614 783 2655 Principum
805 2619 932 2655 corruit,
956 2615 1090 2656 &quali-

211 2667 260 2691 ter
272 2660 400 2702 populus
413 2659 602 2702 christianus
622 2664 667 2696 ad
675 2661 804 2706 salutem
813 2669 1090 2706 animaepervenire

214 2709 311 2749 poffit,
337 2711 371 2743 (5
386 2710 544 2754 persam:
557 2714 727 2747 Sacerdotes
750 2714 882 2756 deceptus
901 2726 960 2748 non
965 2722 1069 2756 pereat
1082 2740 1089 2746 .

217 2754 304 2787 Mali
316 2761 448 2811 ’eausam
473 2761 567 2796 fuisse
578 2762 660 2796 dicit
684 2773 798 2798 notam
808 2764 974 2809 ignaviam
994 2774 1089 2807 atque

216 2803 381 2838 luxurlam
398 2809 527 2854 Regum
561 2811 851 2858 Merovingiorum
872 2839 880 2846 .
906 2813 1088 2848 Secundam

214 2853 346 2909 causam
370 2853 458 2891 fuiffe
478 2860 717 2906 Episcoporum
737 2864 874 2898 nimiam
891 2864 1088 2908 paucitatem

216 2901 325 2959 scribit
338 2914 378 2958 m.
393 2903 505 2940 litteris
525 2911 566 2945 ad
577 2912 730 2947 Sanctum
744 2913 954 2948 Bonifacium
966 2914 1089 2958 Grego-

215 2963 284 2988 ΗΠΒ
306 2961 419 2988 ‘Aemus
439 2953 591 3011 Pontifex
612 2975 624 2996 .·
662 2963 796 2998 Etenim
822 2965 931 2998 omnis
952 2963 1089 2998 Bavaria

216 3001 390 3037 dumtaxat
411 3013 543 3059 11an
557 3006 711 3046 habebat.
739 3013 833 3048 Hinc
848 3023 910 3048 tres
922 3014 1001 3048 alias
1021 3013 1089 3048 illic

218 3049 397 3090 Cithedms
406 3053 489 3097 erigi
502 3056 586 3094 Juffit
599 3057 682 3096 idem
695 3063 873 3108 Gregorius
884 3089 895 3105 ‚
921 3064 1090 3108 pluresque

218 3100 428 3144 postmodum
441 3103 542 3138 erexit
553 3105 690 3141 Carolus
709 3112 855 3157 Magnus
866 3139 873 3145 ,
901 3113 1024 3148 Eadem
1037 3114 1088 3147 via

218 3159 348 3194 gentem
363 3151 504 3189 nostram
515 3151 556 3188 ab
568 3154 697 3190 inflictis
712 3169 765 3200 per
775 3162 958 3198 Mammam
971 3162 1087 3198 Luthe-

218 3210 292 3234 rum
315 3224 326 3240 ‚
347 3200 553 3245 &loannem
565 3203 739 3238 Calvinum
759 3209 860 3253 plagis
879 3213 1001 3246 sanavit
1015 3210 1089 3246 Phi-

217 3248 326 3293 lippus
338 3250 491 3287 secundus
502 3253 576 3287 Rex
590 3253 781 3290 Catholicus
800 3282 807 3288 .
833 3259 876 3293 Et
885 3272 953 3295 non
963 3262 1021 3295 nifi
1034 3273 1088 3305 per

218 3297 358 3335 eandem
381 3300 468 3334 vlam
477 3303 594 3337 afflicta
613 3305 647 3339 ὅ(
660 3305 795 3339 lacerata
806 3307 982 3345 Germania
1010 3312 1088 3346 salu-

219 3357 288 3386 tem
300 3349 498 3392 recuperabit
510 3376 517 3382 .
543 3352 678 3388 Tetiam
689 3356 815 3389 causam
829 3356 918 3391 addit
930 3357 962 3390 in
975 3358 1087 3397 litteris

219 3397 264 3440 nd
287 3398 484 3437 Pontificem
503 3399 695 3439 Zachariam
724 3405 859 3443 Sanctus
878 3406 1085 3444 Bonifacius:

318 3447 507 3494 Christum
515 3454 732 3495 Oper.Tom.1V.

1158 1065 1188 1099 C
1370 1065 1485 1111 Rege,
1513 1065 1700 1109 expellente
1713 1065 1864 1101 Sanctum
1879 1064 2041 1111 Rigober-

1153 215 1255 260 Qod
1269 218 1468 253 Francorum
1480 216 1634 260 Episcopi
1645 218 1813 261 plusquam
1822 229 1878 262 per
1886 217 2034 262 otiogim

1152 273 1185 299 ta
1201 278 1306 300 annos
1318 267 1443 302 nullam
1454 264 1628 310 synodum
1646 266 1810 302 fecissent.
1836 265 2034 312 Frequentes

1155 326 1294 358 namque
1304 318 1457 360 Synodos
1467 317 1528 352 effe
1551 316 1823 352 &conservandae
1839 320 1874 353 ἀ
1887 328 2034 361 reparan-

1152 363 1201 398 dae
1209 364 1450 401 Christianitati
1463 367 1666 401 necessariam
1679 365 1877 402 medicinam
1889 369 2034 402 clamant

1152 424 1268 448 omnes
1293 417 1421 459 antiqui
1446 417 1625 457 Canones,
1652 416 1794 460 ideoque
1815 418 1974 452 mandant
1984 417 2034 451 bis

1153 475 1207 507 per
1218 476 1342 499 annum
1355 466 1390 499 in
1411 466 1527 510 quavis
1539 466 1712 501 Provincia
1730 465 1902 501 celebrari.
1929 469 2036 514 Qar·

1152 524 1186 548 ta
1209 517 1303 549 causa
1323 516 1386 549 fuit
1408 518 1641 550 Saracenorum
1664 516 1700 550 in
1726 516 1851 552 Gallias
1869 517 2007 560 irruptio
2021 541 2030 549 .

1153 565 1230 599 Fuit
1251 566 1390 599 &causa
1411 566 1446 599 ὅτ,
1459 576 1572 608 poena.
1599 565 1733 600 Etenim
1751 577 1906 613 magnam
1918 566 2036 602 Galliae

1155 623 1277 658 partem
1305 614 1499 660 redegerunt
1527 615 1562 648 in
1590 615 1771 651 vastitatem
1796 641 1807 657 ,
1832 617 2035 652 trucidarunt

1153 674 1210 698 aut
1231 665 1425 707 expulerunt
1447 665 1607 708 plurimos
1618 675 1693 697 cum
1709 664 1846 701 Clericis
1872 667 2037 702 &Mona-

1152 713 1222 748 chis
1232 714 1434 758 Episcopus,
1460 714 1603 758 reliquos
1624 725 1678 757 per
1690 714 1850 748 summam
1861 718 2037 761 egestatem

1152 776 1333 809 coegerunt
1356 765 1397 798 ad
1409 773 1566 799 armatam
1592 764 1627 797 in
1641 764 1672 798 se
1685 764 1857 805 militiam,
1883 777 1979 810 atque
1991 767 2038 802 ita.

1153 814 1194 848 ad
1216 826 1352 849 omnem
1377 815 1570 850 militarium
1582 813 1782 858 flagitiorum
1806 815 2037 852 &facinorum

1155 865 1319 898 licentiam
1341 865 1408 898 illis
1439 864 1583 899 habenas
1611 865 1806 899 laxaverunt
1837 890 1845 897 .
1873 865 2038 913 Qintam

1154 916 1283 948 causam
1303 915 1443 959 exponit
1467 916 1502 949 in
1516 913 1709 949 Rhemenlis
1733 914 1880 949 Ecclefiae
1902 914 2039 950 historia

1153 963 1375 1006 Flodoardus,
1402 976 1503 1010 agens
1525 963 1565 999 de
1576 963 1701 999 Carolo
1713 964 1870 1000 Martello
1889 976 2040 1010 pugnan-

1153 1026 1185 1049 te
1207 1016 1242 1048 in
1267 1014 1509 1061 Raginfredum
1535 1014 1699 1059 Majorem
1721 1014 1840 1050 domus
1862 1016 1957 1061 regiae
1978 1014 2038 1049 sub

1158 1125 1229 1149 tum
1242 1114 1461 1151 Rhemensem
1474 1114 1771 1160 Archiepiscopum
1782 1141 1794 1157 ‚
1819 1116 1853 1150 &
1864 1117 2039 1160 Episcopa-

1158 1175 1229 1199 tum
1240 1167 1495 1202 commendante
1506 1166 1638 1201 cuidam
1649 1165 1775 1200 Miloni
1789 1166 1921 1201 Clerico
1934 1167 2038 1201 solius

1159 1216 1267 1258 ptimae
1276 1216 1436 1251 Tonsurae
1447 1231 1458 1251 .·
1485 1221 1542 1251 Hic
1553 1218 1682 1252 Carolus
1692 1227 1749 1250 non
1752 1215 1849 1260 solum
1858 1216 1943 1258 istum
1955 1240 1966 1257 ‚
1981 1214 2040 1258 sed
2056 1210 2113 1243 1³²·
2123 1211 2200 1242 0¹²3

1157 1271 1247 1298 etiam
1260 1267 1334 1301 alios
1349 1266 1550 1311 Episcopatus
1560 1272 1641 1313 regni
1652 1271 1839 1301 Francorum
1860 1268 1942 1301 dedit
1952 1266 2038 1300 laicis

1157 1314 1324 1350 hominibus
1342 1318 1376 1351 ὁ·
1391 1317 1575 1357 comnibus,
1602 1325 1648 1352 tta
1664 1327 1698 1352 ut
1717 1317 1874 1361 Epifiopis
1896 1316 1975 1351 nibil
1984 1325 2039 1360 po-

1157 1365 1272 1405 testatis
1287 1372 1473 1409 permitteret
1487 1373 1519 1401 in
1541 1367 1630 1401 rebus
1643 1365 1853 1408 Ecclefiarum.
1882 1366 1939 1401 Ad
1956 1368 2039 1401 inte-

1156 1415 1238 1450 stina
1261 1418 1398 1460 partim,
1422 1419 1541 1457 partim
1564 1416 1605 1450 ad
1625 1426 1759 1449 externa
1781 1427 1858 1449 cum
1874 1417 2041 1450 Saracenis

1156 1466 1327 1508 praesertim
1350 1463 1434 1498 bella
1455 1464 1648 1498 necessarios
1666 1465 1814 1507 ssimptus
1837 1475 1906 1498 non
1919 1463 2042 1500 habens

1156 1514 1294 1549 Carolus
1307 1539 1318 1555 ,
1344 1512 1582 1548 Ecclefiasticas
1601 1513 1714 1548 invasit
1726 1513 1933 1557 poffieffiones
1946 1539 1956 1554 ,
1983 1515 2045 1549 mi-

1156 1563 1272 1599 litibus
1286 1563 1349 1598 suis
1360 1562 1450 1598 dedit
1463 1563 1499 1597 in
1510 1563 1669 1608 stipendia
1681 1586 1691 1602 ,
1718 1564 1850 1599 induxit
1870 1565 1968 1598 laicas
1982 1565 2044 1599 Ec-

1156 1614 1326 1649 clefiarum
1348 1613 1573 1649 Commendas
1594 1638 1606 1655 ,
1633 1614 1813 1658 Episcopos
1850 1614 1885 1647 &
1907 1625 2044 1649 ornnem

1163 1664 1298 1698 Clerum
1309 1663 1427 1708 abjecit
1441 1666 1475 1699 in
1489 1674 1665 1699 extremam
1676 1674 1897 1709 paupertatem
1908 1689 1920 1706 ‚
1945 1675 2047 1709 atque

1159 1715 1204 1749 ita
1218 1724 1322 1759 coepta
1333 1715 1399 1758 jam
1411 1715 1537 1759 pridem
1550 1715 1627 1750 vitia
1648 1714 1737 1760 large
1748 1716 1783 1749 in
1796 1716 1868 1759 ipsis
1885 1713 2021 1750 adauxit
2032 1740 2044 1747 .

1208 1765 1253 1800 Et
1274 1766 1407 1800 Sanctus
1431 1763 1564 1810 quidem
1586 1765 1788 1810 Rigobertus
1802 1766 1937 1801 Clerum
1950 1768 2045 1800 suum

1159 1815 1331 1850 restaurare
1353 1815 1522 1860 insigniter
1533 1826 1675 1859 coeperat
1693 1842 1700 1848 .
1728 1816 1803 1851 Nec
1815 1817 1949 1850 deerant
1970 1827 2046 1859 pau-

1158 1865 1272 1900 ciffimi
1288 1864 1456 1901 hincinde
1479 1867 1600 1911 integri
1616 1866 1768 1910 Episcopi
1782 1890 1789 1898 .
1804 1896 1806 1898 ,
1818 1866 1868 1902 Hi
1881 1876 1957 1900 cum
1967 1866 2046 1900 San-

1158 1916 1212 1948 cto
1235 1915 1434 1956 Bonifacio‚
1458 1916 1618 1952 Romanae
1639 1917 1788 1951 Ecclefiae.
1806 1916 1958 1962 Legato,
1984 1926 2045 1951 nec

1159 1976 1229 1999 non
1239 1976 1315 2000 cum
1327 1966 1440 2001 Caroli
1451 1966 1599 2002 Martelli
1610 1966 1685 2001 filiis
1695 1966 1840 2011 Pippino
1861 1967 1895 2001 &
1906 1965 2046 2001 Carolo-

1157 2026 1303 2056 manno,
1333 2016 1438 2050 varias
1457 2017 1602 2053 fecerunt
1626 2016 1780 2060 Synodus
1802 2042 1813 2058 ,
1840 2028 1901 2061 pro
1923 2015 2045 2051 viribus

1158 2065 1355 2099 reduxerunt
1379 2066 1587 2101 eanonicam
1611 2067 1817 2112 disciplinam
1839 2091 1851 2107 ,
1888 2067 2045 2101 instaura-

1159 2125 1236 2149 runt
1253 2115 1411 2150 Ecclefias
1420 2128 1458 2151 ac
1468 2117 1668 2153 Monasteria
1683 2142 1694 2158 ‚
1719 2129 1757 2151 ac
1770 2116 1961 2150 melioribus
1972 2116 2044 2150 An-

1158 2164 1316 2200 tistitibus
1349 2167 1382 2200 &
1406 2168 1631 2210 possessoribus
1654 2167 1872 2210 impleverunt
1892 2191 1899 2198 .
1936 2165 2043 2213 Qod

1159 2214 1281 2250 laudati
1305 2215 1466 2259 principes
1486 2240 1498 2256 ,
1524 2216 1542 2249 a
1563 2217 1682 2251 Sancto
1703 2214 1870 2252 Eucherio
1893 2213 2043 2249 Aurelia-

1158 2263 1246 2297 nenfi
1274 2265 1440 2309 Episcopo
1449 2274 1600 2300 aeternam
1622 2265 1670 2299 sui
1684 2266 1781 2308 patris
1792 2265 2043 2300 damnationem

1156 2313 1283 2351 edocti,
1309 2314 1457 2348 animum
1470 2315 1510 2349 ad
1526 2315 1735 2358 reparandam
1748 2315 1928 2350 Ecclefiam
1941 2327 2045 2360 coepe-

1157 2363 1222 2397 rint
1242 2360 1325 2398 serio
1346 2364 1527 2407 applicare,
1555 2378 1631 2399 cum
1650 2364 1723 2399 aliis
1746 2365 1946 2400 Francorum
1969 2366 2043 2400 scri-

1157 2412 1304 2457 ptoribus
1325 2416 1459 2448 testatur
1478 2414 1513 2447 in
1528 2414 1725 2449 Virdunenfi
1739 2413 1910 2450 Chronico
1935 2415 2042 2460 Hugo

1157 2461 1270 2497 Abbas
1293 2463 1541 2498 Flaviniacenfis
1560 2491 1566 2496 .
1594 2465 1777 2500 Palmarem
1800 2465 2041 2499 restaurationis

1156 2513 1330 2548 articulum
1343 2513 1453 2549 laudat
1464 2516 1598 2549 Sanetus
1610 2515 1803 2551 Bonifacius
1825 2516 1859 2549 in
1872 2515 1990 2550 litteris
2000 2514 2042 2550 ad

1157 2563 1356 2598 Cutbertum
1405 2563 1700 2610 Archiepiscopum
1738 2565 2010 2600 Cantuariensum
2027 2580 2039 2599 .-

1157 2617 1348 2647 Decrevimus
1371 2620 1405 2647 in
1426 2614 1518 2655 nostro
1527 2618 1662 2655 synodali
1681 2623 1826 2650 conventu
1839 2641 1850 2657 ,
1874 2618 1908 2650 (5
1929 2615 2040 2659 confessi
2057 2619 2108 2655 Ep.
2134 2630 2201 2656 ως,

1149 2662 1255 2707 sumus
1274 2663 1366 2705 fidem
1386 2665 1569 2699 catholicam
1583 2691 1592 2706 ‚
1619 2667 1652 2701 <9¹
1664 2673 1810 2701 unitatem
1835 2677 1870 2699 ac
1885 2664 2037 2709 subjec‘lio-

1157 2726 1223 2748 nem
1246 2717 1389 2748 Romanae
1402 2714 1536 2756 Ecelefiae
1557 2716 1619 2758 fine
1631 2726 1717 2751 tenus
1737 2723 1814 2750 vitae
1836 2716 1939 2757 noflrae
1963 2716 2036 2750 velle

1152 2762 1275 2807 servare
1288 2777 1297 2806 3
1323 2768 1342 2797 5
1345 2765 1431 2798 anHo
1460 2768 1549 2799 Petro
1567 2768 1601 2800 (9·
1613 2771 1642 2799 V
1641 2773 1730 2800 icario
1751 2770 1816 2808 qius
1827 2767 1901 2800 velle
1913 2778 1963 2799 nos
1968 2765 2037 2809 sub-

1148 2816 1225 2854 jici.
1251 2813 1467 2857 Subjefflonis
1493 2814 1628 2850 modum
1651 2818 1789 2860 exponit
1807 2817 1841 2850 in
1853 2816 1940 2856 alia,
1965 2826 2036 2859 quae

1155 2863 1261 2898 exstat
1281 2865 1366 2908 apud
1378 2865 1574 2900 Gratianum
1587 2891 1597 2906 ,
1626 2867 1773 2911 Epistola
1795 2880 1802 2899 :
1830 2870 1930 2900 Tanta
1951 2877 2037 2900 reve·
2050 2884 2170 2915 Distinet

1160 2919 1259 2947 remia
1270 2920 1383 2956 apicem
1405 2914 1569 2957 Apdiolicae
1588 2918 1673 2950 Sedis
1686 2929 1786 2951 omnes
1792 2915 1954 2959 suscipiunt
1964 2940 1975 2956 ,
2000 2925 2034 2951 ut
2049 2906 2182 2961 40.c.6.v

1155 2965 1326 2998 nonnullam
1335 2966 1507 2999 Sanctorum
1520 2974 1674 3001 canonum
1695 2967 1882 3010 dfiiplinam
1895 2990 1906 3007 ,
1937 2966 2034 2999 &an-

1154 3019 1270 3056 tiquam
1281 3014 1460 3054 christianae
1472 3017 1634 3060 Religionis
1657 3017 1862 3056 institutionem
1881 3021 1978 3058 magis
1991 3016 2032 3049 ab

1152 3066 1200 3097 'ore
1214 3065 1393 3108 Praeceffort's
1405 3090 1415 3105 ‚
1427 3067 1491 3107 ejus
1507 3078 1598 3108 quam
1613 3069 1634 3098 ἆ
1640 3065 1736 3107 sacris
1748 3069 1874 3108 paginis
1886 3066 1920 3098 ὁ·
1928 3073 2033 3106 pater-

1153 3120 1200 3145 ni:
1211 3114 1426 3148 traditionibus
1439 3124 1584 3157 expetant
1593 3138 1600 3146 .
1626 3114 1709 3148 illius
1724 3114 1801 3147 velle
1811 3138 1823 3154 ‚
1849 3114 1931 3147 illius
1954 3115 2031 3149 nolle

1152 3171 1271 3196 tantum
1279 3166 1437 3205 explorant
1447 3188 1458 3204 ,
1478 3173 1511 3196 ut
1523 3165 1567 3195 ad
1579 3166 1643 3204 ejus
1651 3163 1807 3197 abitrium
1816 3162 1901 3207 suam
1908 3175 2031 3198 conver-

1146 3211 1290 3256 sationem
1314 3212 1416 3254 &ipfi
1433 3216 1588 3246 remittant
1596 3222 1650 3246 aut
1674 3214 1855 3247 intendant.
1882 3214 1931 3248 Ita
1944 3216 2030 3248 resta

1153 3263 1287 3296 Patrum
1308 3262 1404 3295 corda
1415 3260 1543 3296 reduxit
1562 3262 1597 3296 in
1619 3261 1732 3296 devios
1746 3262 1852 3304 filios,
1878 3262 2031 3307 pedeten-

1153 3313 1214 3346 tim
1227 3311 1366 3346 restituit
1379 3310 1637 3347 Ecclefiasticum
1649 3312 1837 3348 coelibatum
1848 3314 1882 3348 δε
1892 3324 2027 3348 omnem

1153 3360 1408 3398 Christianitatis
1418 3361 1583 3407 regulam,
1609 3362 1809 3406 tandemque
1831 3363 1890 3401 suo
1901 3362 2031 3407 sangui·

1153 3422 1193 3447 ne
1203 3410 1350 3456 figillavit
1359 3435 1367 3446 .

1869 3460 1958 3496 Dico
1966 3483 1976 3503 ‚
