2352 3736
559 136 625 166 DE
661 120 844 167 Rmm
881 124 1245 166 AurisnruM
1282 123 1720 166 NOMINATtoNn.

211 218 216 225 ²
229 208 427 255 demonstraeffe
441 234 447 242 .
476 210 524 244 Illi
539 207 690 249 honorifice
703 207 779 240 ac‘iis
794 212 904 252 gratiis
912 215 971 249 pro
987 209 1048 248 eius
1067 216 1111 237 er·
1127 217 1131 222 ¹

220 274 269 306 ga
279 264 374 294 Deum
382 261 542 302 piceam&
556 271 625 305 erga
635 257 712 301 ipsos
726 264 908 298 reverentia,
917 257 1109 296 bonorumque

228 311 383 346 mltorum
393 311 537 344 cumulum
547 314 730 351 comprecati,
741 308 849 341 divina
861 310 881 340 5
881 305 961 338 ano‘li
974 308 1106 347 spiritus

222 366 330 405 gratia
339 357 477 393 irivocata
487 385 497 401 ,
524 368 584 393 tres
593 361 703 402 eligunt
717 382 727 397 ,
749 354 933 390 Philotbeum
945 355 1106 393 Heraclea»,

226 413 396 445 Marium
429 408 645 451 philadelphie
668 412 698 444 Ε
694 405 826 450 piscopos
847 428 859 444 ,
898 406 932 438 ό·
949 409 1106 447 privatum

227 456 327 493 adhuc
346 461 502 496 Nicolaum
523 458 688 499 Cabafilam
710 481 722 496 ‚
756 455 965 500 eledlorumque
988 459 1106 487 nomina

228 513 403 551 Imperatori
410 509 524 552 scripta
541 515 665 542 mittunt
675 527 685 544 ,
709 509 762 546 qui
783 503 969 536 philotheum
981 504 1103 537 maluit.

230 562 313 592 Etis
326 560 507 593 patriarcha
515 558 692 600 consecratus
706 553 862 595 Eccleſsam
874 553 1106 594 administravit.

227 609 330 654 Qod
343 609 447 653 Regia
461 602 646 642 nominatio
657 615 724 637 non
738 604 755 637 a
769 604 889 647 Spiritu
902 604 1019 638 Sancio
1030 629 1040 644 ,
1053 602 1105 638 sed

226 655 247 690 ὲ
260 659 384 702 privato
394 656 555 698 Principis
564 656 678 689 affeetu
691 653 801 697 passim
812 652 973 698 dirigatur
983 677 994 694 ,
1021 653 1107 687 Can-

228 715 402 743 tacuzenus
412 704 539 748 optime
549 705 688 739 advertit
700 729 707 736 .

277 759 322 792 Et
342 755 421 789 hinc
443 754 527 789 lucet
538 754 675 799 Georgii
694 753 819 788 Codini
839 754 880 788 de
899 753 1047 788 Ecclesiae
1072 753 1106 786 δε

226 805 322 841 Aulai
358 803 735 848 Constantinopolitanae
755 804 872 838 officiis
899 803 1018 838 librum
1043 803 1107 837 esse

225 863 409 892 memorato
446 855 667 889 Cantacuzeni
706 853 825 887 Edicto
862 853 1072 897 posteriorem
1097 877 1105 885 .

225 906 330 940 Lucet
350 915 392 938 ex
413 905 518 948 capite
540 905 582 938 de
602 904 762 938 electione
797 903 830 937 &
853 903 1106 948 inauguratione

223 951 482 989 patriarcharum
522 955 556 988 δε
577 955 639 998 Epi
645 955 815 997 scoporum
840 967 850 986 .·
887 957 1108 998 congregantur

222 1010 276 1046 qui
287 1013 356 1037 tunc
367 1004 615 1046 Constantinopoli
626 1007 734 1047 degunt
746 1002 907 1046 Episcopi,
926 1005 993 1037 licet
1002 1005 1106 1045 plures

215 1052 339 1096 fuerint
349 1080 356 1086 .
383 1057 435 1087 sin
450 1061 547 1087 minus
560 1079 571 1094 ,
597 1056 747 1088 duodecim
764 1055 916 1094 praeterea
939 1066 978 1087 ex
999 1058 1106 1087 vicim's

223 1108 316 1138 etiam
326 1103 458 1146 Ecclefiis
469 1111 601 1138 evocati.
629 1108 660 1136 51·
671 1107 741 1137 vero
754 1114 843 1145 neque
855 1114 893 1136 ex
918 1108 955 1136 iis
968 1110 1018 1146 qui
1026 1112 1106 1145 pere·

219 1165 276 1197 gre
287 1156 478 1187 advenerunt
488 1179 498 1195 ,
512 1166 602 1197 neque
612 1165 650 1187 ex
657 1153 796 1195 finitimis
810 1156 839 1184 E
841 1152 943 1195 eclesiis
954 1155 1108 1187 duodena·

222 1209 287 1236 rius
300 1202 505 1246 Episcoporum
518 1215 652 1237 numerus
675 1206 775 1245 confici·
789 1211 880 1244 queat
891 1225 902 1242 ,
926 1211 997 1236 tunc
1018 1201 1106 1245 neces-

219 1251 303 1296 sario
315 1259 348 1286 in
357 1252 679 1298 locosuffiagiifhrendi
686 1251 791 1295 sedent
808 1259 851 1285 tot
863 1276 874 1292 ,
900 1263 970 1295 quot
994 1259 1106 1295 repert}

164 1298 166 1307 ¹
214 1302 341 1344 fuerint
352 1326 363 1343 ,
380 1302 497 1346 tresque
509 1310 541 1336 in
553 1302 763 1337 Patriarcbam
773 1303 883 1345 eligunt
895 1327 905 1343 ‚
918 1314 987 1345 quos
994 1301 1106 1346 scilicet

45 1382 119 1422 cap.
136 1394 182 1415 ao·

39 3148 117 3187 βψ·
135 3158 161 3185 9·

218 1354 302 1385 Deus
312 1352 378 1394 ipsis
389 1352 584 1395 inspiraverit
597 1378 607 1392 ,
633 1364 753 1396 quorum
764 1358 883 1385 nomina
890 1350 1000 1395 scripto
1023 1352 1103 1394 consi-

216 1410 318 1446 gnata
327 1401 465 1443 deft’runt
474 1401 573 1445 seleffl
585 1403 717 1444 Ecclefiae
731 1406 868 1435 Procnes
889 1403 935 1433 ad
943 1407 1103 1444 Imperare»

219 1463 288 1486 rem
297 1476 309 1492 ‚
334 1455 432 1494 quiex
443 1453 504 1485 illis
514 1454 595 1496 eligit
605 1454 733 1494 aliquem
742 1475 753 1491 ‚
778 1461 862 1494 quem
874 1453 919 1484 De
924 1461 957 1484 us
978 1457 1010 1484 in
1024 1459 1104 1486 men·

217 1510 284 1535 :em
305 1503 371 1543 eju's
389 1499 517 1544 miserit.
550 1503 666 1534 Deinde
678 1501 794 1544 ablegat
806 1505 967 1543 Imperator
990 1505 1103 1535 Princi-

215 1559 277 1594 pes
291 1575 316 1592 ‚.
326 1550 470 1593 quifimul
477 1563 541 1585 cum
551 1550 749 1593 Ecclefiasticis
761 1551 929 1585 Proceribus
946 1551 1104 1593 perferunt

223 1599 392 1634 elec‘i'ionem
417 1601 462 1632 ad
481 1601 617 1634 Elec‘lum
629 1626 636 1632 .
664 1601 800 1634 Elee‘lum
811 1624 823 1641 ,
848 1606 974 1644 inquam
984 1627 993 1642 ,
1020 1603 1054 1636 ὦ·
1064 1602 1103 1635 ab

222 1648 347 1691 Ecclesia
357 1650 391 1683 o·
401 1650 440 1682 ab
451 1655 637 1693 Imperatore.
660 1653 692 1684 51·
700 1651 806 1685 eledus
820 1651 963 1684 Elellioni
975 1662 1103 1693 annuat,

218 1700 293 1734 bene
304 1699 344 1740 est
357 1724 369 1740 ,
388 1699 417 1742 fi
428 1700 542 1734 abnuat
554 1726 564 1741 ‚
590 1710 661 1735 eunt
673 1703 719 1734 ad
736 1703 884 1736 alterum.
912 1704 1044 1743 sineque
1055 1703 1104 1742 ilie

220 1747 384 1792 consentiat
395 1774 408 1790 .
419 1751 461 1782 ad
474 1757 596 1784 tertium
602 1750 634 1794 se
644 1750 811 1793 conferunt.
845 1754 865 1783 5
867 1757 877 1783 i
887 1753 922 1785 Θ
931 1751 977 1785 bic
987 1750 1104 1795 recuset,

220 1797 323 1842 rursus·
340 1800 378 1832 de
393 1804 506 1844 integro
519 1826 529 1841 ‚
554 1803 588 1834 &
598 1802 654 1833 allo
663 1801 746 1843 quasi
747 1806 896 1844 principio
914 1800 1032 1844 fiimpto
1039 1801 1104 1846 fi‘f·

211 1848 324 1893 fragia
342 1848 465 1891 ferunt.
494 1851 537 1884 Et
558 1851 640 1884 infra
660 1863 667 1882 ε
698 1853 748 1884 Ad
767 1852 891 1885 eundem
911 1853 1027 1885 modum
1043 1851 1104 1894 fine

218 1898 283 1932 ulla
293 1904 463 1932 variatione
468 1906 623 1944 peragitur
645 1902 767 1934 aliorum
782 1900 1027 1935 patriarcharum
1036 1910 1104 1944 pro·

214 1948 355 1982 clamatio
380 1950 415 1982 Θ
429 1948 608 1992 designatio,
636 1957 778 1984 nimirum
800 1952 994 1985 Alexandriae
1007 1975 1017 1991 ,
1045 1956 1104 1985 An-

217 1996 335 2030 riocbiae
348 2021 358 2036 ‚
383 2000 417 2032 Θ
429 1998 700 2042 Hierosolymorum.
726 2003 812 2044 ‚Quin
837 2002 871 2034 (9¹
892 2000 1104 2044 Archia-piftopi

212 2053 326 2090 primae
341 2051 373 2092 J
374 2047 527 2089 ustim'anae
541 2075 551 2089 ‚
578 2052 696 2083 Acridis
714 2075 724 2091 ,
750 2052 784 2084 (ν’
804 2057 894 2084 torius
924 2051 1100 2095 Bulgariae.

220 2097 302 2132 Haec
329 2099 443 2132 omnia
464 2099 550 2134 lucet
571 2102 633 2134 esse
645 2099 757 2135 hausta
778 2112 820 2134 ex
843 2100 975 2134 laudato
987 2101 1103 2136 Edicto

218 2146 427 2191 Imperatoris
441 2148 674 2184 Cantacuzeni.
697 2150 750 2184 De
762 2150 833 2185 aliis
843 2149 1038 2186 patriarchis
1050 2150 1103 2185 ad-

218 2195 436 2232 ditamentum
457 2201 501 2233 est
524 2200 753 2245 imaginarium
772 2226 779 2233 .
807 2201 908 2234 Tunc
933 2202 1023 2235 enim
1051 2201 1100 2235 illi

219 2246 394 2290 gemebant
416 2248 473 2283 sub
492 2250 659 2284 Saracenis
681 2262 737 2284 aut
751 2250 890 2285 Turcis:
927 2251 960 2284 &
983 2251 1102 2294 quoda

219 2297 275 2329 sua
286 2296 422 2339 Synodo
430 2298 623 2342 eligerentur
637 2324 647 2340 ,
658 2299 766 2334 statim
782 2301 967 2334 audivimus
979 2300 1018 2334 ab
1032 2301 1102 2345 ipso

217 2345 483 2380 Cantacuzeno„
499 2348 649 2392 Sperabat
666 2347 721 2383 hic
734 2349 890 2384 Ecclesias
901 2350 971 2384 illas
998 2350 1016 2384 ὲ
1027 2351 1102 2386 Bar-

219 2395 324 2429 barica
347 2397 497 2432 servitute
518 2398 714 2443 quandoque
734 2398 936 2434 liberandas.-
963 2399 1042 2435 hinc
1068 2402 1101 2436 δε

217 2443 258 2479 de
269 2445 339 2488 ipsis
351 2446 474 2480 edixit.
503 2447 616 2482 Edixit
628 2449 669 2482 de
682 2449 758 2483 solis
771 2449 966 2485 patriarchis
977 2452 1011 2486 ἀ
1027 2451 1102 2484 Bul-

216 2496 312 2538 gariae
334 2495 612 2541 Archiepiscopo,
640 2499 779 2543 ideoque
801 2501 942 2534 aliorum
963 2502 1099 2545 Episco-

215 2554 333 2587 porum
346 2546 516 2580 elefflones
528 2549 667 2590 permisit
683 2549 820 2593 antiquo
834 2550 965 2584 Canoni
978 2552 1012 2585 δε
1022 2563 1100 2586 con-

221 2593 404 2628 suetudini.
433 2597 573 2631 Etcerte
601 2598 671 2641 post
684 2598 865 2643 Nicephori
887 2599 1098 2645 PhocaeaJo·

220 2649 305 2676 anne
315 2644 490 2687 szmisca
502 2647 674 2682 laceratum
687 2649 838 2684 Edictum
854 2651 994 2695 Augusti
1023 2653 1098 2686 Suc-

220 2692 355 2724 ceflores
369 2695 500 2731 istorum
521 2699 767 2734 nominationes
789 2711 855 2734 non
880 2701 937 2734 nisi
951 2701 1095 2745 quando-

219 2750 285 2782 que
311 2742 499 2784 usurparunt
524 2773 530 2779 .
559 2749 709 2783 Eundem
737 2748 929 2785 Patriarchae
953 2736 1095 2797 eiigendi

217 2788 358 2845 modum
379 2791 486 2827 laudat
511 2797 544 2829 in
566 2798 650 2833 libro
660 2799 703 2833 de
716 2800 809 2834 sacris
819 2802 1096 2837 ordinationibus

219 2838 352 2873 Simeon
383 2840 651 2890 Archiepiscopus
662 2848 972 2885 Thessalonicensis.
1002 2853 1096 2887 Affir-

218 2898 290 2944 mat
309 2889 532 2945 {vicinorum
553 2895 788 2942 Episcoporum
809 2900 947 2944 Synodo
971 2926 982 2942 ‚
1016 2913 1053 2936 ac
1075 2904 1094 2936 ὸ.

218 2938 361 2973 civitatis
372 2941 510 2975 saeculari
536 2942 569 2975 &
583 2947 719 2990 regulari
730 2950 828 2985 Clero
840 2951 1009 2995 eligendos
1020 2961 1094 2994 tres,

220 2997 320 3043 atque
346 3001 388 3023 ex
414 2990 487 3033 ipsis
514 3003 615 3027 unum
638 2995 794 3042 designari
821 3000 839 3033 ὲ
862 3000 1035 3045 Principe,
1057 3003 1094 3036 ὃ(

220 3036 372 3083 adiungit
390 3053 401 3072 .·
440 3044 605 3084 Nugamur
623 3048 744 3085 quidam
763 3061 863 3083 rerum
883 3061 1027 3085 novarum
1048 3058 1093 3086 in-

218 3096 384 3130 ventores,
409 3093 530 3123 invidia
552 3093 682 3135 impulsi,
710 3098 779 3128 dum
799 3101 901 3133 dicunt
920 3126 930 3141 ,
958 3102 1093 3146 Impera-

218 3146 274 3170 tot
285 3137 502 3174 patriarcham
514 3151 599 3176 creat
610 3168 617 3175 .
645 3146 738 3178 Nullo
748 3148 829 3179 modo
837 3150 955 3189 idfacu
964 3155 1094 3192 Impera-

216 3195 287 3226 τον,
309 3185 369 3230 fhd
387 3190 512 3226 Synodus
532 3192 716 3233 ministrante
737 3198 791 3227 Pio
814 3201 1011 3238 Imperatore,
1037 3212 1094 3235 non

216 3245 337 3270 tantum
355 3243 428 3280 quia
447 3238 582 3284 defensor
603 3242 662 3284 est,
690 3246 724 3278 (5
746 3249 909 3287 Imperator
929 3249 1034 3282 anavus
1054 3252 1092 3283 ab

218 3286 346 3328 Ecclesia
358 3311 368 3328 ‚
388 3286 446 3330 sed
462 3295 552 3323 etiam
572 3301 608 3325 ut
617 3302 779 3335 cooperetur
792 3319 803 3334 ,
828 3297 1035 3339 &ministret,
1059 3301 1093 3333 (9·

216 3337 347 3381 diligat,
372 3339 408 3371 (θ’
426 3339 516 3380 firma
536 3340 685 3383 confhrvet
705 3356 774 3387 quae
794 3347 837 3378 ad
857 3346 1011 3388 Ecclesiam
1026 3347 1088 3391 spe-

213 3385 317 3421 llam.
343 3386 486 3422 Videtur
495 3399 609 3426 notare
623 3393 781 3437 Latinos,
808 3396 864 3439 qui
884 3396 977 3432 istam
987 3399 1088 3443 Impe-

317 3437 427 3478 christ.
442 3442 520 3481 Lupi
531 3444 616 3483 oper.
629 3445 704 3476 Tam.
715 3448 763 3477 IV.

1146 1703 1211 1744 [gio
1230 1725 1238 1733 .
1264 1700 1500 1744 Antiquissima
1524 1702 1568 1736 est
1601 1702 1658 1735 ista
1683 1704 1888 1738 consuetudo
1907 1730 1914 1737 .

1133 2952 1384 2998 *mansuetiffimae
1410 2954 1593 2996 fortitudini
1625 2981 1631 2987 .

1887 135 1974 167 121

1171 203 1283 238 rialern
1304 204 1400 238 unius
1419 203 1569 238 extribus
1594 215 1649 247 per
1661 204 1842 250 Episcopos
1855 207 2048 249 praesentatis

1169 252 1314 298 eligendi
1328 255 1495 288 licentiam
1506 256 1628 298 semper
1639 255 1864 296 improbarunt
1874 282 1882 289 .
1909 256 2046 291 Interim

1171 300 1397 337 Ecclefiasticae
1418 304 1577 339 libertatis
1612 304 1751 338 eximius
1769 304 1902 341 Zelator
1924 309 2045 350 semper

1167 353 1230 386 fuit
1257 352 1315 385 iste
1352 354 1486 389 Simeon
1507 377 1522 396 ‚-
1556 365 1616 388 nec
1637 353 1783 388 dubitem
1805 357 1885 398 quin
1905 357 2046 391 eandem

1166 402 1332 437 licentiam
1342 401 1586 446 improbaverit.
1617 403 1741 438 Verum
1763 404 1852 448 quod
1874 406 2047 448 proscribe-

1167 463 1200 486 re
1223 463 1292 486 non
1316 454 1441 495 posset,
1467 465 1603 488 conatus
1625 454 1670 488 est
1693 464 1826 498 purgare
1841 481 1848 487 .
1875 454 1958 489 Haec
1979 457 2045 499 ejus

1166 501 1206 536 de
1217 501 1415 546 Imperatore
1442 503 1559 543 verba,
1585 504 1696 536 Unam
1717 505 1756 537 ab
1766 504 1913 546 Ecclesia,
1938 516 2046 549 proce-

1166 552 1249 586 dunt
1261 564 1301 586 ex
1312 551 1460 586 fabuloso
1485 554 1520 586 δε
1543 552 1727 587 adulatorio
1747 566 1874 596 errore,
1901 566 1968 599 quo
1981 555 2048 589 Re-

1165 602 1254 646 giam
1293 602 1480 636 undiionem
1520 602 1606 644 quafi
1658 602 1902 639 Sacramentum
1940 605 2046 640 Graeci

1165 651 1309 687 exaltant
1330 677 1337 684 .
1368 652 1470 697 ·Q1as
1491 663 1593 695 nugas
1618 651 1654 685 &
1676 653 1809 695 quidam
1843 655 1908 690 hoc
1930 656 2047 690 saeculo

1167 701 1280 736 Latini
1300 701 1502 735 dilexerunt.
1531 702 1585 734 Ex
1597 699 1648 734 his
1675 702 1806 736 interim
1817 704 1916 739 claret
1942 707 2048 749 ipsum

1166 751 1353 785 Simeonem
1366 762 1434 785 non
1447 752 1586 786 detentae
1595 751 1654 784 sub
1665 751 1793 786 Latinis
1813 753 2050 789 Constantino·

1168 802 1278 844 poleos
1290 812 1458 844 tempore,
1487 801 1538 835 sed
1550 800 1661 835 medio
1673 802 1755 835 inter
1769 803 1905 846 Joannis
1928 804 2050 839 Canta-

1167 851 1280 885 cuzeni
1294 851 1468 895 Imperium
1495 852 1666 895 &captam
1688 852 1706 885 ὲ
1719 852 1841 887 Turcis
1861 852 1975 886 urbem
1996 853 2051 888 de-

1166 903 1257 935 cursu
1272 902 1384 937 vixisse
1396 903 1429 936 ἀ
1440 901 1602 936 docuisse.
1633 902 1807 948 Qudquid
1824 902 1863 938 fit
1876 927 1887 943 ‚
1914 902 2051 945 Ioannis

1167 951 1388 986 Cantacuzeni
1414 951 1565 986 Edictum
1589 953 1694 996 viguit
1718 953 1816 997 usque
1837 953 1878 988 ad
1891 951 2053 998 captat-na.

1167 1002 1286 1036 Turcis
1297 1002 1635 1045 Constantinopolim.
1648 1003 1752 1051 Qod
1763 1003 1852 1038 enim
1861 1003 1953 1046 juxta
1967 1002 2051 1037 illud.

1165 1051 1199 1084 &
1211 1051 1369 1095 Iosephus
1380 1051 1565 1087 Patriarcha
1579 1077 1590 1093 ‚
1617 1053 1727 1095 &ejus
1750 1053 1916 1088 Successor
1925 1054 2052 1088 Metro·
2070 1049 2128 1077 ΤΛ·
2144 1054 2204 1084 04⁶

1167 1102 1287 1144 phanes
1297 1103 1417 1137 fuerint
1428 1103 1520 1137 electi
1535 1128 1546 1143 ,
1572 1102 1705 1137 testatur
1717 1104 1751 1137 in
1763 1104 1950 1139 Florentini
1962 1104 2051 1138 Con.-
2067 1090 2209 1119 1⁴¹²·ffl'

1166 1151 1235 1185 cilii
1246 1152 1392 1186 Historia
1405 1153 1566 1196 Sylvester
1577 1154 1793 1198 Sguropulus.

1217 1202 1315 1236 Circa
1336 1203 1527 1248 eligendum
1549 1204 1662 1248 Regiae
1682 1203 1825 1239 civitatis
1850 1205 2052 1249 Episcopum

1166 1259 1222 1284 aut
1233 1252 1454 1288 patriarcham
1475 1253 1854 1297 constantinopolitanis
1877 1255 2055 1299 Imperato-

1166 1301 1256 1335 ribus
1278 1303 1402 1346 aliquid
1422 1303 1500 1346 juris
1513 1303 1668 1338 Romana
1692 1304 1836 1339 Ecclesia
1854 1305 1978 1349 semper
2004 1306 2055 1339 in·

1165 1349 1280 1385 dulsit.
1309 1353 1438 1388 Diserte
1461 1352 1525 1388 hoc
1550 1354 1582 1386 in
1608 1354 1723 1389 litteris
1749 1354 1790 1388 ad
1817 1355 2054 1398 Imperatorem

1167 1401 1362 1436 Mauritium
1375 1404 1465 1447 supra
1477 1404 1630 1446 professus
1638 1405 1701 1438 fuit
1709 1404 1855 1449 Magnus
1866 1404 2059 1450 Gregorius,

1167 1450 1210 1484 E:
1223 1451 1256 1485 in
1269 1452 1386 1486 litteris
1397 1452 1437 1486 ad
1449 1452 1679 1495 Imperatorem
1693 1452 1894 1487 Michaelem
1917 1455 2055 1489 tertium

1167 1502 1284 1543 scripsit
1326 1501 1487 1535 Nicolaus
1526 1502 1647 1544 primus
1676 1514 1684 1534 :
1723 1501 1970 1545 Confitetudinem
2003 1515 2058 1538 ve·

1159 1550 1255 1591 stram
1283 1557 1419 1585 novimus
1433 1575 1444 1591 ‚
1470 1557 1503 1584 in
1526 1554 1618 1595 Regia
1640 1551 1708 1586 urbe
1731 1555 1853 1586 minime
1864 1560 1977 1595 apicem
1998 1558 2057 1587 Ar·

1163 1599 1331 1634 chieraticae
1355 1601 1506 1643 potestatis
1536 1603 1664 1644 aliquem
1690 1604 1767 1646 posse
1784 1602 1892 1637 habere
1909 1603 1972 1645 fine
1996 1607 2057 1637 Ec-

1164 1649 1322 1692 clefiafli'cae
1340 1652 1437 1693 plebis
1458 1650 1593 1695 consensu
1623 1677 1633 1692 ‚
1659 1661 1750 1695 atque
1773 1655 1926 1694 Imperiali
1945 1653 2058 1698 suffia·
2127 1699 2149 1731 st

1987 1704 2056 1740 uod
2074 1699 2125 1738 ΕΡῙ
2151 1709 2193 1735 ⁰5>

1164 1751 1252 1784 enim
1266 1750 1300 1784 in
1311 1751 1419 1786 Sancti
1433 1751 1586 1796 Gregorii
1598 1751 1802 1788 Nazianzeni
1815 1705 2056 1789 Constaiffio-

1165 1800 1346 1843 politanam
1358 1800 1554 1836 Cathedram
1568 1802 1938 1848 constantinopolitana
1949 1806 2055 1847 Syno<

1147 1844 1149 1884 ξ]
1164 1848 1225 1884 dus
1239 1852 1345 1885 varios
1355 1852 1508 1897 elegerit,
1527 1864 1714 1897 magnoque
1730 1854 1879 1897 Principi
1891 1853 2058 1890 Theodo-

1165 1901 1209 1933 sio
1229 1923 1241 1939 ,
1277 1902 1333 1944 qui
1359 1903 1552 1936 Nectarium
1575 1903 1758 1947 designavit
1780 1928 1791 1944 ,
1834 1904 2055 1948 praesentarit,

1166 1950 1310 1984 scribunt
1333 1952 1479 1987 Socrates
1500 1977 1510 1993 ,
1539 1951 1774 1988 Theodoretus
1801 1978 1812 1994 ‚
1838 1966 1875 1988 ac
1897 1955 2056 1990 Hermias

1165 2000 1373 2036 Zozomenus
1396 2028 1402 2035 .
1431 2003 1595 2046 Principis
1615 2029 1625 2044 ,
1653 2015 1694 2038 ne
1716 2003 1884 2049 ingratum
1905 2004 2056 2050 quotidie.

1147 2060 1241 2084 ¹ante
1261 2051 1377 2089 oculos
1400 2053 1465 2096 pati
1489 2064 1659 2097 cogeretur
1680 2054 1879 2098 Episcopum
1892 2079 1903 2095 ,
1930 2055 2055 2090 honori

1147 2102 1148 2105 ’
1165 2099 1200 2134 id
1221 2099 1333 2135 Patres
1349 2102 1552 2137 detulerunt.

1581 2104 1677 2151 Qin
1704 2104 1838 2138 &idem
1861 2103 2053 2139 detulerunt:

1164 2150 1199 2183 in
1218 2151 1372 2186 omniurn
1395 2152 1655 2187 patriarcharum
1676 2153 1890 2188 elestionibus
1908 2181 1914 2187 .
1946 2154 2052 2201 Qod.

1164 2200 1198 2233 δε
1222 2199 1440 2235 Alexandrini
1468 2203 1501 2236 δε
1526 2202 1729 2236 Antiocheni
1755 2202 1907 2238 elestioni
1932 2206 1964 2239 se
1975 2206 2052 2239 mis-

1164 2250 1291 2284 cuerint
1313 2251 1431 2295 optimi
1459 2252 1670 2294 Imperatores
1696 2253 1879 2288 Martianus
1905 2255 1938 2289 &
1953 2256 2023 2289 Leo
2038 2280 2049 2296 ,

1163 2300 1249 2334 lucet
1257 2312 1298 2334 ex
1311 2302 1465 2344 Epistolis
1483 2302 1602 2347 Magni
1620 2302 1714 2346 Papae
1726 2304 1847 2339 Leonis
1861 2329 1871 2346 ,
1897 2317 1938 2339 ex
1953 2305 2050 2339 Libe-

1162 2350 1223 2384 rati
1244 2350 1509 2397 Carthaginiensis
1533 2353 1678 2386 Diaconi
1708 2352 1898 2396 Bmviario,
1923 2355 1958 2389 &
1975 2356 2048 2390 aliis

1161 2400 1296 2435 vetustis
1307 2402 1540 2445 scriptoribus.
1571 2403 1613 2436 Et
1627 2403 1759 2446 quidem
1786 2405 1935 2441 laudatos
1953 2405 2051 2440 Prin-

1160 2451 1269 2494 cipes,
1296 2451 1435 2486 indictis
1446 2453 1661 2488 electionibus
1693 2454 1869 2499 dirigendis
1895 2456 2047 2500 invigila-

1158 2511 1229 2534 rent
1242 2524 1252 2540 ‚
1265 2501 1412 2536 laudatus
1423 2503 1494 2537 Leo
1507 2504 1639 2537 monuit
1652 2505 1685 2538 δε
1696 2507 1823 2549 rogavit
1835 2531 1842 2538 .
1870 2505 1914 2539 Et
1927 2505 2049 2542 Antio·

1158 2550 1270 2585 chenae
1292 2553 1480 2587 Dioeceseos
1496 2554 1666 2597 Episcopis
1687 2554 1870 2590 &Clericis
1884 2580 1894 2595 ‚
1922 2567 2045 2590 novam

1159 2601 1351 2637 Patriarchae
1388 2614 1445 2646 pro
1473 2603 1654 2648 degradato
1676 2605 1826 2639 Macario
1850 2606 2044 2641 elestionem

1158 2651 1395 2695 postulantibus
1416 2679 1427 2694 ‚
1453 2655 1618 2696 respondit
1640 2655 1730 2690 sexta
1750 2655 1903 2698 synodus
1930 2670 1936 2688 :
1975 2659 2044 2699 5ug-
2178 2697 2181 2701 ,

1151 2703 1279 2745 gtffimut
1301 2705 1320 2735 ἃ
1346 2707 1407 2736 Deo
1417 2702 1564 2743 instrueris
1587 2705 1707 2738 auribus
1730 2705 1876 2747 fortissimi·
1903 2708 1966 2740 &a
1982 2709 2042 2738 Deo
2062 2691 2178 2730 Λεὼ-ἶ·

1156 2758 1284 2785 coronati·
1306 2753 1610 2795 nostrilmperatorit.
1637 2759 1683 2787 Ee
1697 2757 1782 2796 juffit
1801 2759 1866 2797 ejus
1889 2758 2039 2789 Serenitas

1157 2805 1313 2836 Decretum
1330 2801 1491 2846 secundum
1512 2803 1744 2848 consequentiam
1758 2831 1769 2847 ‚
1796 2808 1848 2840 seu
1869 2806 2037 2848 antiquam

1155 2854 1428 2887 consuetudinem
1450 2879 1460 2894 ,
1484 2854 1553 2896 fieri
1573 2857 1594 2887 ii
1618 2857 1859 2896 reverendissimis
1883 2854 2037 2898 Epist-opis

1155 2904 1189 2937 (9·
1210 2905 1330 2937 Clericii·
1354 2903 1565 2947 fiiprascriptae
1589 2906 1694 2946 sedis,
1721 2906 1754 2940 ὠ·
1779 2906 1829 2939 hoc
1850 2905 1947 2946 offerri
1968 2908 2036 2946 ejus·

1679 2957 1811 2998 Utique
1843 2956 2037 2989 confirman-

1154 3002 1251 3036 dum.
1280 3004 1379 3051 Qod
1390 3005 1488 3038 etiam
1503 3006 1611 3047 primae
1632 3005 1818 3047 Iustinianae
1832 3005 2011 3048 Episcopus
2023 3030 2034 3046 ,

1152 3052 1193 3085 ad
1207 3053 1379 3095 justiniani
1394 3053 1534 3098 Augusti
1551 3065 1659 3097 preces
1677 3065 1730 3096 per
1740 3053 1905 3098 Vigilium
1920 3055 2034 3089 Ponti·

1154 3103 1249 3135 ficem
1274 3104 1434 3137 exaltatus
1468 3103 1502 3135 in
1534 3103 1659 3145 aliquot
1693 3102 1940 3138 Provinciarum
1965 3105 2033 3139 Pri-

1153 3162 1272 3185 matem
1298 3176 1308 3191 ‚
1347 3151 1365 3184 a
1387 3151 1540 3194 Principe
1568 3152 1855 3188 confirmationem
1894 3157 1926 3189 &
1950 3157 2032 3189 acci-

1153 3202 1275 3245 piendae
1287 3201 1540 3235 consecrationis
1551 3202 1738 3237 facultatem
1751 3205 1897 3247 accipere
1912 3205 2029 3241 debue-

1152 3252 1192 3286 rit
1203 3250 1446 3292 ‚demonstrant
1459 3251 1573 3285 litterae
1586 3253 1704 3297 Magni
1715 3253 1870 3297 Gregorii
1883 3256 1921 3289 ad
1934 3256 2029 3300 Joan-
2050 3261 2107 3291 Lib.
2127 3274 2154 3297 4·

1152 3312 1228 3335 nem
1249 3301 1320 3334 istic
1332 3300 1530 3344 Episcopum
1556 3302 1756 3345 &subjet‘ios
1778 3305 1833 3347 ipsi
1858 3305 2026 3350 Collegas.
2050 3303 2183 3339 '‘iim-78·

1151 3351 1302 3384 Romana
1326 3350 1456 3385 interim
1480 3352 1623 3386 Ecclesia
1644 3352 1707 3387 fuit
1728 3352 1769 3388 ab
1792 3353 1855 3389 hac
1876 3356 2027 3389 servitute

1151 3401 1272 3445 semper
1283 3400 1438 3435 immunis
1450 3403 1547 3445 usque
1558 3402 1596 3436 ad
1612 3403 1755 3439 Herulos
1767 3405 1799 3439 &
1811 3405 1960 3439 Gothos:
1993 3405 2026 3440 &

1594 3453 1658 3503 Q-
1886 3453 1977 3489 illam
