2352 3736
47 416 130 455 Cap.
149 428 195 455 ²0·

0 926 6 936 ³
52 919 140 949 Anno

49 960 121 992 fiso-

46 1455 114 1485 Part
144 1461 190 1487 15-

47 1495 124 1531 cap.
144 1502 192 1530 97.

52 1542 118 1564 100.

42 1877 110 1916 Cap
126 1886 184 1912 14⁴·

506 156 594 186 DE
665 142 706 187 S.
776 135 1110 187 L'Eole

280 221 428 272 Qaestio
440 222 485 257 est
495 248 506 265 ‚
532 222 603 257 Cur
613 221 754 267 vulgaris
764 220 975 267 Apostolicus
987 220 1106 255 Canon

233 274 590 319 sanguin-i&suffocato
610 273 710 308 addat
730 282 861 316 captum
878 273 897 305 ὲ,
922 271 1048 305 bestia?
1071 270 1108 303 E·

232 323 412 359 t'iamaddit
423 322 563 359 secunda
579 322 826 358 Aurelianensis
843 322 1013 364 Synodus.
1039 319 1112 353 ido-

230 371 434 409 lothetorum
445 374 691 408 manducatores
708 382 793 407 arcet
803 370 845 405 ab
858 371 1004 405 Ecclesiae
1024 369 1113 404 coeti-

231 423 312 465 bus,
338 425 511 470 &pei-git.-
537 425 680 458 similiter
690 425 724 457 o·
734 421 766 454 hi
779 446 789 462 ,
814 426 865 463 qui
878 420 1030 461 bestiarum
1040 431 1113 452 mor-

227 473 304 516 fibus
322 473 464 517 exstindla
482 472 641 517 vescuntur
660 498 666 504 .
695 473 741 506 Et
762 470 898 505 Alvredi
922 471 1112 516 Anglorurn

231 523 336 570 Regis
358 524 454 559 Lex.-
478 527 609 557 Carnem
629 525 650 555 ἃ
668 522 764 562 bestiis
778 521 939 555 laceratam
962 531 997 553 ne
1016 519 1112 563 gusta·

230 582 312 614 tote,
336 573 564 618 fidprojicitote
583 573 736 606 adcanes.
763 570 829 605 Sub
850 570 980 605 Rabani
1004 567 1115 602 Mauri

230 623 439 669 Moguntino
460 622 658 666 Episcopatu
679 629 773 655 tanta
786 623 886 655 fames
897 619 1027 654 vexavit
1036 618 1115 651 Ger-

229 675 394 714 maniam,
421 681 457 707 ut
466 673 572 716 plures
581 682 622 704 ex
639 672 705 715 ipsa
736 680 938 706 morerentur
953 691 964 708 ‚
987 667 1022 700 ὅ(
1046 678 1113 710 pro·

229 724 318 767 prios
343 723 534 758 devorarent
556 721 660 756 filios.
689 722 787 755 Duos
810 721 966 764 conjuges
983 716 1024 751 ab
1046 727 1113 751 tam

228 772 393 807 horrendo
415 772 562 807 facinore
584 771 731 806 liberavit
749 781 804 814 per
827 768 910 804 duos
947 767 1042 810 lupos
1073 768 1113 799 la·

227 831 335 858 cerata
358 833 451 857 cerva
467 846 476 855 .
513 821 618 866 Ipsam
639 820 853 855 comederunt
877 843 888 859 ‚
908 817 1113 860 scribuntque

228 872 270 907 de
292 873 365 916 ipsis
385 871 561 907 Fuldenses
587 871 787 904 Francorum
819 867 966 902 Annales
989 881 996 900 :
1033 870 1114 900 Tunc

228 926 331 956 Mater
353 919 501 964 resumpto
516 918 627 962 spiritu
647 924 770 963 gratias
792 922 853 952 Deo
880 923 960 961 egit,
986 923 1058 960 quia
1075 916 1110 959 fi-

229 971 396 1015 liumsuum
406 974 651 1012 reciperemeruit
666 994 676 1008 ‚
700 980 752 1002 nec
772 974 870 1001 minus
898 971 1010 1007 Pater,
1039 967 1116 1009 quod

229 1031 295 1055 eum
315 1023 399 1054 Deus
415 1022 436 1052 ἃ
454 1019 539 1053 liberi
559 1018 760 1060 interfhHione
781 1025 934 1051 innocuum
970 1018 1112 1061 dIgnatus

230 1070 270 1112 est
279 1067 452 1113 conservare
462 1094 469 1100 .
496 1069 586 1103 Ambo
596 1078 697 1102 tamen
707 1070 742 1101 de
753 1068 886 1101 carnibus
898 1069 923 1101 le
923 1079 961 1111 ge
981 1066 1114 1109 prohibi-

229 1126 271 1156 tis
282 1145 294 1162 ,
318 1121 476 1160 neceffitate
486 1119 575 1153 coacti
585 1143 596 1159 ,
619 1117 653 1161 se
667 1127 841 1152 recrearunt
853 1143 861 1150 .
889 1118 1031 1152 Videtur
1044 1128 1114 1151 tan-

229 1179 262 1204 ta
274 1170 440 1205 necessitas
454 1170 561 1204 tunca
578 1178 710 1212 peccato
725 1180 791 1203 non
804 1168 982 1202 excusasse.
1010 1167 1054 1200 Et
1078 1167 1112 1200 in

227 1219 455 1255 Poenitentiali
464 1217 548 1254 libro
560 1218 655 1253 habet
667 1218 869 1253 Theodorus
902 1217 1112 1251 Cantuarien·

227 1271 268 1304 fis
278 1270 475 1315 Episcopus:
505 1271 655 1303 Animalia
669 1294 678 1310 ‚
704 1270 893 1313 quaealupis
912 1266 965 1310 seu
990 1267 1112 1301 canibus

226 1321 415 1361 merantur,
442 1331 499 1353 non
517 1319 591 1363 sunt
607 1321 800 1355 comedenda.
830 1317 937 1353 Addit
959 1319 992 1352 ἀ
1018 1328 1091 1352 aves
1103 1342 1112 1358 ,

227 1381 303 1413 quas
314 1371 481 1414 oppresserit
490 1375 627 1414 accipiter
638 1396 645 1403 .
674 1370 717 1405 Et
729 1370 845 1405 fitndat
859 1370 893 1404 in
906 1369 1114 1404 constitutio-

228 1430 271 1454 ne
297 1419 488 1464 Apostoiica
505 1446 511 1452 .
541 1422 584 1454 Et
607 1420 690 1454 infra
715 1421 837 1465 pergit:
864 1422 929 1463 Qui
954 1421 1114 1452 manducat

228 1481 348 1504 carnem
363 1471 528 1505 laceratam
543 1473 564 1503 ἃ
575 1469 668 1511 bestiis
677 1494 688 1510 ,
715 1471 918 1514 quadraginta
931 1471 994 1502 dies
1017 1475 1107 1510 ρατηε-

228 1529 291 1554 teat
305 1546 312 1552 .
345 1520 485 1555 Exstant
499 1520 611 1555 haecin
631 1521 776 1555 Decreto
789 1521 895 1553 Sancti
908 1519 1040 1552 {von-is.
1068 1519 1110 1551 Et

226 1570 444 1616 Bulgarorum
454 1570 631 1614 postulatio
643 1569 706 1602 fuit
727 1568 772 1601 de
792 1568 868 1601 solis
889 1565 1086 1600 animalibus
1099 1590 1109 1605 ‚

226 1630 294 1662 quae
308 1619 372 1661 fine
398 1621 484 1662 ferro
514 1619 682 1652 mactamur
716 1642 726 1658 ‚
765 1619 799 1650 (9⁶
817 1615 878 1660 solo
903 1616 962 1649 ὶᾶιι
983 1616 1109 1649 hominis

220 1668 353 1714 percursa
373 1675 540 1704 moriuntur
554 1694 561 1701 .
588 1667 692 1715 Qod
714 1678 831 1710 nempe
847 1667 865 1700 a
883 1666 991 1699 bestiis
1006 1666 1110 1698 occisa

223 1720 444 1764 supponerent
463 1731 531 1753 non
546 1719 633 1762 posse
643 1716 852 1751 manducari.

274 1769 473 1813 Respondeo
482 1769 549 1802 haec
561 1768 595 1801 in
608 1765 806 1809 Apostolicb
824 1764 1017 1799 Constituto
1041 1775 1107 1797 non

222 1818 316 1854 fixisse
326 1821 467 1862 expressa
480 1844 487 1851 .
514 1815 680 1852 Videntur
699 1826 808 1851 tamen
835 1816 929 1849 fuiffe
952 1814 1106 1848 subintel-

222 1868 303 1903 lesta
313 1893 321 1900 .
349 1869 486 1903 Etenim
497 1866 661 1910 Propheta
676 1865 829 1901 Ezechiel
848 1865 966 1908 scripsit
978 1878 989 1898 :
1014 1867 1109 1897 Omne

221 1923 410 1952 morticinum
422 1942 434 1958 ‚
460 1920 494 1951 Θ
503 1927 585 1950 omne
594 1925 718 1959 captum
727 1918 747 1949 a
760 1915 848 1956 bestia
866 1940 877 1956 ‚
903 1916 941 1947 de
952 1914 1061 1948 avibus
1076 1915 1109 1947 o·

218 1967 371 2011 pecoribus
392 1993 403 2009 ‚
429 1978 486 2001 non
505 1968 656 2001 comedent
682 1968 852 2000 Sacerdotes
871 1991 878 1997 .
907 1965 951 1997 Et
976 1964 1109 1998 sanctus

219 2018 449 2061 Hieronymus
460 2026 724 2052 commentatur.-
743 2020 852 2061 Juxta
873 2016 1004 2048 litteram
1028 2020 1107 2047 omni·

214 2073 319 2113 ‘generi
330 2067 418 2101 elec‘lo
428 2091 440 2107 ,
452 2069 487 2101 ὁ·
499 2068 606 2111 Regali
617 2067 651 2100 Θ·
661 2065 842 2099 sacerdotali
853 2088 864 2104 ,
891 2065 970 2107 quod
986 2066 1108 2106 proprii

219 2117 264 2150 ad
274 2116 453 2157 Christianos
466 2115 594 2158 refertur
604 2140 615 2157 ‚
640 2121 689 2159 qui
696 2116 776 2149 uncti
783 2114 857 2158 sunt
869 2115 925 2147 oleo
935 2112 1107 2156 spirituali,

220 2166 284 2200 baec
292 2174 443 2209 praecepta
452 2172 630 2201 conveniunt
638 2189 645 2200 ,
674 2164 804 2199 Fundat
816 2166 848 2199 se
863 2165 896 2197 in
910 2164 941 2197 A
946 2163 1105 2207 postolica

221 2217 459 2251 constitutione
472 2241 483 2257 ‚
493 2217 527 2251 δε
542 2217 648 2261 pergit
659 2215 701 2250 de
710 2225 808 2259 capto
820 2216 838 2249 a
853 2214 961 2248 bestiis
971 2229 982 2248 .-
1007 2216 1052 2247 Et
1064 2219 1107 2255 ip-

218 2264 284 2310 fiam
289 2266 420 2308 fimtliter
425 2265 599 2310 suffocatum
608 2265 647 2306 est
659 2291 666 2298 .
695 2267 888 2300 Lacerantes
901 2263 1005 2297 bestiae
1027 2265 1107 2298 lace-

220 2325 322 2350 ratam
333 2316 427 2350 omni
439 2316 597 2361 sanguine
617 2326 685 2349 non
706 2322 885 2354 evacuant,
910 2312 1051 2358 ideoque
1074 2314 1107 2349 &

221 2364 289 2399 haec
298 2365 399 2401 habet
420 2365 544 2408 aliquid
565 2366 732 2400 suffocati.
761 2366 804 2399 Et
828 2363 904 2407 quia
927 2373 994 2397 tam
1023 2365 1108 2398 inter

218 2414 352 2450 Graecos
363 2416 556 2459 quaminter
567 2416 705 2450 Latinos
718 2415 849 2460 quidam
873 2413 955 2449 olim
978 2413 1018 2448 de
1040 2413 1104 2448 hoc

221 2467 343 2508 puncto
353 2464 569 2511 disceptarunt
580 2490 591 2507 ,
602 2463 791 2510 prodierunt
802 2463 925 2499 laudati
938 2463 1105 2503 Canones,

220 2515 256 2549 &
266 2516 297 2550 S.
311 2515 512 2559 Hieronymi
522 2516 683 2559 judicium
695 2515 930 2550 confirmarunt
940 2538 947 2545 .
980 2513 1103 2547 Verum

221 2566 330 2606 quoad
344 2566 473 2607 turdOS,
489 2567 611 2610 lepores
620 2590 630 2606 ,
647 2566 682 2600 &
692 2566 775 2599 alios
786 2564 904 2599 similes
917 2575 972 2607 per
984 2575 1059 2598 aves
1073 2565 1106 2598 ὃς

222 2613 388 2659 accipitres
397 2616 581 2651 venationis
589 2617 709 2650 studius
719 2617 782 2650 fuit
789 2614 931 2649 difficilis
940 2612 1106 2648 observan-

223 2662 268 2696 tia
280 2687 290 2703 2
312 2665 344 2697 &
355 2665 420 2707 jam
431 2666 554 2711 pridem
564 2664 584 2699 a
594 2665 738 2710 pluribus
747 2664 944 2701 Christianis
952 2664 1105 2709 gentibus

224 2716 370 2748 excusia.

274 2765 387 2797 Altera
400 2762 534 2807 quaestio
545 2764 613 2804 est,
638 2764 695 2799 An
719 2767 852 2801 Sanctus
876 2765 1105 2808 Hieronymus

224 2815 259 2848 in
272 2811 404 2848 laudato
416 2812 491 2847 loco
503 2811 584 2846 reete
594 2813 710 2848 scribat
731 2822 916 2849 morticinum
934 2820 965 2847 in
991 2815 1104 2847 aclibus

225 2863 418 2908 Apostolorum
425 2863 474 2906 effe
480 2861 675 2905 suffocatum?
689 2862 887 2907 Respondeo
902 2865 1103 2899 locutionem

222 2914 318 2950 ‘istam
330 2939 341 2955 ,
358 2914 380 2947 si
392 2913 491 2958 rigidi
505 2913 620 2953 sitnm,
643 2913 705 2946 esse
724 2913 808 2955 justo
819 2914 1007 2957 largiorem.
1037 2917 1106 2949 Suf-

223 2965 370 2999 socatum
380 2965 470 2998 enim
480 2962 499 2995 ὲ
511 2962 654 2996 violenta
670 2987 682 3003 ,
705 2963 918 2997 morticinum
933 2962 951 2996 a
964 2965 1103 2999 naturali

222 3022 329 3047 morte
339 3013 456 3048 dicitur
471 3039 478 3045 .
495 3012 539 3046 Et
549 3012 589 3046 de
600 3011 788 3055 hujusmodi
804 3013 983 3046 morticino
997 3013 1105 3048 scribit

224 3063 259 3097 in
286 3063 417 3098 laudato
437 3063 584 3097 adversus
604 3062 757 3096 Faustum
778 3061 998 3097 Manichaeum
1022 3062 1106 3098 libro

223 3114 357 3147 Sanctus
369 3113 570 3156 Augustinus
584 3126 594 3145 :
620 3116 805 3145 Morticinum
824 3122 900 3154 puto
925 3115 1005 3155 quod
1013 3115 1059 3145 ad
1066 3113 1105 3155 es-

224 3174 290 3197 cam
299 3161 366 3205 usus
378 3161 523 3195 hominum
539 3174 596 3196 non
607 3161 723 3204 admisit
734 3186 745 3202 ,
770 3174 801 3196 eo
827 3163 906 3203 quod
930 3173 986 3194 non
1008 3162 1104 3206 occiso-

225 3224 292 3246 rum
303 3237 313 3253 ,
331 3210 386 3255 sed
395 3219 570 3246 mortuorum
580 3214 753 3246 animalium
762 3211 897 3245 morbida
905 3221 972 3244 caro
982 3211 1020 3251 est
1031 3236 1042 3252 ,
1053 3223 1104 3246 nec

224 3271 297 3305 apta
310 3259 484 3303 adsalutem
493 3269 615 3304 corporis
629 3286 640 3303 ,
666 3265 750 3304 cujus
774 3260 859 3304 causa
877 3260 1024 3304 sumimus
1050 3264 1105 3295 ali-

226 3319 372 3347 mentum.
387 3312 431 3344 Et
443 3310 574 3346 laudata
587 3312 825 3346 Aurelianensis
841 3311 993 3354 Synodus
1008 3325 1018 3344 .·
1039 3314 1101 3355 ,Qui

227 3361 352 3409 quolibet
361 3360 456 3394 morbo
467 3369 518 3394 aut
526 3359 744 3403 casusuffocata
755 3360 910 3404 vescuntur
921 3385 933 3401 ,
953 3361 992 3394 ab
1007 3362 1103 3395 Eccle-

219 3409 276 3453 fiae
283 3410 402 3445 coetibus
412 3419 569 3444 arceantur
583 3435 589 3442 .
617 3411 661 3445 Et
672 3409 847 3447 Theodori
860 3411 1102 3447 Cantuarienfis

326 3460 434 3502 christ.
449 3464 527 3504 Lupi
537 3464 622 3504 Oper-
635 3463 712 3494 Tom.
722 3465 775 3495 IV.

1182 139 1783 185 N10N1Acr1s.
1891 154 1980 197 353

1170 221 1323 265 Episcopi
1336 220 1416 256 liber
1427 220 1689 254 Poenitentia'lis:
1717 223 1783 254 Nec
1793 229 1894 254 cervus
1907 246 1918 262 ‚
1938 231 1989 255 nec
2001 233 2049 255 ca-

1152 230 1161 307 i
1168 280 1257 312 prcus
1268 273 1437 305 comedendi
1441 269 1514 314 sunt
1527 294 1537 311 ‚
1556 269 1587 311 fi
1591 275 1695 303 mortui
1707 275 1827 304 inventi
1830 270 1949 312 fuerint
1960 296 1971 312 ,
1996 272 2053 314 nifi

1156 311 1248 362 'forte
1260 321 1297 352 ab
1310 321 1425 354 homine
1440 320 1536 354 adhuc
1549 325 1619 354 vivi
1633 321 1804 353 occidantur
1809 327 1894 362 prius
1902 344 1912 361 ‚
1921 320 2053 364 [σάρον-

1170 376 1212 403 cis
1225 372 1389 404 &canibus
1407 373 1517 403 dentur
1533 395 1539 401 .
1567 371 1611 403 Et
1637 369 1774 404 iterum:
1803 373 1868 414 ‚Qui
1891 373 2052 405 manducas

1171 430 1289 453 carnem
1299 426 1502 460 morticinam,
1532 422 1735 464 quadraginta
1747 421 1810 453 dies
1829 427 1992 462 poeniteat.
2020 423 2052 454 Si

1174 469 1428 514 neceffitatesanus
1438 475 1610 514 contingat,
1638 471 1730 503 multo
1741 471 1839 503 levius
1860 469 1915 509 est.
1957 472 2051 504 Atra-

1174 531 1247 554 men
1263 531 1430 563 peccatum
1446 545 1452 552 .
1464 519 1507 552 Et
1520 520 1601 552 infra
1616 533 1622 551 :
1636 518 1734 563 Piscis
1748 529 1877 553 mortuus
1889 526 1922 553 in
1929 520 2052 561 flumine

1173 576 1315 604 inventus
1326 582 1382 603 non
1391 569 1429 610 est
1439 570 1573 602 edendus
1584 593 1594 608 ,
1619 575 1691 611 quia
1703 581 1759 601 non
1770 569 1808 610 est
1824 576 1942 602 venatio
1965 571 2054 603 bomi-

1175 626 1222 652 m·s
1239 645 1245 651 .
1272 623 1302 653 51·
1315 631 1385 653 vero
1389 617 1534 662 piscando
1545 619 1643 651 tac‘lus
1650 619 1748 659 fuerit
1759 642 1768 657 ‚
1779 621 1812 653 <it
1825 618 1885 662 ipso
1895 621 1941 652 die
1951 626 2056 654 inven-

1174 670 1323 711 tusfuerit
1335 679 1467 702 mortuus
1480 692 1491 708 ,
1517 674 1634 710 quinon
1645 668 1775 708 baesstat,
1796 671 1953 702 manducet
1966 682 1979 710 ;
1991 672 2055 713 ,Qui

1173 727 1270 752 autem
1292 718 1412 751 dubitat
1434 741 1445 757 ,
1472 728 1529 749 non
1554 718 1727 749 manducet.
1756 717 1807 750 Ex
1831 719 1947 762 quibus
1970 722 2057 754 lucet

1174 767 1382 802 morticinum
1395 777 1474 801 tunc
1484 777 1552 800 non
1563 766 1580 799 ὲ
1592 766 1661 799 [οἰκ
1684 768 1843 810 corporali
1863 769 1963 802 salute
1975 793 1986 809 ‚
2002 769 2058 803 sed.

1174 820 1213 852 ab
1226 818 1445 852 Ecclesiastica
1457 817 1555 851 etiam
1570 816 1642 860 lege
1657 817 1748 850 fuiffe
1763 814 1988 850 interdictum.
2017 820 2059 851 E-

1173 868 1274 903 tenim
1284 867 1498 903 morticinum
1511 891 1520 907 ‚
1532 878 1599 900 non
1614 867 1722 900 minus
1731 878 1829 910 quam
1842 866 2032 902 suffocatum
2047 891 2060 907 ,

1172 918 1217 952 est
1245 918 1378 962 plenum
1400 917 1560 962 sanguine
1584 942 1590 948 .
1630 916 1749 950 Scribit
1771 916 1850 950 item
1877 917 2063 951 Cardinalis

1172 968 1378 1002 Humbertus
1390 981 1400 1001 -.·
1410 967 1589 1008 Suffocatum
1599 968 1634 1001 Θ
1645 965 1820 1011 sanguinem
1832 966 2038 1000 abominamur
2050 991 2063 1007 ‚

1172 1020 1242 1051 adeo
1253 1027 1286 1052 ut
1291 1016 1437 1061 sanguine
1450 1019 1501 1051 vel
1509 1027 1683 1060 quocumque
1694 1023 1844 1051 morticino
1857 1041 1866 1056 ‚
1894 1026 1948 1050 aut
1972 1024 2062 1060 aquis

1166 1066 1219 1111 seu
1246 1079 1425 1111 quacumque
1446 1067 1578 1100 bumana
1600 1069 1778 1111 negligentia
1794 1066 1954 1110 suffocato,
1980 1068 2066 1109 apud

1173 1130 1224 1151 nos
1236 1119 1396 1161 aliquando
1407 1129 1446 1150 ve
1449 1116 1598 1160 fientibus
1609 1115 1719 1160 absque
1730 1125 1861 1150 extremo
1868 1119 1998 1158 periculo
2009 1117 2064 1150 hu-

1166 1171 1222 1209 jus
1237 1173 1312 1202 vitae
1324 1193 1335 1208 ‚
1357 1173 1536 1210 poenitentia
1541 1173 1652 1210 gravis
1666 1173 1833 1209 imponatur
1846 1192 1853 1198 .
1884 1170 1942 1199 Pro
1961 1179 1991 1200 eo
2003 1179 2064 1199 ma-

1174 1220 1277 1260 xime,
1303 1219 1383 1260 quod
1407 1224 1551 1260 antiquas
1577 1215 1798 1259 consuetudines
1827 1218 1861 1251 (9
1883 1218 2064 1250 traditiones

1174 1271 1322 1310 Majorum
1335 1294 1345 1309 ,
1371 1279 1437 1311 quae
1449 1280 1506 1301 non
1513 1266 1585 1310 sunt
1597 1267 1797 1309 contrafidem
1808 1291 1819 1307 ,
1835 1268 1914 1309 leges
1927 1266 2063 1308 Apostoli-

1171 1330 1222 1352 cas
1233 1319 1414 1352 arbitramur
1426 1344 1432 1351 .
1461 1318 1518 1352 Ob
1530 1317 1630 1351 solam
1642 1327 1821 1351 extremam
1833 1316 1928 1350 famis
1939 1317 2066 1350 neceffi·

1173 1380 1270 1404 tatem
1286 1370 1423 1404 affirmat
1438 1369 1536 1403 licere
1554 1369 1654 1416 ,Qae
1665 1366 1839 1410 disciplina
1852 1366 1955 1411 viguit
1965 1367 2066 1402 etiam

1173 1419 1257 1463 apud
1281 1421 1411 1453 Graecos
1434 1444 1441 1451 .
1472 1417 1605 1453 Etenim
1634 1419 1704 1452 Leo
1723 1416 1869 1461 Cephaia
1883 1441 1894 1456 ,
1920 1416 1938 1449 a
1961 1415 2069 1450 Bond-

1173 1470 1297 1502 mundo
1323 1469 1508 1502 Siculorum
1531 1467 1684 1510 Principe
1707 1467 1835 1501 obseffae
1847 1467 1975 1500 Larissae
1987 1466 2067 1499 Prae-

1171 1520 1271 1551 fectus
1300 1542 1310 1556 ,
1346 1518 1387 1551 ad
1410 1519 1642 1559 Imperatorem
1666 1516 1826 1550 Alexium
1851 1515 2067 1549 Comnenurn

1169 1567 1292 1610 scripsit
1309 1579 1315 1597 ε
1344 1571 1379 1598 In
1400 1575 1535 1598 extrema
1545 1567 1687 1608 quaedam
1700 1574 1823 1598 ventum
1836 1565 1893 1605 est.
1922 1570 2009 1598 Nam
2032 1569 2068 1597 ci-

1172 1618 1216 1650 bis
1230 1642 1240 1657 ,
1268 1617 1374 1658 quibus
1388 1615 1466 1657 vesci
1479 1616 1662 1655 Christianos
1673 1614 1731 1656 fas
1752 1615 1791 1655 est
1804 1641 1815 1656 ,
1842 1614 2044 1657 deficientibus
2057 1639 2068 1654 ,

1171 1668 1214 1698 ad
1219 1666 1304 1705 feros
1325 1664 1499 1706 &insuetos
1513 1665 1587 1705 verfi
1605 1689 1616 1705 ‚
1642 1664 1745 1697 borum
1770 1676 1882 1707 quoque
1901 1671 1983 1706 copia
1998 1667 2069 1706 jam
2086 1686 2138 1718 Db

1171 1715 1356 1755 destituimur
1397 1739 1403 1746 .
1444 1713 1561 1747 Exstat
1579 1714 1729 1757 Epistola
1751 1715 1836 1757 apud
1851 1713 1988 1748 Annam
2001 1714 2067 1748 Co·
2111 1706 2115 1715 ⁴

1177 1775 1331 1798 mnenam
1353 1790 1359 1795 .
1387 1764 1488 1810 Qod
1513 1765 1619 1807 ipsum
1645 1762 1686 1797 de
1711 1763 1834 1798 obsessa
1861 1775 1915 1807 per
1935 1764 2068 1800 Turcos

1174 1813 1355 1848 Antiochia
1394 1813 1511 1856 scripsit
1532 1814 1574 1847 ad
1596 1812 1737 1847 eundem
1762 1813 1952 1856 Principem
1980 1814 2068 1848 idem

1173 1864 1409 1899 Boadmundus
1431 1889 1437 1895 .
1466 1863 1509 1897 Et
1535 1863 1662 1898 Latinis
1681 1864 1716 1897 δε
1741 1862 1861 1897 Graecis
1886 1863 1955 1897 haee
1976 1864 2071 1899 disci-

1172 1916 1262 1958 plina
1281 1915 1342 1947 fuit
1363 1924 1442 1948 tunc
1463 1913 1630 1947 manifeste
1656 1914 1843 1947 communis
1868 1938 1874 1946 .
1917 1913 1963 1947 Et
1990 1913 2068 1949 hinc

1172 1977 1240 1999 non
1261 1963 1351 2006 quod
1373 1963 1581 2004 morticinis,
1619 1962 1673 1996 sed
1696 1961 1870 1996 dumtaxat
1893 1963 1985 2006 quod
2007 1965 2070 1998 suf-

1171 2014 1289 2049 focatis
1312 2014 1530 2053 vesceremur,
1558 2012 1680 2056 objecit
1696 2011 1793 2046 nobis
1804 2010 1954 2047 Michael
1967 2013 2068 2047 Ceru-

1171 2065 1284 2099 larius.

1219 2114 1336 2148 Tertia
1347 2113 1555 2157 quaestioest,
1583 2113 1638 2147 An
1663 2124 1719 2157 per
1742 2114 1885 2148 eundem
1914 2113 2064 2149 Michae-

1170 2164 1234 2199 lem
1245 2163 1382 2199 adducta
1395 2162 1543 2198 adversus
1554 2163 1701 2198 suffocati
1724 2165 1758 2197 ὅς
1785 2164 1950 2208 sanguinis
1974 2166 2067 2199 esum

1169 2215 1253 2249 ratio
1272 2215 1311 2248 fit
1333 2214 1464 2248 valida?
1493 2214 1547 2246 Est
1573 2213 1649 2247 vero
1671 2212 1755 2247 haec:
1785 2219 1830 2247 An
1854 2214 1971 2257 nescitis
1995 2239 2004 2253 ‚
2033 2223 2067 2248 ut

1168 2271 1263 2298 omnis
1274 2265 1416 2297 animalis
1426 2263 1596 2307 sanguis-fit
1607 2270 1710 2297 anima
1721 2262 1806 2306 ipsius
1819 2290 1828 2304 ,
1856 2266 1890 2298 (θ’
1913 2272 1963 2306 qui
1974 2277 2066 2297 come·

1169 2316 1216 2348 dit
1226 2313 1403 2358 sanguinem
1420 2339 1431 2355 ,
1457 2321 1591 2347 animam
1602 2315 1757 2347 comedat?
1785 2318 1830 2346 Et
1843 2316 1948 2346 idcirco
1964 2313 2067 2357 secun·

1169 2366 1241 2399 ditm
1251 2364 1302 2398 boc
1317 2368 1483 2397 Latininec
1505 2365 1638 2397 Gentiles
1661 2375 1698 2397 ex
1722 2373 1781 2397 toto
1795 2363 1884 2407 sunt.
1914 2365 1965 2397 Illi
1985 2370 2065 2397 enim

1169 2416 1299 2448 occidunt
1320 2439 1330 2455 ,
1357 2424 1410 2448 aut
1431 2415 1593 2458 plagantes
1620 2416 1793 2447 comedunt.
1824 2415 1980 2447 Affirmat
2004 2425 2066 2448 nos

2141 1695 2204 1722 ·5·

2090 1805 2148 1835 tib.
2181 1815 2191 1834 1
2203 1814 2225 1834 1.

1170 2465 1359 2500 Gentilibus
1387 2465 1533 2508 pejores.
1561 2465 1603 2498 Et
1630 2464 1762 2509 quidem
1802 2463 1970 2498 brutorum
1999 2465 2067 2498 ani-

1169 2527 1258 2549 mam
1268 2516 1330 2550 esse
1343 2515 1448 2559 ipsum
1463 2515 1654 2560 sanguinem
1677 2514 1794 2549 docere
1814 2515 1941 2548 videtur
1965 2515 2066 2548 etiam

1168 2564 1427 2599 Theodoretusv.
1458 2565 1495 2597 In
1508 2564 1740 2607 quaestionibus
1753 2565 1844 2607 supra
1865 2564 2003 2598 Levitici
2029 2565 2067 2597 li-

1169 2614 1262 2649 brum
1274 2616 1374 2649 versat
1390 2614 1480 2648 hunc
1493 2614 1625 2653 locum,
1655 2618 1764 2647 Anima
1784 2620 1879 2647 omnis
1900 2620 2001 2648 carnis
2027 2614 2066 2654 est

1163 2664 1288 2708 sanguis
1299 2665 1379 2697 illius
1390 2689 1401 2705 ,
1428 2665 1460 2698 &
1473 2664 1618 2708 adjungit
1632 2679 1642 2697 .·
1667 2667 1748 2697 Sicut
1771 2673 1803 2697 tu
1820 2666 1981 2696 immortali
1993 2670 2062 2695 ani·

1170 2728 1218 2747 ma
1241 2716 1393 2756 praeditus
1416 2725 1471 2753 es,
1490 2713 1530 2753 fic
1554 2715 1671 2746 animal
1692 2714 1866 2746 irrationale
1882 2712 2063 2757 sanguinem

1168 2765 1257 2798 habet
1276 2766 1333 2797 loco
1356 2769 1484 2796 animae.
1512 2766 1595 2795 Hunc
1613 2762 1642 2803 fi
1658 2765 1725 2796 edis
1750 2787 1760 2802 ‚
1785 2769 1918 2796 animam
1942 2765 2067 2797 comedi-

1162 2815 1222 2855 sti.
1250 2814 1419 2847 Rationalis
1430 2819 1508 2846 enim
1520 2819 1629 2845 animae
1641 2814 1732 2845 locum
1743 2814 1793 2847 ille
1805 2813 1918 2846 obtinet
1938 2839 1944 2846 .
1971 2814 2064 2846 Idcir-

1167 2877 1196 2898 co
1208 2866 1296 2897 talem
1308 2862 1386 2906 esum
1400 2865 1449 2896 lex
1463 2865 1572 2896 caedem
1581 2864 1748 2905 appellavit
1757 2889 1764 2895 .
1793 2865 1935 2897 Eandem
1947 2864 1981 2896 ob
1994 2874 2063 2897 cau-

1163 2913 1230 2957 sam
1239 2922 1319 2948 arcet
1331 2915 1368 2947 ab
1389 2914 1513 2947 edendis
1541 2912 1722 2946 animalibus
1743 2921 1864 2948 mortuis
1877 2927 1889 2946 .-
1915 2917 1962 2946 Eo
1983 2914 2062 2956 quod

1164 2963 1286 3008 sanguis
1297 2975 1354 2996 non
1365 2963 1463 3004 fuerit
1469 2961 1630 3005 separatus
1641 2966 1661 2995 ἃ
1673 2972 1787 3005 corpore
1800 2989 1806 2996 .
1836 2964 2007 2998 Consonat
2023 2965 2058 2998 in

1168 3016 1258 3048 tertia
1273 3014 1397 3047 decima
1409 3015 1500 3056 super
1510 3014 1660 3047 Genesim
1671 3012 1809 3047 homilia
1822 3014 1952 3047 Sanctus
1964 3015 2058 3057 Joan-

1169 3077 1223 3098 nes
1235 3062 1506 3106 Chrysostomus.
1536 3061 1688 3096 Advertit
1713 3063 1835 3096 Adami
1857 3075 1972 3106 corpus
1998 3065 2056 3098 Di-

1169 3117 1251 3148 vinis
1265 3115 1440 3147 formatum
1456 3111 1605 3146 manibus
1619 3137 1629 3152 ,
1655 3111 1843 3147 &formato
1868 3114 2056 3157 inspiratam

1166 3162 1322 3198 divinitus
1345 3162 1490 3196 animam
1516 3187 1526 3202 ,
1552 3173 1585 3196 at
1608 3162 1685 3196 vero
1707 3162 1748 3196 de
1773 3163 1876 3197 brutis
1900 3164 1960 3197 esse
1986 3165 2057 3198 scri-

1168 3224 1279 3257 ptum:
1308 3213 1457 3245 Producat
1468 3219 1549 3245 terra
1570 3219 1704 3245 animam
1731 3218 1903 3246 viventem.
1933 3214 1975 3247 Et
2000 3215 2058 3247 ad-

1164 3263 1426 3307 jungitcausam:
1455 3264 1564 3295 Idcirco
1589 3263 1627 3296 de
1653 3262 1749 3295 brutis
1773 3262 1889 3295 dicebat
1916 3262 2027 3306 Moysis
2042 3286 2053 3300 ,

1165 3317 1185 3346 5
1187 3318 1290 3357 anguis
1301 3315 1365 3353 eius
1376 3318 1478 3344 anima
1484 3315 1550 3353 ejus
1562 3310 1598 3352 ell
1608 3337 1618 3352 ‚
1641 3318 1673 3344 in
1685 3311 1799 3344 bomine
1810 3322 1910 3346 autem
1917 3312 2053 3355 J‘ubstan-

1164 3371 1207 3396 tia
1242 3363 1379 3405 quaedam
1401 3361 1439 3402 est
1460 3367 1624 3404 incorporea
1648 3363 1682 3395 ὀ*
1702 3364 1877 3395 immortalis
1902 3374 1915 3401 ,·
1953 3370 2051 3401 quam

1166 3413 1302 3458 proinde
1326 3422 1406 3451 terra
1420 3424 1486 3451 non
1503 3411 1597 3457 poffit
1609 3411 1799 3454 producere.
1832 3412 1876 3445 Et
1889 3411 1926 3444 in
1939 3409 2048 3451 vigesi-

1568 3461 1601 3495 Y
1627 3473 1650 3504 y
1946 3468 2000 3492 ma.

2081 2838 2186 2874 Quaest.
2201 2851 2213 2869 2
2218 2849 2233 2875 3
