2352 3736
77 1284 194 1316 Tom.2.

567 149 1101 198 CONcitiuM

1173 146 1770 193 PimsiENss,

249 277 378 415 S
481 278 1326 419 LEONIS
1419 164 2084 420 NON51

275 488 1109 615 ‘CONC

617 693 1113 752 PARIS

497 828 566 864 AEc
585 828 635 863 sui
670 841 708 865 ac
728 829 866 873 Joannis
888 828 979 863 Seoti
1017 828 1131 862 iterata

327 914 330 919 ,
419 893 422 896 ’
520 879 688 914 damnatio
699 879 779 913 mire
797 879 955 912 contorsit
969 877 1132 923 Berenga-

242 951 248 958 ·
521 931 606 963 riurn
625 954 632 961 .
670 930 714 963 Et
737 929 910 973 praesertim
930 928 1022 972 quod
1059 930 1131 962 suos

519 979 744 1023 Apocrisarios
778 980 848 1012 Leo
869 977 1026 1013 Pontifex
1065 978 1130 1021 Jam

519 1028 663 1064 secunde>
683 1028 868 1072 conjecisset
894 1029 928 1062 in
949 1039 1107 1063 carcerem
1123 1053 1130 1060 .

521 1079 614 1113 Hinc
647 1081 680 1112 se
694 1079 858 1112 convertit
878 1078 919 1112 ad
946 1078 1054 1112 varios
1076 1090 1132 1122 per

250 1127 357 1161 varias
376 1127 539 1169 Epistolas
562 1153 572 1168 ,
598 1140 732 1171 quarum
755 1127 841 1163 hanc
866 1128 905 1163 ad
929 1127 1130 1163 Richardum

253 1176 397 1210 Aureliae
418 1178 587 1213 Comitem
607 1189 707 1222 nuper
728 1178 907 1221 publicavit
932 1189 1056 1223 magno
1072 1178 1129 1212 Ec-

252 1226 433 1261 clefiasticae
442 1229 637 1262 eruditionis
648 1230 849 1262 incremento
864 1228 1009 1263 eruditus
1023 1229 1129 1262 Lucas

245 1276 453 1311 Dacherius:
481 1281 565 1322 ,Quia
568 1279 662 1320 facile
673 1279 755 1312 vobis
764 1278 883 1319 faEum
906 1279 956 1321 esse
978 1289 1042 1312 cum
1053 1281 1128 1321 Rege

250 1326 329 1368 loqui
347 1338 405 1360 non
427 1326 518 1370 nescio
540 1352 551 1368 ,
577 1329 683 1362 vellem
701 1354 711 1369 ,
733 1327 761 1368 fi
788 1330 938 1362 videretur
963 1330 998 1362 Θ·
1019 1328 1123 1367 vobis,

251 1376 376 1409 verbum
396 1377 440 1409 illi
451 1380 572 1420 aliquod
588 1387 646 1420 pro
656 1390 702 1411 me
704 1378 850 1419 faceretis
859 1403 869 1418 ‚
894 1377 924 1419 fi
933 1378 1016 1419 forte
1026 1377 1123 1410 huma·

252 1431 378 1467 nitatis,
404 1427 600 1461 liberalitatis
613 1452 624 1468 ‚
648 1426 859 1471 dignitatisque
884 1431 1009 1471 Regiae,
1034 1437 1125 1469 atque

252 1474 490 1515 Christianitatis
500 1483 683 1519 reputatione
695 1502 706 1517 ,
730 1479 833 1519 aliqua
843 1483 925 1510 muni
922 1477 1042 1518 ficentia
1052 1488 1125 1509 com·

247 1524 391 1568 pensaret
400 1528 544 1561 damnum
557 1551 566 1566 ,
592 1528 671 1569 quod
681 1532 714 1559 in
725 1528 832 1559 clerico
843 1525 974 1564 Eccleliae
991 1525 1056 1568 suae
1079 1531 1123 1557 in-

243 1574 393 1615 justlffime
407 1600 418 1616 ,
442 1588 477 1609 ac
502 1581 596 1619 Regia
622 1576 774 1616 Majestate
788 1577 978 1618 indignifflme
1002 1584 1122 1608 tantum

249 1625 368 1657 intulit.
396 1628 489 1668 ,Quod
502 1625 531 1667 si
537 1626 619 1667 facit
632 1650 643 1666 ‚
668 1625 707 1658 ab
730 1626 885 1659 immodica
897 1626 982 1667 culpa
995 1649 1005 1664 ‚
1024 1623 1053 1665 fi
1066 1636 1123 1656 mo·

249 1674 317 1706 dica
326 1673 457 1717 expensa
467 1699 478 1715 ,
506 1688 564 1708 non
574 1676 719 1708 modicum
730 1674 852 1718 exsoluit
863 1700 870 1707 .
897 1677 917 1707 5
919 1680 929 1706 i
950 1684 1051 1708 autem
1063 1685 1120 1706 non

243 1723 325 1766 facit
335 1749 346 1765 ,
371 1736 418 1758 me
425 1733 525 1758 tamen
533 1726 640 1767 praeflo
651 1725 839 1757 nihilominus
850 1724 939 1756 babet
959 1731 992 1756 in
1013 1736 1044 1756 eo
1065 1735 1122 1755 uno

244 1773 361 1816 servire
377 1778 479 1818 Regiae
506 1773 655 1816 Majestati
665 1799 675 1814 ,
701 1783 734 1807 ut
757 1773 946 1817 satisfaciam
963 1772 1121 1816 secundum

248 1825 418 1866 scripturas
429 1826 473 1858 illi
485 1849 495 1864 ,
522 1826 556 1858 (9
567 1824 671 1866 quibus
685 1826 760 1857 velit
772 1849 783 1863 ‚
810 1823 983 1864 injustiffimb
996 1825 1120 1855 damna-

248 1883 313 1906 tum
321 1877 434 1907 Scotum
440 1878 473 1919 J
475 1877 597 1908 oannem
608 1898 619 1914 ,
644 1874 816 1914 injustifflme
832 1873 1021 1906 nibilominus
1036 1874 1120 1916 asser-

247 1931 312 1956 tum
324 1922 507 1965 Pascbafium
517 1930 549 1956 in
563 1925 688 1957 Concilio
703 1923 888 1965 Vercellenfi‚
911 1925 1055 1965 perverse
1084 1924 1117 1956 (¹5

247 1976 340 2017 Regio
351 1975 456 2007 auditu
466 1975 658 2018 indigmffime
667 1972 820 2017 exposuisse
832 1973 873 2006 ibi
887 1974 1015 2007 Clericos
1042 1977 1119 2005 Car·

245 2022 387 2066 nutenses
398 2046 405 2054 .
432 2025 463 2055 51·
472 2029 516 2055 ita
528 2035 575 2057 res
586 2024 653 2056 aeia
663 2024 702 2063 est
713 2048 723 2064 ‚
746 2025 886 2065 quomodo
898 2024 943 2056 ad
961 2034 1007 2056 me
1012 2031 1118 2064 perve-

246 2078 314 2113 nit,
334 2071 484 2115 sententia
505 2075 542 2106 de
563 2072 752 2112 Euchariflia
767 2097 778 2112 ,
804 2084 893 2115 quam
910 2078 943 2105 in
964 2075 1117 2115 Scriptura

247 2121 338 2155 habet
352 2121 486 2165 gloriosa·
506 2129 651 2156 memoriae
675 2123 811 2156 Fulberti
839 2121 1000 2165 Epifiopi,
1027 2134 1117 2164 quam

246 2173 371 2213 quidam
380 2171 465 2214 tpfius
478 2172 616 2216 Epiftopi
623 2172 829 2216 putantfuiffe
835 2171 1018 2215 sententiam
1031 2197 1040 2212 ,
1061 2170 1118 2214 Jea'

246 2221 285 2261 est
295 2223 384 2254 Beati
394 2222 543 2265 Augustini
556 2247 563 2254 .
590 2228 644 2256 Vae
659 2233 759 2256 autem
776 2222 934 2265 Prophetis
946 2244 957 2260 ›
981 2226 1031 2263 ‘1¹⁴²'
1047 2229 1114 2262 PVO·

243 2270 372 2313 phetam
381 2273 420 2304 de
430 2273 512 2306 corde
520 2271 573 2315 suo
586 2297 596 2312 ‚
623 2279 672 2315 qui
692 2274 793 2305 dicunt
804 2297 814 2313 ,
843 2279 914 2306 Haec
926 2272 998 2304 dicit
1019 2275 1117 2304 Domi-

246 2333 303 2353 nus
314 2343 325 2359 ,
351 2333 415 2354 cum
431 2325 575 2355 Dominus
597 2333 654 2354 non
659 2321 698 2363 fit
708 2324 817 2355 locutus
828 2344 836 2353 .
863 2324 990 2363 Propter
1014 2320 1115 2364 Asceli-

245 2382 316 2403 num
328 2372 412 2412 dico,
437 2373 515 2413 quod
534 2375 624 2405 Beati
637 2372 785 2414 Augustini
811 2371 905 2405 verba
924 2373 969 2404 ad
972 2377 1111 2413 pravita-

243 2419 359 2463 temsui
368 2429 473 2455 erroris
487 2424 654 2465 detorquere
664 2433 720 2454 non
732 2426 848 2454 timuit.
876 2422 968 2464 ‚Quod
976 2420 1007 2462 fi
1011 2430 1110 2454 autem

242 2470 295 2504 boc
313 2477 413 2504 minus
435 2471 594 2513 fidelitatis
618 2483 691 2506 meae
697 2470 857 2515 servitium
876 2475 943 2505 Rex
957 2469 1086 2515 refugiat
1098 2495 1110 2511 ,

242 2526 360 2554 noverit
369 2533 437 2564 quae
453 2520 556 2564 scribit
575 2527 719 2567 Joannes
746 2524 865 2562 status,
892 2527 1002 2554 monitu
1027 2522 1109 2554 illum

240 2570 372 2614 scripfisse
383 2596 393 2611 ,
415 2578 603 2614 precarioque
614 2573 714 2605 Caroli
724 2575 827 2614 Magni
839 2572 1024 2614 Antecessoris
1038 2570 1085 2614 sui
1096 2595 1106 2611 ‚

243 2626 295 2660 qui
305 2632 450 2662 quantum
460 2628 535 2655 circa
548 2634 593 2655 res
599 2623 747 2665 gerendas
758 2620 942 2663 perstrenuus
951 2646 961 2662 ,
988 2629 1107 2655 tantum

243 2674 322 2701 circa
347 2673 524 2713 Religionem
535 2674 678 2712 devotus,
708 2683 743 2704 ne
767 2673 980 2704 ineruditorum
1006 2682 1106 2704 carna·

243 2720 373 2759 liumque
392 2721 469 2752 illius
480 2728 618 2762 temporis
636 2723 822 2763 praevaleret
833 2727 948 2763 inepna
962 2745 972 2760 ‚
996 2722 1107 2754 erudito

243 2774 311 2801 viro
315 2770 343 2810 J
348 2775 436 2801 oanni
449 2770 491 2800 ilii
510 2770 643 2813 imposuit
651 2773 776 2814 colligere
796 2772 832 2804 de
840 2770 993 2814 firipturis
1006 2795 1015 2809 ,
1041 2782 1106 2813 quae

242 2823 386 2859 ineptiam
398 2819 479 2850 illam
490 2830 687 2854 converterent
699 2846 706 2853 .
733 2822 815 2854 Unde
833 2821 919 2862 ferat
929 2830 1036 2863 oportet
1058 2823 1106 2854 de-

235 2867 343 2909 func‘lo
350 2874 548 2909 patrocinium
558 2878 655 2902 contra
665 2871 828 2903 calumnias
841 2882 917 2904 nunc
928 2877 1107 2911 viventium,

244 2967 389 3010 magnifici
412 2969 594 3011 Antecessoris
600 2968 667 3010 sui,
695 2976 743 3010 qui
755 2976 843 3002 etiam
869 2975 945 3002 circa
962 2976 1107 3013 negotium

245 3019 499 3061 intelligendarum
514 3017 727 3060 scripturarum
748 3018 876 3061 solicitus
899 3043 909 3059 ,
936 3020 975 3051 ab
997 3022 1109 3052 erudito

244 3072 318 3099 vivo
342 3073 429 3106 viro,
454 3079 510 3100 non
535 3070 578 3100 ad
592 3068 801 3101 tenebrandum
823 3074 962 3103 veritatis
990 3069 1085 3101 lumen
1098 3094 1108 3109 ‚

243 3118 303 3148 tale
314 3124 411 3160 exegit
428 3117 607 3160 obsequium.
638 3119 734 3151 Suam
755 3117 795 3150 de
819 3117 1020 3151 Eucharistia
1042 3119 1110 3151 sen-

242 3167 378 3200 tentiam
400 3168 534 3201 affirmat
556 3167 617 3201 esse
636 3177 702 3200 non
716 3167 818 3199 solum
832 3167 934 3200 Sancti
947 3167 1108 3208 ailberti,

242 3217 297 3250 sed
319 3217 416 3251 etiarn
433 3218 539 3250 Sansti
563 3217 739 3261 Augustini
754 3241 763 3254 ,
791 3215 885 3248 illum
899 3215 916 3247 a
932 3217 1109 3251 Carnuten-

242 3266 325 3299 sibus
345 3266 501 3305 Geticis,
527 3264 614 3300 hunc
636 3267 675 3300 ab
698 3266 852 3299 Ascelino
871 3265 1052 3309 detorqueri
1075 3267 1107 3300 in

242 3316 400 3350 Paschafii
424 3316 597 3355 Haerefim,
625 3317 758 3358 Joannis
781 3315 869 3348 Scoti
889 3314 1007 3348 librum
1018 3315 1109 3350 fuisse

240 3366 321 3407 jussu
344 3365 455 3400 Caroli
478 3365 571 3399 Calvi
596 3365 696 3408 RegiS
721 3365 868 3405 editum,
894 3366 926 3399 ὅ(
953 3364 992 3398 ab
1017 3368 1108 3399 omni

240 3425 318 3450 tunc
344 3416 514 3449 Gallicana
544 3414 678 3447 Ecclefia
705 3415 875 3457 probatum
898 3440 909 3456 ‚
941 3426 1039 3461 atque
1066 3417 1109 3450 ita

339 3466 442 3505 Christ.
458 3470 533 3507 Lusa?
548 3470 633 3507 oper,
646 3467 724 3498 Tomy
739 3469 787 3498 IV.

244 2930 280 2950 ne
285 2917 318 2961 se
328 2920 414 2950 malit
426 2918 559 2951 exhibere
568 2921 718 2962 indignum
726 2919 883 2962 succefflone
908 2922 942 2954 (tt
951 2919 1021 2962 sede
1030 2922 1108 2953 illius
1120 2920 1129 3279 Ι

1179 489 1918 614 ILIUM

1186 694 1705 751 IENSE.

1193 826 1440 862 vercellensem
1461 828 1634 871 Synodum
1654 839 1723 861 non
1746 827 1853 861 solum
1873 826 1907 861 in
1925 829 2074 866 Catholi-

1191 889 1265 911 cum
1275 877 1395 922 dogma
1410 903 1421 918 ,
1446 879 1480 912 &
1495 878 1686 913 Catholicas
1697 879 1864 921 personas,
1892 878 1947 912 sed
1973 880 2072 916 etiarn

1190 927 1360 970 deliquisse
1385 929 1422 962 in
1448 929 1590 973 Regiam
1618 927 1824 971 Majestatem
1847 954 1852 959 .
1886 927 2073 966 Adversum

1190 975 1283 1013 hasce
1295 978 1470 1012 violentias
1478 979 1663 1023 expostulat
1672 990 1796 1012 novum
1805 978 1907 1013 causae
1918 990 2071 1022 examen,

1191 1029 1224 1062 ὃς
1236 1040 1275 1063 ex
1288 1028 1445 1063 Richardi
1457 1027 1836 1063 Comitisinterceffione
1862 1029 1948 1063 acin
1968 1030 2070 1064 Galli-

1191 1090 1279 1113 canae
1299 1079 1446 1113 Ecclefiae
1459 1077 1586 1113 fidelem
1601 1079 1768 1113 Clericum
1791 1078 1984 1114 Patrocinio
2006 1081 2070 1115 Re-

1189 1128 1277 1172 giam
1301 1129 1536 1173 protectionem
1559 1155 1566 1162 .
1601 1128 1644 1163 Et
1672 1128 1869 1172 postulatum
1895 1130 2069 1171 officium,

1190 1179 1288 1213 etiam
1313 1190 1387 1212 cum
1411 1180 1545 1219 effectu,
1570 1179 1694 1213 Comes
1712 1176 1897 1212 Richardus
1925 1179 2069 1214 omnino

1190 1228 1367 1272 impendit.
1394 1228 1498 1263 Lucet
1512 1241 1554 1264 ex
1566 1228 1766 1265 Theoduini
1784 1226 1969 1262 Leodienfis
1989 1230 2069 1272 Epi-

1192 1279 1273 1321 scopi
1296 1280 1335 1313 ad
1360 1279 1543 1313 Hem-icum
1567 1280 1768 1312 Francorum
1794 1279 1921 1322 Regem
1942 1280 2066 1313 famosa

1194 1328 1354 1371 Epistola:
1381 1332 1481 1362 Fama
1499 1327 1649 1372 supremos
1673 1328 1782 1361 Galliae
1798 1328 2068 1373 finespt'aetergres2

1188 1377 1245 1419 sa,
1270 1386 1363 1411 totam
1390 1382 1582 1412 Germaniam
1603 1374 1737 1422 pervafit
1760 1402 1771 1418 ‚
1789 1379 1914 1420 jamque
1938 1385 2068 1412 omnium

1190 1428 1312 1462 nostrum
1331 1429 1459 1468 replevit
1478 1440 1566 1461 aures
1578 1453 1588 1468 ,
1613 1429 1741 1469 qualiter
1752 1429 1857 1460 Bruno
1868 1429 2067 1472 Andegaven-

1183 1476 1221 1516 lis
1241 1476 1405 1520 Epifiopus
1419 1502 1429 1517 ‚
1457 1483 1528 1510 item
1542 1479 1744 1520 Berengarius
1764 1476 1937 1517 Turonensis
1950 1503 1961 1518 ‚
1987 1484 2069 1512 anti-

1186 1537 1260 1566 quas
1283 1525 1407 1568 haereses
1421 1528 1570 1560 modernis
1585 1526 1763 1568 temporibus
1790 1527 2000 1561 introducendo
2011 1529 2067 1560 ad-

1179 1574 1297 1613 struant
1314 1579 1429 1617 Corpus
1451 1579 1572 1609 Domini
1583 1588 1640 1609 non
1665 1585 1730 1609 tam
1748 1579 1864 1618 Corpus
1875 1577 1924 1619 effe
1936 1602 1946 1618 ‚
1973 1580 2065 1620 qucim

1184 1626 1319 1658 umbram
1346 1624 1536 1669 &figuram.
1563 1628 1648 1670 ‚Quos
1671 1625 1717 1658 ad
1724 1627 1933 1660 revincendum
1960 1629 1995 1662 <St
2010 1636 2068 1670 pu-

1185 1675 1256 1707 blice
1281 1674 1493 1715 confutandum
1514 1700 1525 1716 ,
1549 1687 1580 1709 eo
1606 1677 1665 1708 zelo
1686 1699 1697 1714 ,
1721 1686 1808 1717 eoque
1826 1676 1952 1716 fervore
1973 1700 1985 1717 ‚
2009 1690 2068 1720 quo

1167 1708 1253 1767 ¹erga
1274 1722 1414 1766 sanilam
1433 1724 1588 1766 Ecclesiam
1613 1726 1726 1758 divina
1753 1723 1946 1768 inspiratione
1967 1727 2065 1769 pluri-

1184 1785 1263 1807 mum
1270 1772 1385 1816 semper
1399 1775 1512 1809 ardetis
1523 1798 1534 1814 ‚
1558 1777 1648 1816 ajunt
1657 1787 1711 1808 vos
1725 1775 1886 1808 Concilium
1898 1777 2064 1820 advocasse,

1183 1825 1233 1857 ubi
1244 1826 1363 1858 tandem
1389 1826 1466 1859 illud
1486 1831 1575 1858 totius
1596 1825 1754 1866 nobiltfflmi
1778 1824 1869 1864 vestri
1894 1829 1989 1869 Regni
2010 1826 2063 1861 boc

1183 1880 1272 1907 nimis
1300 1883 1384 1917 turpe
1396 1876 1584 1917 opprobrium
1608 1877 1647 1909 de
1658 1877 1753 1908 medio
1768 1874 1939 1916 auferatis,
1970 1877 2004 1910 (θ’
2028 1883 2063 1910 in

1183 1932 1348 1966 aeternum,
1369 1924 1467 1967 fifieri
1477 1925 1590 1967 potest,
1616 1925 1654 1957 ab
1673 1923 1740 1967 ipsa
1760 1931 1889 1958 omnium
1910 1925 2061 1961 bominum

1182 1978 1323 2007 memoria
1348 1975 1485 2009 deleatis.
1513 1979 1539 2007 Ο
1561 1980 1618 2017 pia
1640 1976 1782 2008 voluntas
1796 1998 1805 2014 ,
1838 1976 1873 2008 (a
1898 1986 1968 2008 vero
1979 1980 2060 2021 Rege

1181 2024 1362 2068 digntffima.
1391 2028 1471 2069 ‚Quae
1486 2030 1603 2060 utinam
1614 2022 1745 2064 effelium
1768 2023 1876 2058 babere
1892 2026 1974 2066 poffit
1988 2049 1999 2065 ,
2024 2034 2059 2060 ue

1180 2081 1212 2107 in
1228 2083 1313 2107 tanto
1322 2071 1471 2118 sacrilegio
1493 2075 1640 2111 convictos
1652 2099 1663 2115 ,
1689 2075 1769 2118 quod
1787 2075 1862 2107 certe
1872 2074 2058 2116 facillimum

1180 2124 1217 2164 est
1227 2147 1238 2162 ,
1262 2122 1368 2166 absque
1379 2126 1440 2158 ulla
1453 2126 1594 2159 dilatione
1608 2124 1711 2157 debita
1722 2125 1791 2156 ultio
1817 2122 2036 2166 consequeretur
2047 2150 2055 2159 .

1180 2175 1241 2208 Sed
1259 2172 1448 2217 desperamus
1473 2176 1508 2206 id
1528 2174 1594 2216 fieri
1616 2174 1690 2217 posse
1698 2198 1709 2214 ,
1735 2184 1799 2207 cum
1820 2175 1924 2207 Bruno
1948 2175 2056 2216 existat

1179 2221 1364 2266 Episcopus:
1392 2222 1567 2266 Episcopum
1577 2233 1677 2258 autem
1688 2235 1746 2256 non
1756 2231 1868 2266 oportet
1890 2225 2057 2260 damnatio-

1180 2279 1225 2306 nis
1243 2271 1340 2316 subire
1352 2272 1532 2316 sententiam
1547 2282 1661 2316 praeter
1687 2273 1873 2316 Apostolieam
1898 2274 2056 2309 aut‘lorita-

1178 2333 1237 2357 tem
1253 2347 1260 2355 .
1287 2328 1381 2367 Igitur
1402 2335 1522 2363 omnes,
1546 2330 1715 2366 quicumque
1734 2322 1837 2367 sumus
1858 2322 1917 2364 filii
1938 2328 2052 2359 Matris

1178 2371 1311 2415 Ecclefiae
1327 2399 1337 2415 ,
1362 2378 1394 2406 in
1404 2381 1534 2408 maximo
1545 2375 1638 2409 dolore
1643 2373 1729 2416 positi
1734 2372 1838 2416 fiemus
1853 2399 1860 2404 .
1888 2378 1974 2407 Nam
1982 2377 2053 2417 plu-

1175 2425 1282 2456 rimum
1302 2434 1439 2458 veremur
1452 2448 1462 2462 ‚
1483 2423 1514 2467 fi
1531 2424 1591 2457 illis
1614 2422 1786 2466 miserrimis
1811 2425 2051 2465 &perditiffimis

1176 2480 1253 2507 viris
1266 2474 1419 2507 audientia
1424 2472 1522 2517 sant‘li
1533 2475 1655 2507 Concilii
1667 2498 1677 2514 ,
1697 2472 1769 2515 ficut
1780 2473 1836 2515 ipſs
1842 2475 1879 2507 de
1893 2482 1986 2516 poena
2004 2474 2051 2517 se-

1174 2530 1235 2557 curi
1243 2522 1412 2565 postulant,
1433 2529 1647 2566 permittatur,
1672 2534 1737 2556 cum
1747 2525 1783 2556 de
1795 2532 1886 2557 tanta
1905 2522 2050 2567 praeficm-

1170 2579 1272 2615 ptione
1292 2573 1417 2606 revielos
1433 2578 1537 2615 puniri
1554 2575 1675 2606 minime
1695 2575 1868 2606 concedatur
1882 2598 1893 2614 ,
1913 2575 2049 2618 graviffi-

1173 2635 1222 2656 ma
1237 2621 1383 2666 scandala
1408 2628 1440 2656 in
1465 2629 1594 2657 omnium
1602 2623 1735 2665 fidelium
1756 2625 1862 2665 populo
1883 2629 2042 2667 generari.

1174 2675 1261 2706 Certe
1273 2685 1344 2715 quos
1355 2673 1500 2706 videbunt
1512 2679 1689 2715 impunitos,
1720 2675 1754 2706 (9⁴
1767 2684 1954 2715 nequaquam
1963 2676 1982 2705 ἂ
1997 2671 2047 2715 sui

1169 2724 1285 2766 gradus
1305 2722 1408 2755 honore
1433 2722 1581 2765 dejectos,
1606 2721 1720 2765 eosdem
1736 2722 1885 2764 putabunt
1905 2723 1943 2755 ab
1968 2729 2046 2755 omni

1172 2773 1299 2805 Concilio
1326 2782 1379 2806 aut
1400 2778 1481 2805 vinci
1497 2783 1554 2805 non
1561 2773 1682 2816 potuisse
1693 2797 1703 2812 ,
1729 2781 1782 2805 aut
1785 2772 1958 2814 justificatos
1970 2773 2021 2814 effe
2034 2785 2042 2804 :

1173 2831 1316 2865 eruntque
1346 2845 1356 2861 ,
1380 2831 1412 2854 ut
1433 2827 1477 2854 ita
1497 2823 1613 2864 dicam,
1641 2823 1790 2862 novifflma
1812 2824 1917 2864 pejora
1938 2827 2044 2862 priori-

1178 2874 1230 2905 bus
1248 2897 1255 2904 .
1284 2875 1366 2916 Ergo
1378 2871 1564 2912 Majestatem
1574 2881 1656 2907 tuam
1668 2883 1765 2905 omnes
1784 2881 1936 2904 exoratam
1956 2872 2044 2906 velle-

1169 2935 1234 2956 mus
1247 2947 1256 2962 ,
1286 2930 1318 2955 ut
1337 2929 1458 2954 interim
1479 2923 1592 2956 illorum
1613 2928 1737 2963 impiam
1754 2946 1765 2962 ,
1789 2920 1983 2966 sacrilegam,
2007 2923 2042 2956 (9·

1171 2972 1319 3013 nefariam
1339 2972 1518 3014 assertionem
1549 2974 1653 3006 audire
1679 2977 1897 3005 contemneretis
1917 2994 1928 3011 ‚
1953 2973 2042 3005 donec

1170 3031 1287 3062 accepta
1299 3025 1442 3054 Romana·
1469 3023 1552 3054 Sedis
1562 3023 1718 3055 audientia
1731 3022 1901 3053 damnandi
1918 3021 2041 3062 potesta-

1170 3080 1227 3104 tem
1247 3071 1414 3102 haberetis.
1448 3072 1641 3113 ,Quamquam
1663 3068 1831 3113 hujusmodi
1840 3070 1970 3104 homines
1991 3082 2039 3104 ne-

1171 3132 1320 3163 quaquam
1346 3128 1474 3160 oporteat
1486 3121 1587 3153 audiri
1602 3144 1614 3160 ,
1639 3130 1727 3161 neque
1745 3130 1809 3154 tam
1834 3120 1872 3160 est
1893 3129 1950 3162 pro
1975 3123 2038 3154 illis

1171 3171 1331 3203 Concilium
1352 3170 1559 3202 advocandum
1571 3193 1582 3210 ,
1609 3172 1699 3211 quam
1719 3171 1756 3203 de
1767 3170 1883 3203 illorum
1897 3169 2039 3213 supplicio

1169 3220 1403 3262 exquirendum.
1430 3222 1509 3251 Tunc
1528 3224 1636 3260 quippe
1648 3225 1788 3255 Haeretici
1811 3221 1953 3254 audiendi
1971 3221 2038 3262 fue-

1171 3279 1241 3303 runt
1265 3294 1275 3309 ,
1300 3269 1417 3310 quando
1439 3267 1571 3312 Haereses
1597 3267 1690 3311 ipsae,
1716 3270 1748 3302 ἐν
1768 3267 1933 3313 hujusmodi
1958 3282 2037 3313 quae-

1163 3319 1265 3357 stiones
1291 3343 1301 3358 ‚
1327 3327 1425 3360 utpote
1452 3329 1518 3360 quae
1553 3320 1681 3352 nondum
1706 3320 1748 3351 ad
1765 3330 1888 3363 unguem
1908 3319 2037 3364 discussa

1162 3369 1285 3411 fuiffent
1323 3392 1333 3407 ,
1363 3374 1398 3400 in
1429 3369 1550 3401 dubium
1590 3375 1692 3402 venire
1711 3377 1870 3411 potuerunt
1891 3394 1901 3409 ,
1927 3377 1959 3400 ut
1979 3376 2036 3407 per

1170 3418 1342 3462 congreffum
1363 3425 1531 3452 certaminis
1552 3418 1732 3460 patesceret,
1758 3429 1827 3454 utra
1847 3427 1922 3461 pars
1942 3416 2036 3454 staret

1589 3467 1670 3505 Kk
1720 3480 1743 3505 2
1933 3472 1989 3508 pro
