2352 3736
306 242 377 278 euti
391 244 465 276 sunt
477 264 488 280 ‚
499 236 551 272 sed
562 247 632 270 non
645 233 775 280 penitus
786 243 973 273 tacuerunt.
1005 233 1083 267 Hoc
1094 233 1184 267 enim

307 290 450 328 omnino
472 281 517 321 est
530 311 541 328 ‚
567 287 609 321 de
619 297 686 330 quo
700 287 834 324 dicunt:
864 282 943 325 Mifit
956 286 1103 321 Dominus
1114 285 1186 323 duos

306 338 490 382 ἱρή-φαίη
502 360 512 376 ,
538 338 573 371 (tr
583 343 775 379 paraverunt
788 330 921 375 Paftba.
951 333 1004 373 De
1014 333 1186 376 instituen-

305 391 352 427 ,ἀπ
362 384 572 425 Eucharistiae
582 395 731 430 paratura
745 383 908 426 Discipuli
922 391 1003 417 tunc
1026 393 1088 419 nec
1099 384 1185 432 cogi·

304 448 413 472 tarunt
434 462 442 470 .
482 435 632 473 Alteram
659 433 799 468 Coenam
824 432 891 477 jam
916 432 1013 468 nobis
1040 433 1184 471 laudavit

302 485 596 531 Theopbylactus‚
622 483 711 518 &de
735 484 792 518 illa
815 483 901 519 dixit
921 483 1112 519 Dominus:
1139 488 1187 518 Et

300 535 363 580 ipfi’
373 537 458 572 vobtr
477 532 686 578 demonstrabit
696 534 885 569 coenaculum
901 536 1020 578 grande
1032 533 1160 574 stratum
1174 560 1181 568 .

298 587 443 622 Stratum
466 585 683 619 Coenaculum
710 596 778 619 non
804 585 845 618 ad
865 584 1018 620 standum
1042 584 1078 619 in
1092 584 1184 630 Agni

298 637 353 671 esu
372 660 384 677 ,
412 635 465 676 sed
485 635 526 671 ad
553 635 699 679 sequenti
730 635 767 673 in
789 635 967 670 refectione
992 634 1184 670 recumben-

297 686 376 720 dum
390 710 397 718 .
426 685 495 720 Hic
516 687 607 721 enim
630 696 698 720 erat
718 685 902 729 Judaeorum
924 685 1058 724 festivu's
1086 696 1184 728 mos,

297 747 398 781 quem
409 736 580 776 Dominus
600 735 696 770 duxit
708 737 743 770 in
756 736 851 771 nullo
873 736 1052 776 laedendum
1066 760 1073 767 .
1100 735 1183 769 Ter÷

295 787 379 822 tiam
403 787 545 822 Coenam
568 786 665 821 nobis
686 787 789 829 aperit
810 787 947 826 sanstus
971 786 1181 831 Evangelista

120 838 194 877 Cap.
213 843 256 882 ,13-
295 836 457 881 Ioannes:
484 840 531 871 Et
553 841 648 870 Coena
665 836 777 880 falla,
801 837 868 876 ciem
890 835 1033 873 ¹Diabolur
1041 839 1113 878 jam
1128 842 1183 868 mt-

287 882 365 930 Jt'ffet
385 891 418 920 in
438 899 508 928 cor,
533 895 567 920 ut
585 888 718 921 traderet
740 898 808 920 eum
826 888 859 931 J
862 887 941 919 udas
967 888 1095 926 simonls
1106 885 1179 930 Isca·

287 931 384 971 'riores
395 961 405 977 ,
426 936 524 982 fingit
538 940 558 970 ἃ
569 942 664 970 Coena
678 961 688 976 ‚
715 938 843 979 &pontt
854 935 1028 976 vestimenta
1039 934 1097 980 sua
1108 961 1119 977 ,
1146 938 1180 977 ψ

292 992 383 1030 coepit
400 989 509 1021 lavare
524 985 619 1029 pedes
644 984 859 1030 Difttpulorum
881 1011 888 1018 .
917 985 1022 1021 Nulla
1047 987 1082 1020 in
1105 995 1179 1021 toto

290 1047 448 1072 terrarum
469 1037 549 1072 orbe
573 1036 686 1071 semita
708 1036 754 1071 est
767 1035 851 1072 adeo
861 1035 985 1079 munda
1000 1061 1011 1077 ‚
1037 1037 1073 1070 in
1091 1047 1155 1080 qua
1167 1062 1178 1078 ,

290 1088 368 1122 licet
381 1099 449 1121 non
476 1088 569 1128 luto,
597 1097 709 1127 tamen
730 1085 920 1130 pulveribus
947 1098 1016 1124 non
1038 1087 1179 1121 macule·

288 1148 364 1176 mus
381 1137 498 1182 pedes:
525 1137 574 1172 Ita
597 1138 742 1173 &nemo
754 1137 857 1181 justus
869 1137 915 1171 est
938 1134 995 1171 hic
1004 1137 1145 1171 mundus
1159 1136 1177 1170 ὲ

288 1190 432 1231 peccatis
445 1188 624 1229 venialibus
638 1211 646 1227 ,
672 1189 717 1223 Et
728 1188 806 1233 quia
829 1186 1036 1231 percipienda
1048 1186 1178 1227 Eucha-

287 1233 379 1272 'ristia
389 1240 487 1273 etiarn
501 1238 543 1273 ab
554 1238 605 1279 his
616 1247 712 1282 optat
724 1235 785 1273 nos
795 1237 859 1279 effe
872 1247 1027 1282 purgatos
1038 1261 1049 1277 ‚
1073 1237 1177 1282 ipsam

288 1288 495 1323 instituturus
518 1288 553 1324 &
566 1289 700 1323 daturus
709 1288 877 1323 Dominus
903 1288 982 1322 lavit
994 1288 1175 1332 Discipulis

288 1338 388 1382 pedes
402 1364 409 1371 .
436 1339 498 1372 Ista
510 1340 595 1373 lotio
606 1349 675 1373 erat
690 1349 759 1372 non
778 1339 845 1373 sola
857 1336 898 1372 ad
910 1338 1057 1374 nostrum
1068 1348 1176 1373 exem-

287 1389 380 1431 plum
401 1389 593 1430 humilitas,
616 1389 669 1424 sed
693 1390 896 1434 &magnum
909 1388 1171 1427 Sacramentum.

285 1438 401 1484 Pergit
434 1435 646 1484 Eva‘ngelista
668 1451 676 1472 :
708 1438 866 1480 Postquam
888 1450 953 1482 ergo
973 1440 1058 1485 (avit
1076 1439 1174 1480 pedes

285 1500 409 1529 eorum,
435 1489 498 1522 cam
519 1488 689 1532 recubuiffet
702 1514 712 1530 ‚
738 1494 846 1524 iterum
867 1490 950 1521 dixit
971 1495 1015 1522 ets
1036 1512 1044 1519 .
1072 1487 1117 1523 Et
1138 1489 1172 1522 in

285 1537 352 1573 hoc
375 1537 518 1574 secundo
536 1538 688 1577 recubitu
711 1549 749 1572 ac
780 1538 876 1573 tertia
900 1538 1008 1572 Coena
1030 1538 1173 1572 instituit

284 1587 529 1623 Eucharistiam
540 1614 548 1622 .
579 1589 673 1636 Qas
686 1597 802 1622 omnes
821 1597 884 1622 tres
896 1588 1016 1622 Coenas
1026 1587 1173 1622 disserere

283 1638 331 1673 est
354 1650 404 1673 res
427 1641 550 1685 longa,
576 1639 611 1672 &
625 1651 694 1673 non
717 1637 815 1680 hujus
837 1637 902 1671 loci
925 1662 933 1669 .
963 1637 1068 1684 Qod
1090 1638 1173 1680 ipsas

284 1689 419 1722 interim
443 1688 612 1723 tradiderit
634 1689 734 1722 etiarn
758 1687 892 1720 Sanetus
908 1687 1053 1734 Joannes
1067 1684 1173 1728 Chry-

282 1739 446 1772 sostotnus
468 1764 478 1780 ‚
505 1737 706 1772 demonstrat
740 1735 775 1769 in
799 1734 984 1769 Florentini
1022 1734 1170 1769 Concilii

282 1788 454 1833 Apologia
477 1787 672 1823 Gennadius
690 1786 852 1820 secundus
873 1783 1061 1819 Patriarcha
1081 1785 1172 1819 Con-

281 1838 601 1882 stantinopolitanus
625 1862 632 1870 .
661 1837 773 1871 Etiam
799 1833 930 1870 laudata
957 1834 1172 1878 Theophyla-

280 1889 325 1922 ἃί
353 1886 603 1926 Commentaria
623 1899 692 1925 non
718 1887 791 1926 sunt
817 1884 877 1919 nifi
901 1886 1010 1920 Sancti
1033 1885 1171 1928 Joannis

281 1936 514 1981 Chrysostomi
525 1934 724 1981 compendia
734 1962 743 1974 ,
1035 1933 1039 1935 ’

334 1988 437 2035 Qod
449 1989 565 2032 quinta
576 1987 763 2033 septimanae
777 1984 855 2020 feria
869 1985 911 2020 ad
926 1986 1090 2029 vesperam
1101 1986 1171 2020 Doe

277 2037 390 2072 minus
409 2037 465 2072 has
478 2038 600 2073 Coenas
625 2037 756 2078 fecerit,
784 2037 917 2071 &sexta
939 2036 1019 2071 feria
1040 2047 1100 2080 pro
1114 2045 1170 2069 no·

281 2088 332 2122 bis
354 2089 391 2123 fit
414 2088 591 2123 crucifixus
611 2088 644 2122 δε
668 2097 816 2121 mortuus
836 2111 846 2127 ‚
873 2096 1000 2120 certum
1025 2086 1071 2120 est
1082 2086 1166 2130 apud

277 2150 398 2173 omnes
408 2138 615 2178 Christianos
627 2164 635 2176 ‚
663 2137 791 2173 Verum
802 2148 844 2171 an
854 2136 970 2171 eadem
983 2136 1112 2180 vespera
1123 2145 1169 2170 et-

279 2189 344 2223 iam
356 2189 455 2232 Judaei
478 2190 615 2225 fecerint
641 2189 736 2223 suum
748 2186 872 2221 Pascha
886 2211 898 2228 ‚
923 2186 969 2221 est
991 2186 1088 2223 valde
1100 2197 1167 2220 am·

276 2238 418 2285 biguum
439 2252 477 2274 ac
498 2241 708 2275 intricatum.
737 2238 787 2272 Ea
807 2238 850 2272 de
869 2248 903 2271 re
926 2236 1038 2271 scribit
1059 2238 1093 2271 in
1105 2237 1167 2270 suis

276 2291 377 2334 super
411 2291 568 2330 sanetum
605 2289 803 2324 Matthaeum
843 2287 1009 2322 Homiliis
1034 2287 1168 2325 Sanctus,

100 2360 193 2391 Hom·
214 2360 265 2396 33·
277 2339 422 2389 Joannes
433 2338 708 2385 Chrysostomus:
736 2337 805 2382 Ipsa
824 2337 904 2371 nolle
918 2363 929 2379 ,
954 2342 1058 2380 inqua
1079 2348 1166 2371 come-

102 2390 105 2393 *
215 2387 220 2393 “
257 2390 260 2393 ’
279 2391 392 2424 derant
403 2390 540 2435 Pascha,
566 2400 655 2428 tanta
667 2388 787 2433 insania
809 2387 1055 2430 &tantofurore
1068 2394 1166 2432 agita-

279 2441 389 2476 bantur
401 2468 408 2474 .
437 2442 521 2488 Agit
530 2441 571 2476 de
584 2441 698 2485 Judaeis
710 2438 879 2475 Christum
901 2438 1088 2473 Dominum
1115 2450 1164 2471 ca-

279 2489 496 2534 privantibus.
525 2491 653 2530 Lucide
677 2489 823 2523 adfirmat
837 2490 921 2532 ipsos
941 2498 1021 2522 tunc
1042 2487 1163 2522 Pascha

276 2541 454 2576 celebrasse
466 2565 473 2572 .
501 2539 549 2573 At
561 2542 637 2573 vero
658 2540 694 2572 in
705 2540 768 2573 alia
786 2538 910 2573 ibidem
925 2538 1080 2572 Homilia
1096 2537 1164 2571 haec

106 2590 194 2620 Hom·
213 2591 261 2623 86-
276 2589 397 2629 habet:
429 2594 491 2623 Cur
505 2590 660 2633 JESUM
682 2590 727 2621 ad
735 2586 890 2631 Caypham
915 2588 1089 2627 duxerunt,
1114 2587 1164 2624 ubi

276 2650 378 2674 omnes
397 2649 484 2674 erant
505 2640 699 2691 congregati?
728 2643 767 2671 Ut
779 2649 816 2671 ex
831 2635 1006 2688 Pontificum
1013 2635 1164 2683 sententia

274 2691 411 2740 facerent
433 2696 554 2726 omnia.
584 2691 693 2723 Idcirco
715 2689 759 2721 ad
766 2699 830 2721 eum
851 2699 949 2720 omnes
964 2692 1163 2727 conveniunt,

285 2749 335 2775 ‘vui
355 2742 403 2774 illo
414 2752 493 2774 anno
507 2738 657 2783 summum
685 2738 893 2781 Pontificatum
914 2736 1086 2778 obtinebat,
1113 2737 1164 2773 ubi

298 2792 491 2826 ernoc‘larunt
513 2791 682 2835 vigilantes
704 2814 715 2830 ,
740 2789 812 2821 adea
834 2796 867 2820 ut
886 2785 1001 2830 Pascha
1021 2799 1058 2820 ea
1084 2787 1164 2820 noete

298 2843 425 2876 medere
434 2841 625 2888 neglexerint.
632 2839 777 2877 Adducit
789 2839 896 2873 Sancti
909 2837 1046 2881 Joannis
1056 2837 1164 2870 Evan-

284 2892 402 2936 gelistae
415 2890 507 2927 verba
518 2903 531 2933 3
551 2894 597 2924 Et
605 2889 660 2933 ipſs
666 2901 723 2923 non
742 2891 919 2929 introjerunt
929 2894 962 2919 tn
973 2889 1159 2927 Praetortum,

296 2950 317 2973 ·t
338 2954 397 2976 non
412 2947 687 2979 contaminarentur
701 2964 712 2980 ‚
734 2937 791 2982 sed
808 2946 842 2971 ut
862 2938 1077 2973 manducarent
1099 2939 1161 2977 Pa,-

296 2989 352 3023 'cha
363 3017 372 3031 ‚
384 2993 417 3026 &
431 2992 652 3036 prosequitur:
679 2991 762 3023 Unde
772 2989 884 3031 ltquido
890 2995 979 3033 patet
996 2986 1161 3029 cupiditate

286 3040 658 3083 mterficlendichrtstum,
682 3045 901 3083 pravaricatos
914 3037 1003 3085 fusffi'
1016 3061 1027 3080 ‚
1051 3048 1087 3070 ac
1096 3038 1159 3070 alta

285 3089 334 3121 die
346 3089 459 3132 Pascha
472 3092 622 3137 comediffe.
649 3095 723 3124 Non
734 3095 812 3124 enim
822 3087 956 3129 Christus
968 3095 1086 3129 tempus
1100 3090 1159 3123 Pa-

282 3135 362 3180 fibae
383 3140 572 3184 transgressus
595 3141 656 3182 esi,
677 3139 738 3185 sed
755 3141 798 3174 illl
820 3139 997 3179 audaclfflmt
1007 3137 1158 3177 homines,

287 3188 321 3221 <tt
330 3188 409 3220 mille
418 3185 665 3237 transgredientes
674 3192 750 3235 legis
758 3197 911 3233 praecepta
922 3213 933 3228 ‚
957 3194 1099 3231 quoniam
1112 3193 1158 3223 tra

286 3236 576 3282 inflammaverunt,
597 3243 634 3277 ΕΘ
645 3240 728 3285 saepl?
743 3245 841 3278 conati
850 3247 953 3281 capere
969 3236 1067 3281 ipsum
1078 3262 1088 3278 ,
1115 3242 1159 3270 ni-

283 3281 334 3320 hil
348 3294 450 3330 capere
466 3294 623 3328 potuerant
635 3313 645 3328 ,
670 3302 707 3324 ex
718 3290 865 3333 insperato
885 3289 1055 3331 nalliquod
1065 3293 1160 3330 cupies-

287 3336 363 3370 bant
375 3361 387 3378 ,
410 3344 525 3379 tempus
538 3336 663 3383 Pascbae
683 3339 922 3382 transposuerunt
934 3363 945 3379 ,
971 3348 1004 3372 ut
1017 3341 1157 3372 ardentes

285 3385 488 3433 caede‘cinnnos
496 3384 563 3429 suos
573 3385 740 3426 explerent.
769 3389 932 3423 Adfirmat
954 3386 1158 3433 hocliquidd

284 3447 396 3486 patere
414 3461 424 3471 ,
451 3434 574 3475 Eadem
597 3434 706 3471 sancti
727 3435 862 3482 Joannis
888 3437 980 3474 ,verba
996 3440 1106 3476 laudat
1124 3445 1161 3475 tn
1204 3440 1306 3472 lntam
1324 3439 1476 3474 interdum
1489 3434 1563 3484 fest?
1577 3435 1757 3479 princtptum
1774 3442 1828 3471 aut
1841 3431 1914 3475 finis

1231 1583 1287 1627 sed
1299 1596 1332 1619 ut
1354 1589 1570 1620 manducarent
1593 1585 1711 1629 Pascha
1724 1612 1731 1619 .

909 147 1546 201 D1ssnttTAT10

1243 232 1307 282 ficis
1324 231 1414 277 super
1436 231 1534 276 ipfius
1545 231 1764 282 Evangelium
1784 234 1968 279 Homissis,
1992 248 2032 273 ac
2059 235 2130 281 per}-

1246 284 1313 328 git:
1343 284 1404 316 sed
1411 284 1489 326 quid
1499 281 1648 326 fignificat
1659 306 1670 322 ‚
1696 291 1729 316 ut
1751 285 1966 321 manducarent
1979 286 2098 332 Pascha
2110 288 2126 320 ἓ

1247 338 1335 375 Atqui
1358 333 1494 376 JESUS
1509 335 1580 374 Jam
1602 334 1638 366 td
1648 332 1765 374 fecerat
1786 345 1846 367 una
1867 335 1915 366 die
1935 333 2103 374 azymorum
2116 364 2125 374 ‚

1244 385 1315 417 sive
1337 394 1405 427 ergo
1418 379 1533 426 Pascha
1552 378 1650 417 totam‘
1658 383 1792 425 appellat
1800 381 2019 426 solemnitatem
2030 409 2042 427 ‚
2060 387 2126 428 five

1244 434 1323 476 quod
1341 441 1410 466 tunc
1425 433 1604 475 faciebant.
1631 433 1767 474 Christus
1791 442 1893 467 autem
1908 435 2022 476 pridie*-
2037 459 2049 475 ‚
2073 447 2128 472 cas

1244 480 1312 517 dem
1317 481 1407 526 suam
1424 489 1455 517 in
1467 483 1635 530 Parasiseve
1646 482 1807 528 reservans
1820 507 1833 525 ,
1856 485 1978 533 quando
1994 489 2128 528 antiqu&

1241 534 1290 572 ,tias
1300 533 1478 571 celebratum
1487 544 1575 572 erat.
2068 531 2071 533 ¹
2118 558 2121 560 -

2145 314 2231 350 Hom·
2241 318 2286 346 82·

1293 582 1396 631 Qod
1421 584 1591 625 Dominus
1610 584 1691 619 feria
1712 584 1829 630 quinta
1852 609 1864 626 ‚
1889 583 1990 629 Judaei
2014 595 2126 621 autem

1242 633 1322 676 feria
1334 636 1421 669 sexta
1433 633 1473 669 ad
1483 635 1646 679 vesperam
1658 635 1888 671 celebraverint
1901 634 2128 676 Pascha‚vid0-

1243 694 1296 718 tur
1316 684 1543 726 manifestum.
1572 685 1706 721 Etenim
1729 685 1816 730 apud
1843 684 2041 724 Matthaeum
2051 688 2126 726 Do-

1243 733 1351 770 minus
1361 735 1403 771 ad
1415 735 1604 779 Discipulos
1613 734 1699 776 dixit
1709 736 1788 772 feria
1800 746 1913 783 quarta
1925 750 1938 772 .-
1948 739 2036 771 Scitis
2052 741 2125 780 quia
2142 738 2271 778 Cap-26.

1235 784 1299 826 pos}
1319 785 1442 820 biduum
1466 784 1584 830 Pascha
1602 787 1675 828 fiet.
1703 785 1838 831 Utique
1857 788 1875 822 a
1889 787 2024 832 Judaeis.
2051 788 2124 832 Ipse

1239 835 1329 870 enim
1349 836 1432 876 illud
1449 836 1504 870 die
1526 837 1680 880 proximo
1697 837 1794 871 fecit.
1823 837 1868 875 Et
1879 835 1923 873 de
1943 838 2014 883 ipso
2026 837 2124 874 truci-

1239 884 1350 926 dando
1369 886 1620 930 Judaeidicunt:
1649 891 1722 920 Non
1744 892 1778 920 tn
1789 888 1838 921 dte
1853 886 1952 929 festo,
1980 900 2019 922 ne
2036 887 2123 930 forte

1239 931 1384 969 tumultur
1392 936 1480 978 fieret
1491 942 1526 970 in
1532 937 1654 980 populo.
1682 936 1901 979 Concludunt
1921 938 2006 972 istud
2018 949 2099 982 opus
2110 962 2125 979 ,

1240 985 1326 1030 quod
1340 985 1417 1019 feria
1430 987 1517 1020 sexta
1534 987 1680 1021 fecerunt
1693 1010 1705 1027 ,
1731 985 1905 1022 antediem
1930 987 2046 1022 festum
2056 988 2123 1022 effe

1239 1035 1475 1079 complendum
1497 1059 1506 1067 .
1534 1035 1662 1070 Eodem
1690 1036 1792 1072 modo
1816 1036 1962 1081 loquitur
1981 1039 2119 1073 Sanctus

1237 1084 1371 1119 Marcus
1398 1097 1406 1118 t
1433 1088 1518 1118 Erat
1541 1095 1640 1119 autem
1663 1085 1778 1128 Pascha
1813 1088 1849 1120 (9
1865 1092 1971 1126 azyma
1990 1088 2054 1131 post
2075 1087 2119 1121 bt·
2135 1118 2162 1149 C

1238 1136 1345 1169 duum.
1373 1136 1416 1170 Et
1427 1135 1567 1170 iterum:
1595 1139 1746 1178 Etprtmo
1757 1136 2000 1183 drepzymomm,
2026 1149 2122 1181 quana
2139 1148 2142 1151 ·
2163 1126 2208 1158 η’
2228 1127 2275 1155 ¹4’

1237 1187 1274 1218 do
1299 1184 1417 1229 Pascha
1438 1186 1656 1226 immolabant,
1682 1186 1788 1222 dicunt
1807 1185 2010 1230 etDifttpuli.
2037 1186 2121 1222 Ver·

1238 1236 1279 1277 ba
1292 1259 1303 1276 ,
1331 1237 1462 1280 ,Quando
1473 1235 1590 1280 Pascha
1611 1237 1827 1277 immolabant,
1854 1237 1979 1284 exponi
1996 1236 2121 1272 debent

1237 1298 1277 1320 ex
1287 1285 1497 1330 jamlaudato
1509 1287 1614 1321 Sancti
1629 1287 1765 1330 Joannis
1778 1285 2007 1334 Chrysostomi
2019 1287 2125 1322 Com-

1238 1336 1399 1371 mentario
1410 1350 1421 1370 :
1432 1338 1566 1383 ,Quando
1577 1337 1742 1384 antiquitas
1751 1336 1929 1371 celebratum
1939 1346 2014 1371 erat.
2037 1337 2121 1372 Hoc

1237 1386 1282 1421 est
1296 1410 1307 1427 ,
1333 1385 1468 1431 quando
1489 1398 1532 1420 ex
1554 1386 1636 1432 legis
1658 1387 1837 1431 praescripto
1856 1397 1925 1421 erat
1946 1387 2121 1422 immolam

1238 1436 1317 1471 dum
1332 1462 1340 1470 .
1365 1438 1409 1475 Et
1422 1437 1463 1472 de
1475 1436 1591 1481 Judaeis
1604 1437 1644 1471 ad
1658 1438 1781 1472 sextam
1795 1438 1908 1474 feriam
1922 1437 2031 1471 scribit
2042 1438 2124 1472 San-

1236 1487 1303 1525 ⁴(ius
1312 1486 1474 1530 Ioannes:
1501 1491 1584 1521 Erat
1609 1497 1709 1521 autem
1730 1490 1819 1522 mane
1832 1511 1839 1519 .
1867 1491 1913 1527 Et
1932 1485 1990 1530 ipsi
2007 1498 2066 1521 non
2074 1492 2124 1520 tn-

1235 1538 1384 1577 trojerunt
1403 1543 1437 1571 tn
1464 1541 1663 1578 Praetorium,
1690 1547 1723 1571 ut
1740 1549 1798 1571 non
1819 1544 2120 1578 contaminarentur,

1759 1588 1862 1634 Quod
1886 1600 1956 1622 non
1977 1587 2020 1623 de
2042 1598 2122 1631 quo-

1236 1636 1365 1670 tidiano
1386 1635 1510 1670 dierum
1544 1636 1751 1677 Paschalium
1771 1637 1940 1672 Sacrificio
1962 1662 1973 1677 ,
1999 1636 2053 1671 sed
2075 1637 2123 1671 de

1236 1685 1306 1726 ipso
1328 1685 1477 1723 „Paschali
1501 1685 1604 1731 Agno
1627 1686 1740 1722 Patres
1772 1686 1885 1730 paffim
1906 1686 2119 1731 intelligunt.

1235 1732 1346 1778 Pergit
1370 1734 1506 1769 Sanetus
1515 1736 1675 1778 Joannes:
1695 1737 1832 1779 Judaet‚
1858 1743 1999 1779 quoniam
2022 1739 2123 1769 Para-

1233 1781 1321 1826 [ἔθυε
1331 1793 1396 1817 erat
1409 1809 1420 1824 ‚
1444 1793 1546 1822 utnon
1556 1794 1743 1819 remanerent
1756 1792 1788 1818 tn
1809 1797 1891 1819 cruce
1914 1785 2121 1828 corporasaezb-

1235 1833 1324 1866 hatho
1337 1859 1347 1873 ,
1372 1845 1440 1869 erat
1460 1840 1541 1874 enlm
1562 1847 1690 1879 magnus
1713 1837 1761 1870 ille
1773 1837 1836 1869 dies
1850 1835 2017 1877 Sabbata,
2037 1846 2120 1879 roga-

1233 1893 1344 1921 verunt
1366 1886 1500 1920 Palatum
1521 1909 1532 1925 ,
1558 1887 1615 1919 &a
1636 1886 1743 1919 Addit
1765 1886 1897 1922 Sanetus
1919 1886 2047 1924 Lucas.-
2073 1887 2121 1918 Et

1232 1935 1298 1969 dies
1309 1942 1375 1968 erat
1387 1934 1572 1978 Parasceves
1583 1936 1616 1973 ῥῶ·
1626 1935 1811 1970 Sabbathum
1821 1934 2001 1979 illucescebat
2010 1959 2019 1967 .
2044 1934 2119 1968 Sub-
2134 1921 2206 1960 ΩΨ·
2217 1929 2251 1962 ²3
2255 1941 2263 1954 ¹

1228 1983 1335 2027 ftcutae
1344 1994 1441 2021 autem
1455 1987 1589 2019 mulleres
1612 2009 1622 2025 ‚
1647 1996 1784 2029 quaecum
1791 1997 1822 2020 eo
1833 1993 1982 2019 venerant
2003 1987 2041 2018 de
2053 1988 2117 2018 Ga-

1230 2031 1313 2068 'ltlaea
1334 2059 1345 2075 ,
1371 2037 1515 2070 viderunt
1540 2044 1758 2078 monumentum
1771 2060 1782 2078 ,
1807 2037 1844 2069 Θ
1866 2036 2119 2082 quemadmodum

1228 2084 1351 2127 pofitum
1361 2094 1426 2121 erat
1446 2094 1551 2128 corpus
1564 2088 1627 2126 ejus
1637 2111 1644 2118 .
1670 2090 1711 2120 Et
1722 2094 1911 2119 revertentes
1919 2093 2116 2128 paraverunt

1231 2143 1366 2167 aromata
1379 2159 1389 2175 ‚
1416 2136 1630 2180 &unguentas
1657 2139 1706 2173 Et
1727 2134 1878 2169 sabbatho
1898 2133 2119 2183 quidemfilue-

1231 2194 1300 2218 runt
1312 2208 1323 2224 ,
1344 2183 1506 2228 secundam
1525 2187 1720 2219 mandatum.
1749 2186 1793 2219 Et
1804 2185 1937 2219 Sanstus
1955 2185 2089 2219 Marcus
2105 2197 2118 2218 :-

1231 2239 1277 2268 Et
1286 2236 1349 2268 ct'cm
1353 2236 1423 2276 jam
1429 2234 1494 2278 sero
1507 2236 1573 2278 effer
1583 2235 1711 2277 fac‘lum
1722 2260 1734 2276 ‚
1754 2241 1823 2278 quta
1842 2243 1909 2268 erat
1924 2234 2091 2278 Parasiteve
2103 2258 2119 2276 ,»

1231 2291 1316 2318 venit
1319 2289 1351 2330 J
1353 2284 1440 2328 oseph
1449 2286 1488 2318 ab
1500 2285 1682 2326 Ammattha,
1701 2287 1836 2327 &pettit
1850 2289 1967 2327 Corpus
1978 2284 2091 2329 JESU
2104 2309 2114 2317 .

1231 2336 1357 2373 Lucem
1371 2333 1439 2370 haec
1451 2337 1618 2379 accipiunt
1639 2347 1682 2371 ex
1694 2336 1843 2370 Mosaica
1855 2335 2018 2372 Paschalis
2041 2334 2118 2370 festi

1230 2386 1319 2430 lege:
1349 2389 1423 2423 Dies
1443 2392 1548 2429 prima
1571 2392 1630 2424 erit
1650 2385 1760 2430 sanc‘la
1780 2394 1869 2430 atque
1889 2384 2054 2429 solemnis,
2079 2386 2114 2419 θ

1229 2437 1296 2469 dies
1316 2434 1447 2479 septlma
1470 2438 1576 2474 eadem
1595 2436 1769 2479 festivitate
1795 2435 2011 2474 venerabilis,
2037 2433 2114 2468 nibil

1229 2482 1325 2527 operir
1344 2486 1470 2527 facietis
1496 2492 1528 2520 in
1561 2493 1606 2521 ets
1634 2509 1645 2527 ,
1670 2491 1801 2529 exceptis
1827 2486 1875 2519 his
1894 2497 1972 2532 -quae
1996 2486 2043 2520 ad
2061 2494 2114 2517 ve-

1224 2534 1365 2579 scendum
1383 2543 1538 2581 pertinent
1562 2563 1571 2570 .
1605 2535 1770 2585 roirca
1790 2537 1811 2569 fi
1832 2537 1922 2571 sexta
1945 2534 2023 2567 feria
2046 2533 2113 2566 iflo

1229 2597 1318 2621 anno
1340 2587 1448 2624 fuisset
1467 2586 1586 2630 Judaeis
1606 2582 1707 2631 prima
1729 2584 1914 2626 paschalis,
1940 2583 2041 2618 etiam
2073 2583 2110 2616 in

1231 2637 1294 2680 ipsa
1320 2636 1498 2675 debuerant
1516 2632 1695 2677 secundnm
1706 2635 1894 2669 mandatum
1906 2633 2010 2673 filere,
2039 2642 2109 2666 non

1228 2697 1333 2724 totam
1360 2688 1395 2720 in
1424 2686 1533 2728 varia,
1558 2687 1626 2723 fine
1647 2683 1765 2726 quibus
1784 2693 1970 2718 extremum
1983 2682 2112 2716 Domi-

1227 2737 1262 2770 ni
1297 2737 1495 2781 supplicium
1527 2737 1565 2770 δε
1587 2734 1748 2780 sepultura
1782 2733 1892 2778 peragi
1921 2744 1992 2767 non
2017 2742 2110 2779 pote·

1226 2795 1298 2820 rant
1320 2810 1331 2825 ‚
1356 2784 1520 2829 prohibita
1541 2796 1640 2828 opera
1665 2783 1849 2828 expendere
1870 2808 1878 2816 .
1907 2783 1990 2817 Non
2016 2782 2110 2818 dum-

1225 2846 1315 2869 taxat
1338 2834 1379 2868 ad
1401 2836 1533 2878 sequens
1557 2832 1758 2869 Sabbathum
1785 2859 1796 2875 ,
1824 2832 1879 2867 sed
1898 2833 1933 2867 &
1953 2831 1994 2866 ad
2014 2832 2108 2868 istam

1223 2885 1337 2923 seriam
1360 2895 1427 2919 non
1440 2881 1677 2931 profanandam
1687 2884 1866 2919 debuerant
1887 2883 2003 2920 feriam
2015 2882 2110 2925 quin·

1223 2945 1293 2972 tam
1316 2936 1496 2976 assumere,
1522 2936 1604 2969 &in
1626 2935 1693 2978 ipsa
1715 2934 1815 2980 usque
1838 2932 1879 2970 ad
1902 2934 2030 2969 nostem
2053 2942 2108 2964 οσι-

1221 2984 1348 3029 cupari.
1379 2984 1427 3019 E(
1442 2984 1599 3020 paschale
1611 2984 1727 3019 festum
1750 2982 1925 3027 non'poffit
1948 2982 2012 3016 effe
2022 2980 2109 3016 ordi-

1223 3036 1304 3069 narii
1331 3034 1489 3070 Sabbathi
1521 3034 1695 3070 Parasceve
1715 3058 1726 3074 ,
1752 3034 1807 3074 sed
1833 3033 1936 3079 ipsum
1963 3030 2108 3068 omnino

1223 3085 1319 3119 habet
1341 3086 1564 3122 parascevem,
2067 3093 2070 3096 ’

1272 3137 1315 3170 Et
1330 3135 1420 3170 istius
1431 3137 1511 3173 anni
1530 3147 1568 3171 ac
1582 3136 1766 3182 septimanae
1775 3130 1980 3169 sabbathum*
1989 3127 2107 3174 nequa·

1222 3197 1320 3230 quam
1332 3187 1465 3231 vulgare
1479 3187 1543 3224 fuit
1555 3211 1566 3227 ,
1592 3187 1649 3220 sed
1657 3186 1719 3223 fuit
1730 3194 1870 3228 magnus
1881 3183 1936 3217 ille
1947 3182 2017 3216 dies
2029 3179 2107 3218 sab·

1222 3235 1312 3270 bathi
1329 3261 1340 3277 ,
1368 3238 1423 3276 seu
1443 3236 1681 3276 Sabbathorum
1703 3232 1907 3270 Sabbathum
1929 3258 1939 3273 ‚
1967 3232 2008 3266 de
2033 3240 2101 3274 quo

1222 3287 1263 3320 ad
1286 3286 1446 3325 Isidorum
1459 3287 1649 3325 Diaconum
1675 3282 1757 3322 teste
1778 3282 2033 3325 scribitlfidorus
2043 3279 2103 3316 Pe-

1222 3337 1335 3371 lufiota
1357 3351 1364 3370 :
1392 3337 1573 3373 sabbathum
1586 3334 1695 3377 festum
1712 3346 1797 3367 omne
1818 3339 2004 3375 nuncupatur
2024 3354 2033 3365 ‚
2060 3332 2101 3364 Ac
2119 3339 2174 3373 Lib,
2194 3349 2225 3377 3-

1216 3390 1374 3430 propterea
1395 3385 1569 3426 du‘lumest
1592 3384 1746 3422 sabbatha
1762 3383 1980 3417 sabbathorum
1995 3401 2017 3460 ‚b
2031 3390 2101 3460 {Zo-
2118 3382 2167 3419 Ep·
2184 3391 2248 3415 ιιο,

1938 3435 1971 3466 in
2017 3439 2032 3460 e
2071 3439 2102 3462 0-

1948 3479 2049 3513 madae
