2352 3736
103 376 176 415 Cap·
193 379 238 414 38.

93 860 256 898 1..4.c.4.

92 1817 126 1850 1.
138 1825 256 1854 2.<:·40.

138 2008 179 2047 (Α)
214 2007 261 2040 Est

95 2051 176 2084 Urbs
193 2050 221 2079 in

95 2090 243 2122 Calabria

99 2129 206 2162 habens
232 2131 262 2158 fi—

100 2169 262 2210 piscopum.

102 2213 206 2246 Adnot.

102 2246 209 2286 Norifia
216 2257 261 2280 na.

130 3128 204 3165 Cap.
220 3133 265 3162 ²3·

135 3436 193 3465 5:01..

175 3433 183 3450 1

280 223 460 257 &maxime
471 223 547 255 hune
556 227 646 255 ritum
653 221 791 266 sacrificii
814 225 951 253 Romana
971 217 1103 259 Ecclesia
1125 217 1191 267 ba·-¹

277 271 341 306 buu
358 274 381 307 a
391 275 495 304 Beatis
510 270 646 314 apfflous
656 273 743 306 Petro
757 275 791 306 cs
805 272 900 303 Paulo
913 293 923 308 ‚
952 268 1088 311 aquibus
1106 269 1190 320 dum}

278 329 421 359 viverent
431 323 650 356 ordinationem
659 328 769 362 accepit
782 345 792 360 ,
816 330 887 362 quos
900 321 934 353 Θ
945 328 1075 352 mortuos
1086 317 1175 362 usque
1187 331 1190 375 i

277 383 353 410 nunc
367 367 488 407 custodit
503 396 511 403 .
541 371 769 416 Huncsacrificii
792 376 885 403 ritum
910 372 1008 403 Gmci
1019 368 1190 412 postquam¹

277 417 407 455 tunicam
417 423 539 455 ‘Domini
579 421 778 465 inconsutilem
789 420 909 454 invidia
933 423 1110 453 Latinorum
1131 422 1177 453 di-

278 469 415 507 vffeni'n't
426 495 437 511 ,
464 484 500 505 ne
508 477 673 506 Romanam
684 470 843 514 Ecclesiam
855 476 972 504 imitari
984 472 1175 511 viderentur,

273 524 424 563 pertinaci
449 528 629 556 contumacia
670 531 889 561 mutaverunt,
914 523 949 556 Θ
975 520 1065 565 usque
1090 519 1176 555 hodie

277 574 320 603 θ*
340 569 368 611 f
363 579 525 606 ermentato
545 573 702 616 conficiunt
726 597 737 613 ,
773 585 831 606 non
861 572 1052 606 attendentes
1079 570 1177 612 myste-

277 626 356 653 rium
370 643 382 659 ³
420 632 512 665 neque
523 633 669 659 virtutem
678 625 923 666 scripturarum.
960 623 1175 657 Demonstrat

277 670 432 713 azymum
444 673 508 707 effe
518 675 683 711 fermento
697 673 799 719 longe
818 673 927 716 aptius
949 673 990 707 ad
1018 672 1175 707 Christia-

278 733 359 756 num
380 722 600 760 Sacrificium.
636 724 790 759 Affirmat
815 735 883 757 non
909 724 1050 758 Latinos
1074 722 1093 756 ὲ
1114 724 1174 756 fer-

275 772 440 808 mentoad
453 786 607 818 azymum
620 801 629 816 ‚
666 776 718 809 sed
733 775 803 818 post
820 774 958 808 schisma
972 774 1106 807 Graecos
1130 772 1172 807 ab

276 834 400 867 azymo
422 826 463 859 ad
484 828 689 861 fermentum
710 827 775 859 este
792 824 948 869 digressos
963 849 970 857 .
996 824 1101 871 Qod
1125 822 1171 866 ip·

277 875 351 910 sum
364 874 480 911 iisdem
501 876 605 912 verbis
641 875 750 910 scribit
776 874 914 909 inlibris
938 875 978 908 de
997 874 1102 908 Mrflssz
1122 873 1175 907 Sa-

276 926 404 960 erificio
417 927 630 963 Innocentius
641 925 774 960 tertius.
802 923 900 959 Adeo
922 924 1063 958 diversus
1083 934 1173 965 ‘uter-

277 988 345 1021 que
356 977 401 1012 e‘st
412 979 430 1010 a
442 979 566 1022 Jacobo
580 977 775 1011 Sirmondo.
804 974 984 1009 Bafilianus
996 973 1168 1009 Calabriae

276 1029 469 1063 Monachus
497 1029 686 1062 Barlaamus
712 1027 730 1061 a
769 1024 866 1059 nobis
903 1024 1096 1068 apostatavit
1131 1023 1172 1058 ad

277 1079 432 1120 Graecos,
457 1081 490 1113 δε
516 1076 574 1113 sub
601 1077 790 1115 Andronici
828 1076 962 1110 secundi
995 1074 1172 1119 Paleologi

276 1132 418 1174 imperio
445 1130 507 1164 fuit
536 1124 834 1170 Constantinopoli
862 1137 1000 1171 magnus
1024 1126 1169 1159 Doaor.

277 1181 458 1226 Gregorius
490 1179 665 1219 palmas,
692 1179 748 1221 qui
776 1177 886 1221 postea
910 1177 975 1212 fuit
999 1175 1170 1210 Thessalo·

275 1233 415 1267 nicenfis
446 1228 743 1275 Archiepiscopus,
767 1229 873 1262 movit
899 1237 1003 1266 tunc,
1031 1236 1087 1260 aut
1114 1237 1171 1270 po·

275 1284 340 1317 tius
365 1283 383 1317 a
410 1281 520 1316 nescio
546 1279 666 1326 quibus
693 1278 852 1321 imperitis
879 1277 1066 1312 Gtaecorum
1096 1277 1173 1310 Mo-

275 1334 393 1368 nachis
418 1342 547 1367 motam
574 1331 616 1366 de
641 1326 861 1374 transfigurati
886 1328 922 1362 in
947 1328 1068 1361 Monte
1078 1326 1168 1360 Tha·

276 1385 335 1419 bor
363 1383 506 1418 Domini
534 1380 635 1417 nostri
665 1379 795 1414 Divino
821 1379 856 1412 ἀ
882 1379 1030 1413 increato
1057 1377 1170 1413 Lumi-

277 1447 319 1468 ne
344 1434 559 1477 quaestionem
587 1427 761 1469 defendit,
800 1428 835 1462 ὃ(
871 1426 1055 1463 horrendos
1090 1431 1167 1461 evo·

275 1486 361 1520 mult
386 1494 528 1519 errores.
559 1481 648 1525 Ipsos
676 1479 790 1515 revicit
817 1478 1030 1518 Barlaamus,
1058 1489 1168 1511 verum

275 1547 364 1569 coeca
393 1533 530 1579 Joannis
569 1529 763 1565 Patriarchae
779 1528 1168 1572 ,constantinopolitani

274 1585 432 1628 Synodus
459 1580 590 1617 adhaefit
618 1581 780 1618 Palamae,
808 1580 843 1612 &
879 1577 1089 1612 Barlaamum
1128 1577 1169 1610 de

275 1636 380 1671 haerefi
409 1634 579 1668 damnavit
597 1657 604 1664 .
630 1631 715 1678 Qae
739 1629 854 1663 omnia
878 1627 945 1662 late
970 1626 1121 1661 describit
1134 1627 1167 1660 in

276 1691 331 1720 iua
368 1684 517 1719 Historia
561 1683 703 1724 Joannes
741 1679 922 1722 Imperator
959 1677 1163 1710 Cantacuze·

277 1747 356 1770 nus.
377 1734 441 1768 Ista
468 1730 605 1767 vexatio
632 1726 924 1766 Barlaamo'dedit
949 1725 1049 1759 aliam
1075 1735 1165 1759 men-

275 1798 366 1825 tem,
392 1785 501 1828 ipsum
529 1780 661 1816 reduxit
689 1778 731 1812 ad
759 1778 949 1812 Romanam
978 1775 1165 1817 Ecclefiam;

277 1835 457 1879 scribitque
475 1833 581 1866 dietus
604 1830 785 1873 Imperator
813 1839 821 1859 z
868 1828 1059 1860 Barlaamus
1085 1826 1167 1867 juds-

277 1893 353 1922 cirtm
378 1885 472 1919 valde
498 1880 667 1924 claudicasse
702 1879 862 1911 clamitans
884 1903 894 1917 ,
933 1879 968 1911 ό·
1008 1875 1169 1921 aufugiens

277 1944 310 1972 in
331 1939 455 1970 Italiam
474 1931 491 1973 ,’
521 1942 585 1966 cum
612 1934 756 1969 Latinis,
797 1937 830 1961 ut
856 1936 969 1966 antea,
990 1924 1082 1969 sensti
1094 1950 1106 1967 ,
1133 1927 1171 1958 ab

278 1985 376 2031 eisque
387 1988 520 2019 Hieracis
533 1977 696 2024 Episcopus
709 1987 825 2012 creatus
835 1976 874 2017 est
889 2002 896 2010 .
923 1976 1104 2011 Hieracum
1126 1979 1171 2019 (a)

279 2041 334 2072 seu
357 2036 529 2080 Gyracum
553 2032 599 2066 est
622 2030 749 2064 Civitas
773 2030 807 2062 in
831 2026 1038 2071 Peloponeso
1053 2052 1060 2059 .
1099 2026 1172 2061 lllic

281 2088 471 2124 Barlaamus
491 2083 585 2118 omni
607 2080 719 2115 studio
742 2088 883 2112 conatus
910 2078 955 2111 est
979 2079 1110 2111 Graecos
1130 2078 1169 2110 ad

281 2139 444 2174 unionem
469 2136 606 2173 ducere,
635 2130 810 2173 scribitque
832 2129 867 2162 in
893 2128 997 2172 prima
1020 2127 1060 2161 ad
1085 2128 1172 2170 ipsos

283 2189 429 2234 Epistola
445 2200 456 2221 .-
493 2189 664 2219 Graecorum
690 2192 768 2225 gens
782 2204 792 2220 ,
813 2187 937 2221 propter
962 2180 1020 2212 duo
1043 2181 1171 2211 Latinos

281 2238 423 2283 accusans
439 2262 450 2278 ,
477 2235 601 2276 aestimat
613 2241 739 2276 oportere
752 2230 790 2264 ab
805 2235 848 2263 eis
859 2228 892 2273 se
912 2230 1013 2262 dividi
1028 2253 1035 2260 .
1075 2231 1172 2261 Unum

282 2290 319 2332 est
329 2289 530 2333 principalius
544 2311 554 2327 ‚
571 2285 649 2328 quod
658 2285 749 2324 ajunt
759 2283 903 2323 spiritum
913 2280 1056 2313 sancium
1065 2290 1102 2313 ex
1113 2281 1173 2311 Pa-

281 2349 328 2376 tre
334 2341 452 2384 filioque
462 2337 634 2381 procedere.
661 2332 845 2372 Secundum,
870 2332 951 2373 quod
973 2341 1074 2370 azymo
1090 2338 1174 2372 pane

283 2395 302 2425 5
305 2391 511 2431 acratiffimam
522 2387 667 2421 celebrant
678 2383 804 2424 Hostiam
817 2406 824 2413 .
850 2384 917 2424 Ego
926 2390 1026 2415 autem
1039 2388 1173 2423 tempora

283 2432 468 2476 examinans
477 2463 488 2479 ,
502 2436 680 2478 videoqud
689 2431 819 2478 schisma
829 2433 949 2474 quidem
960 2432 1091 2465 nondum
1102 2442 1173 2473 qua·

284 2493 487 2535 drigeneorum
500 2489 537 2528 est
547 2497 693 2520 annorum
705 2509 712 2518 .
738 2486 757 2517 5
760 2483 798 2516 ub
812 2481 922 2524 Bafilio
933 2488 1014 2515 enim
1039 2482 1175 2514 Macedo·

286 2553 323 2575 ne
343 2543 378 2575 <⁷1
404 2540 507 2574 Photio
528 2534 735 2574 patriarcha,
760 2542 795 2566 ut
825 2535 935 2574 ajunt,
969 2538 1108 2573 incoepit.
1148 2534 1185 2563 A.

287 2592 397 2635 quibus
416 2588 629 2633 praediiiorum
649 2595 795 2617 annorum
813 2593 950 2615 numerus
974 2583 1096 2615 necdum
1137 2579 1175 2620 est

287 2642 446 2684 completus
456 2664 463 2671 .
477 2642 612 2672 Romana
623 2631 824 2672 veroEcclefia
833 2642 904 2665 ante
914 2631 1080 2664 inchoatum
1091 2629 1175 2672 schis-

290 2704 341 2726 ma
346 2689 505 2735 plusquam
511 2687 710 2732 septingentis
720 2689 810 2716 annis
819 2690 875 2724 per
895 2693 1000 2723 azyma
1011 2681 1175 2724 conficiebat

290 2742 520 2782 sacratissimam
552 2736 692 2770 Theleten
716 2760 723 2767 .
768 2734 937 2766 Alexander
961 2738 1040 2766 enim
1069 2736 1176 2765 Roma-

291 2806 349 2827 nus
363 2790 525 2833 Pontifex,
550 2793 599 2830 qui
607 2784 662 2830 sub
677 2786 808 2819 Adriano
818 2788 918 2817 vitam
935 2780 1057 2828 glorioso
1067 2785 1175 2820 Marty-

292 2850 336 2876 rio
342 2843 450 2887 finivit
462 2866 472 2881 ,
498 2837 624 2879 Hostiam
635 2840 777 2871 Romana
789 2832 922 2876 Ecclefiae
941 2835 977 2867 de
998 2844 1097 2871 azymo
1114 2831 1175 2872 sta·

296 2900 354 2928 tuit
364 2919 371 2925 .
402 2891 467 2932 Post
477 2895 565 2933 quem
576 2899 634 2922 non
641 2896 749 2929 paucos
762 2889 910 2917 Romanos
919 2882 1078 2925 Pontifices
1092 2885 1174 2914 Deus

298 2950 422 2983 virtute,
435 2945 469 2976 ό·
480 2944 629 2979 martyrio,
640 2939 674 2971 (·2·
686 2936 837 2970 miraculis
843 2933 1037 2978 glorificavit,
1045 2941 1077 2965 ut
1088 2940 1175 2965 utrae-

298 3005 353 3035 que
360 3002 466 3035 partes,
479 2989 630 3024 insanc‘iis
640 2999 686 3022 eos
696 2993 902 3020 connumerent
915 3009 921 3016 .
933 2982 1176 3018 CircaAlexan·

300 3043 479 3077 drifaftum
490 3041 651 3076 consonat
672 3038 706 3072 in
728 3035 831 3070 Libro
853 3035 894 3069 de
918 3033 1097 3067 Canonum
1120 3031 1175 3066 ob-

302 3093 462 3126 servantia
484 3088 682 3133 Radulphus
712 3087 867 3122 Decanus
900 3083 1050 3118 Ecclefiae
1084 3082 1179 3115 Ton-

298 3143 423 3187 grenfis
435 3156 444 3174 .·
473 3142 642 3174 Alexander
655 3142 744 3181 Papa
751 3141 897 3179 praecepit
909 3158 919 3175 ,
946 3143 980 3167 ut
1016 3133 1123 3167 oblatio
1144 3143 1178 3166 ex

302 3202 404 3232 ‘azymo
412 3191 649 3232 fieretinparva
670 3192 859 3232 quantitate.
882 3186 919 3218 ln
943 3183 1047 3219 Libro
1065 3183 1106 3218 de
1127 3194 1178 3218 ex-

302 3242 412 3285 presso
422 3239 488 3272 Dei
508 3238 623 3273 Verbo
643 3237 781 3283 exponit
802 3235 974 3270 Dominus
998 3232 1180 3270 Cardinalis

303 3285 485 3326 ·stanislaus
507 3288 630 3321 Hosius
659 3302 669 3322 :
707 3289 766 3321 Sed
795 3297 845 3319 nec
880 3286 958 3318 illud
992 3290 1180 3328 ignoramus,

307 3342 427 3385 quodin
435 3347 533 3378 azymo
545 3338 628 3368 Pane
638 3339 657 3367 5
661 3345 857 3369 aeramentum
881 3333 1074 3375 Eucharisi'ia,⁵
1097 3331 1182 3368 Chri-

300 3392 365 3435 stus
373 3388 493 3431 confecit
501 3411 511 3428 ,
534 3390 583 3428 qui
595 3390 671 3416 ritus
683 3388 865 3425 aliquamdiu
878 3392 967 3427 etiam
973 3384 1039 3426 fuit
1051 3382 1185 3427 observa·

226 3443 270 3471 57·
304 3447 400 3480 tasin
410 3436 549 3481 Ecclefia.
578 3437 623 3469 Et
636 3430 807 3478 observatur
831 3432 906 3467 mim
926 3445 1054 3477 quoque.
1095 3433 1188 3467 simul

830 134 1529 181 ‘D1ss221zra1r10

1212 256 1218 265 ⁴
1239 228 1375 254 autemut
1386 227 1481 254 exorti
1487 221 1616 263 fuerant
1628 223 1783 261 Ebionitae
1795 249 1808 265 ‚
1830 233 1883 269 qui
1905 231 2029 274 Legalia
2042 229 2132 272 fimul

1238 282 1304 304 cum
1330 274 1498 315 Evangelio
1514 271 1638 315 servari
1655 273 1757 307 debere
1777 275 2010 320 contendebant,
2036 292 2128 324 quam

1239 321 1381 355 etiamob
1401 320 1522 372 causfm
1545 328 1577 355 in
1595 320 1776 362 fermentato
1797 328 1883 359 Pane
1908 328 2127 364 sacramentum

1239 371 1317 411 istud
1326 371 1424 413 confici
1430 371 1504 416 posse
1517 373 1668 417 negabant
1678 398 1688 413 ‚
1720 376 1802 417 quod
1810 381 1906 408 omnis
1917 375 2025 411 oblatio
2035 402 2048 419 ‚
2058 391 2127 423 quae

1238 419 1359 462 offertur
1370 424 1518 465 Domino,
1537 425 1634 465 juxta
1647 427 1757 468 Legem
1779 424 1894 468 absque
1906 424 2058 469 fermento
2076 432 2126 473 effe

1238 471 1347 506 debeat
1373 496 1385 512 ,
1421 479 1604 507 contrariam
1624 473 1662 516 est
1685 474 1873 515 constitutum
1892 499 1903 516 ,
1937 478 2076 511 nimirum
2093 489 2127 514 ut

1238 528 1271 555 in
1287 521 1478 565 fermentato
1498 527 1584 558 Pane
1607 525 1786 568 confheretur
1810 525 2005 568 Eucharistia
2018 552 2030 568 ,
2063 539 2128 563 cum

1239 583 1353 606 natura
1364 583 1466 608 tamen
1473 573 1533 618 sua
1540 574 1578 616 fit
1588 574 1830 617 indifflrens,nec
1839 575 1951 620 referre
1962 580 2128 621 quidquam

1212 645 1214 648 >
1238 624 1378 657 videatur
1390 650 1400 664 ‚
1414 631 1447 658 in
1457 636 1557 664 azymo
1566 625 1702 667 conficias
1715 651 1726 667 ,
1737 638 1779 659 an
1790 626 2013 669 infirment-tto
2022 653 2030 660 .
2043 628 2129 669 Post·

1236 676 1328 716 quam
1340 677 1410 707 vero
1433 676 1553 718 ceffavit
1575 676 1786 715 Ebionitarum
1807 676 1924 719 baerefis
1937 703 1948 719 ,
1973 680 2020 712 ad
2037 685 2128 712 inter*

1236 725 1350 766 miffum
1370 732 1403 758 in
1427 736 1524 765 azymo
1541 726 1728 768 consecrandi
1741 738 1851 760 morem
1871 732 1987 762 Latina
1999 729 2128 771 Ecclefia

1231 773 1287 815 fibi
1308 776 1492 810 redeundum
1507 776 1659 818 putavit'.
1687 777 1792 810 Hunc
1815 776 1952 812 reditum
1972 780 2073 824 aliqui
2084 779 2127 814 ab

1237 822 1429 860 Alexandro
1443 850 1454 866 ,
1481 826 1584 869 aliqui
1608 826 1776 862 decretum
1798 827 1985 864 existimant
2008 830 2027 865 a
2047 831 2128 865 Sans

1237 876 1468 918 &oSylvestro
1496 902 1503 908 .
1530 875 1700 911 inchoasse
1712 877 1807 920 poffit
1821 877 2031 920 Alexander,
2056 879 2127 923 Syl·

1237 925 1337 959 vester
1349 926 1520 961 innovasse
1530 939 1567 961 ac
1595 927 1732 963 firmasse
1745 953 1753 960 .
1780 927 1950 964 Dominus
1968 929 2127 964 Cardina·

1236 974 1276 1008 lis
1288 973 1347 1009 ista
1357 976 1483 1018 accepit
1493 975 1511 1008 ὲ
1526 977 1672 1010 Οοέὶοπε
1685 977 1851 1022 Angelico
1862 979 1896 1012 in
1909 979 2124 1015 Commenta·

1236 1025 1290 1058 riis
1299 1025 1340 1059 ad
1351 1034 1502 1070 quartum
1516 1025 1654 1059 Librum
1666 1027 1755 1061 Petri
1768 1027 1949 1063 Lombardi
1966 1054 1973 1061 .

1285 1076 1405 1109 Fateor
1427 1075 1521 1109 istam
1546 1076 1696 1110 fermenti
1717 1077 1752 1110 δε
1772 1079 1882 1120 azymi
1903 1081 2123 1115 mutationem

1236 1126 1330 1160 nullo
1342 1125 1612 1174 fulcirihantiquo
1634 1125 1841 1160 testimonio.
1870 1127 2027 1163 Attamen
2053 1141 2123 1164 non

1234 1188 1323 1211 caret
1344 1176 1438 1211 omni
1460 1176 1676 1211 fundamento
1694 1202 1702 1209 .
1740 1176 1830 1210 Nam
1850 1177 1886 1212 δε
1909 1177 1951 1212 ad
1963 1177 2124 1223 Aquileia

1237 1227 1434 1270 Episcopum
1448 1226 1568 1270 scripfit
1586 1227 1699 1260 Petrus
1713 1225 1904 1260 Antiochiae
1914 1227 2124 1270 Pattinrchli

1235 1279 1329 1321 ,Quod
1342 1277 1373 1319 fi
1391 1283 1483 1311 etiam
1509 1277 1653 1311 diciorum
1674 1283 1739 1310 vim
1750 1276 1964 1319 moleste-fertis
1977 1280 2046 1317 s&
2056 1277 2126 1312 con·

1234 1328 1388 1370 tentiofius
1406 1328 1602 1367 obnitimini,
1628 1329 1756 1361 dicentes
1783 1326 1930 1371 accepisse
1950 1331 1970 1362 a
2001 1328 2123 1363 Sanffls·

1235 1378 1319 1420 Apost
1321 1379 1374 1410 olis
1388 1381 1476 1412 Petro
1486 1379 1521 1413 ³&
1530 1378 1622 1415 Paulo
1632 1384 1727 1418 azymi
1750 1379 1945 1411 traditionem
1955 1402 1966 1418 ‚
1993 1377 2046 1411 hoc
2054 1390 2124 1422 quo-

1232 1440 1288 1471 que
1299 1430 1485 1462 concedemus
1502 1428 1611 1469 vestrae
1621 1433 1827 1462 Fraternitati
1835 1453 1846 1469 ‚
1872 1430 1906 1462 Θ·
1926 1430 1985 1461 Deo
1989 1427 2124 1470 favente

1233 1477 1414 1519 ostendemus
1427 1481 1566 1522 quadam
1577 1478 1618 1511 ab
1633 1478 1770 1520 apostolis
1784 1479 1904 1511 tradita
1917 1502 1928 1518 ,
1953 1487 2007 1512 aut
2027 1480 2048 1511 ἃ
2061 1481 2124 1512 Pa-

1233 1529 1342 1566 tribus,
1359 1538 1411 1561 aut
1423 1529 1461 1561 ab
1479 1531 1539 1562 illis
1548 1528 1824 1572 postmodamfuiffe
1836 1529 1965 1563 cornua
1976 1552 1987 1571 ‚
2002 1535 2079 1564 acin
2089 1530 2126 1562 id

1232 1580 1311 1619 quod
1318 1584 1413 1622 magis
1440 1586 1527 1620 pium
1553 1581 1705 1611 videretur
1727 1587 1866 1618 mutata,
1893 1577 2042 1622 tanquam
2060 1579 2123 1622 fido

1230 1635 1263 1660 in
1273 1627 1422 1668 Christum
1432 1630 1505 1670 jam
1520 1628 1693 1670 confirmata
1703 1652 1713 1667 ,
1740 1639 1774 1660 ac
1787 1628 1913 1668 Ecclefia
1921 1637 1978 1670 per
1989 1632 2044 1662 Dei
2051 1641 2122 1672 gra-

1232 1683 1309 1710 tiam
1320 1678 1460 1709 roborata
1472 1689 1508 1710 ac
1525 1679 1659 1711 dilatata
1670 1702 1677 1709 .
1705 1681 1794 1711 Nam
1814 1678 1848 1710 (5
1868 1678 2051 1711 sabbathum
2066 1687 2121 1721 pe·

1231 1727 1319 1759 riade
1332 1735 1422 1769 atque
1431 1728 1617 1759 Dominio-am
1628 1728 1706 1759 diem
1707 1727 1776 1767 juffi
1797 1725 1897 1769 sumus
1917 1727 2058 1762 bonorare
2073 1737 2121 1761 at-

1231 1786 1286 1818 que
1294 1774 1423 1819 servare
1439 1800 1449 1816 ,
1459 1775 1590 1819 nihilque
1600 1781 1694 1818 operis
1702 1781 1735 1808 in
1745 1782 1787 1809 eis
1792 1775 1893 1816 facere
1909 1789 1916 1810 τ
1941 1782 2121 1811 Naroma

1233 1828 1270 1859 id
1290 1827 1377 1859 modo
1407 1825 1596 1870 observatur.
1624 1827 1686 1859 sed
1706 1826 1740 1859 Q&
1760 1828 1873 1860 Petrus
1893 1828 2120 1862 accedentessx

1228 1876 1368 1920 gentibus
1391 1878 1435 1909 aa
1451 1879 1634 1919 inculpatam
1641 1875 1880 1916 christianorum
1901 1878 2012 1911 Fidem
2025 1902 2034 1919 ,
2057 1884 2120 1920 pri-

1232 1928 1312 1960 mum
1322 1925 1660 1969 circumi-idebat‚ficque
1670 1926 1787 1959 demam
1799 1927 2120 1968 baptizabat.Fatetur
2143 1921 2149 1927 ⁴

1232 1988 1386 2020 azymum
1410 1988 1476 2011 non
1500 1978 1627 2011 tantum
1649 1977 1667 2010 a
1691 1970 1824 2010 Ch'risto
1846 1975 2023 2018 Domino,
2064 1977 2120 2012 sed

1232 2029 1332 2061 etiam
1354 2027 1372 2061 ὲ
1394 2028 1518 2062 Sanctis
1537 2026 1706 2076 Apostolis
1725 2025 1824 2060 Petro
1846 2028 1881 2061 δ’(
1904 2027 2016 2062 Paulo
2028 2028 2122 2062 unta-

1233 2089 1303 2111 tum
1318 2101 1329 2117 ,
1356 2078 1557 2112 actraditum
1571 2077 1699 2112 Latinae
1720 2076 1887 2117 Ecclefiae,
1915 2077 2027 2111 verum
2050 2087 2121 2113 non

1232 2129 1281 2162 uti
1308 2138 1498 2171 perpetuum
1521 2126 1780 2162 Christianitatis
1801 2127 1899 2160 ritum
1922 2151 1934 2167 ,
1977 2127 2029 2161 sed
2050 2137 2125 2162 tan-

1232 2178 1331 2220 quam
1354 2177 1463 2213 adhuc
1485 2176 1697 2225 honorandas
1715 2187 1923 2211 mortuorum
1946 2177 2123 2222 Legalium

1233 2229 1387 2270 reliquias
1400 2253 1410 2269 ,
1430 2240 1507 2263 cum
1522 2228 1626 2273 gratia
1639 2226 1889 2272 proscribendas
1901 2228 1959 2260 suo
1976 2236 2124 2271 ternpone

1233 2291 1271 2313 ac
1285 2279 1504 2323 sepeliendas.
1530 2279 1619 2317 Quae
1629 2278 1735 2320 azymi
1747 2287 1956 2321 temporanea
1984 2277 2123 2322 sepultu-

1234 2341 1266 2363 ra
1277 2329 1421 2364 omnino
1432 2330 1527 2373 poffit
1539 2338 1669 2373 propter
1686 2326 1851 2362 Ebionem
1864 2352 1875 2368 ,
1902 2328 1991 2371 quod
2000 2339 2004 2346 *
2014 2328 2123 2372 ipsum

1235 2391 1305 2414 non
1329 2379 1529 2425 Evangelica
1548 2379 1700 2414 libertate
1720 2402 1731 2418 ‚
1757 2376 1809 2411 sed
1843 2378 1938 2423 legali
1964 2378 2122 2422 servitute

1238 2429 1422 2466 usitandum
1434 2431 1544 2472 vellet,
1553 2429 1737 2475 contigisse.
1762 2426 2034 2463 Et-hocinfinuat
2044 2429 2122 2463 San-

1238 2483 1306 2514 ἕως
1335 2479 1544 2524 Epiphanius(
1562 2506 1571 2522 ,
1607 2479 1748 2514 scribens
1766 2479 1807 2513 de
1831 2478 1997 2513 Ebionitis
2014 2491 2028 2512 ·.·
2053 2480 2119 2510 Ἐκ

1241 2530 1474 2570 Christianorum
1494 2533 1529 2567 ὁ·
1551 2528 1684 2571 Eccleliae
1705 2534 1868 2562 imitatione
1890 2528 2121 2570 mysteriaiquae-

1240 2582 1312 2613 dam
1324 2587 1482 2623 quotannis
1494 2582 1642 2616 celebrant
1655 2604 1665 2619 ,
1692 2585 1724 2612 in
1736 2579 1839 2620 quibus
1854 2586 1953 2619 panes
1971 2586 2088 2617 azymos
2106 2594 2119 2616 ς

1239 2632 1411 2664 &alteram
1422 2631 1543 2671 mysterii
1559 2639 1680 2674 partem
1702 2628 1846 2661 adhibent
1865 2638 1977 2661 meram
1998 2636 2118 2670 aquam-

1241 2681 1299 2715 An
1321 2678 1558 2725 Azymi-pa'nis
1590 2681 1684 2714 usum
1708 2675 1915 2720 Epiphanius
1934 2675 2118 2721 improbet,

1240 2743 1309 2765 non
1333 2732 1452 2774 liquet.
1495 2731 1533 2765 Si
1548 2728 1710 2771 improbet
1729 2752 1740 2768 ,
1778 2738 1846 2760 non
1874 2725 2038 2771 improbat
2058 2724 2121 2760 nist·

1237 2782 1331 2815 usum
1352 2780 1523 2823 Iudaicum
1536 2803 1545 2812 .
1573 2780 1616 2813 Et
1639 2778 1700 2813 hac
1717 2778 1759 2811 de
1780 2776 1993 2825 causas-2011&
2013 2777 2119 2820 ipsum

1238 2830 1349 2865 omnis
1370 2839 1449 2864 tunc
1472 2829 1614 2864 Ecclesia
1632 2828 1820 2864 deseruisse.
1856 2825 2036 2875 Qidquid
2058 2827 2115 2866 fit,

1238 2879 1306 2915 haec
1318 2880 1433 2914 omnia
1442 2880 1601 2915 evincunt
1621 2878 1730 2923 azymi
1747 2875 1954 2922 usum-apud
1981 2875 2119 2918 Latinos

1237 2931 1301 2966 effe
1312 2929 1570 2974 antiquiffimum
1582 2954 1590 2963 .
1730 2935 1732 2938 ⁴
2070 2933 2072 2935 ·

1999 3479 2077 3514 CA-

2139 2507 2298 2552 Iao-cani
