2352 3736
122 2615 276 2651 {asne-4·

135 3175 208 3218 Cap,
218 3186 246 3213 7·

378 194 471 233 190
685 177 1018 226 Saucrz

305 266 493 305 Praefectum
507 262 579 307 lege
590 260 786 298 intellexiste
797 260 925 294 'videtur
955 255 1197 294 Constantinus

302 317 453 360 Magnus
473 313 672 358 Imperator,
702 313 758 356 qui
778 311 796 342 a
819 307 1010 345 Gentilibus
1036 304 1197 351 Augustis

305 365 490 415 permissam
512 366 613 409 usque
630 374 708 396 tunc
721 358 859 394 nituiam
868 355 1077 401 repudiatum
1098 356 1197 393 licen·

307 418 391 452 tiam
400 416 551 455 castrans,
564 413 666 447 sanxit
675 409 832 451 ‚deinceps
843 408 888 441 ob
900 406 1195 450 ebriolitssaternssre·

309 475 498 515 quentatam
510 465 677 500 aleam,aut
686 458 879 494 adulterium
888 468 956 494 non
970 459 1056 502 posse
1068 457 1194 498 dimitti

306 518 477 559 maritum,
494 513 546 547 sed
561 511 732 543 dumtaxat
744 508 790 543 ob
799 507 1193 548 homicidiumfyeneficifi

310 562 617 608 nutsepulchrorum
628 559 854 593 effossionem.
885 558 1009 595 Eadem
1020 557 1065 592 ob
1088 558 1194 592 crimi-

310 628 377 656 na,
412 615 552 654 itemque
574 609 619 643 ob
642 608 846 646 lenocinium
867 620 964 653 atque
994 608 1192 645 adulterium

308 662 468 710 permittit
488 671 625 699 uxorem
644 659 771 693 dimitti
797 684 808 700 ,
834 660 868 694 δε
890 658 1039 706 adjungit
1063 673 1073 695 :
1099 661 1131 694 51
1150 659 1192 694 ab

307 714 357 747 bis
383 710 553 746 criminibus
579 710 703 744 liberam
728 712 867 752 ejecerit,
893 722 1005 744 omnem
1030 711 1125 747 dotem
1146 721 1192 747 re-

300 763 421 805 stituere
447 761 531 794 debet
550 785 562 801 ,
609 762 643 794 <5
667 760 760 794 aliam
786 771 844 794 non
869 761 973 795 ducere
994 784 1001 792 .
1039 760 1119 794 Post
1143 760 1192 803 jur

296 806 390 846 'stum
427 810 594 856 repudium
633 822 735 846 novas
772 811 902 855 utrique
939 811 1020 855 parti
1059 812 1190 854 nuptias
1212 844 1213 847 ,

300 862 413 896 lucide
439 861 592 896 concedit
618 885 626 892 .
666 860 764 895 Edita
790 861 837 898 est
863 862 919 897 lex
947 861 1065 897 Annio
1092 861 1188 896 Baffo

301 913 337 947 ἀ
367 911 512 953 Ablavio
540 911 709 956 AEgyptio
736 910 963 953 Consulibus,
990 923 1078 949 anno
1118 913 1187 947 Do

301 963 387 996 mini
414 962 636 1001 trecentesimo
663 962 826 1006 trigesimo
852 962 982 1005 primo,
1010 964 1101 997 sexto
1115 962 1183 1006 post

300 1013 478 1050 Nicaenum
503 1011 704 1052 concilium,
730 1023 798 1056 quo
826 1022 973 1056 tempore
998 1023 1098 1047 omne
1118 1013 1185 1050 Ro-

299 1073 434 1097 manum
446 1063 623 1107 Imperium
642 1072 711 1097 erat
735 1060 961 1099 Christianum
974 1087 985 1104 ,
1013 1073 1112 1107 atque
1137 1063 1182 1097 ita

298 1114 442 1157 optimus
463 1114 615 1162 Princeps
636 1113 779 1156 praesumi
809 1113 867 1147 vix
889 1113 982 1157 possit
1015 1112 1183 1158 quidpiam

299 1175 415 1199 contra
439 1163 676 1208 Evangelicam
698 1163 806 1209 legem
824 1161 1014 1199 decrevisse.
1043 1163 1121 1198 Scio
1141 1162 1182 1198 le-

297 1225 375 1259 gem
397 1216 491 1249 istam
513 1215 545 1249 ἀ
565 1214 583 1247 a
605 1213 724 1250 Graecis
749 1213 810 1249 &a
823 1213 951 1248 Latinis
965 1213 1112 1248 Ecclefiae
1123 1212 1180 1248 Pa-

297 1265 401 1299 tribus
413 1265 718 1309 frequenterargui:
750 1263 879 1308 Nempe
889 1264 979 1309 quod
1000 1265 1035 1301 in
1058 1263 1181 1301 adulte-

297 1315 337 1348 rii
350 1317 485 1349 crimine
497 1316 649 1349 maritum
659 1315 692 1347 &
702 1324 854 1356 uxorem,
867 1326 950 1359 quos
963 1315 1178 1360 Evangelium

299 1375 391 1408 pares
403 1366 503 1405 facit,
529 1365 672 1407 dispares
681 1363 778 1398 faciat
791 1388 802 1404 ,
826 1364 956 1408 ejusque
975 1366 1068 1400 causa
1095 1364 1178 1399 hanc

296 1415 444 1454 solam&
456 1426 523 1450 non
539 1415 634 1450 istum
650 1415 816 1458 permittat
836 1415 1014 1459 repudiari.
1044 1416 1179 1451 Unicus

295 1466 361 1500 fere
374 1467 509 1500 Basilius
523 1467 667 1509 Magnus
679 1465 772 1498 istam
787 1465 867 1509 legis
879 1476 1000 1509 partem
1024 1477 1077 1509 per
1101 1478 1177 1501 con-

295 1516 500 1551 suetudinem
516 1525 653 1560 purgare
668 1524 829 1556 conatur,
854 1515 889 1549 in
902 1517 1017 1550 litteris
1035 1517 1178 1550 Canoni-

294 1566 342 1601 cis
356 1565 495 1602 scribens
515 1564 557 1600 ad
580 1565 731 1600 Sanctum
756 1564 1030 1609 Amphilochium
1055 1567 1180 1604 Metro-

297 1617 435 1661 politam
456 1617 683 1651 iconiensem:
729 1619 849 1649 Domini
882 1616 993 1650 dillum
1018 1615 1177 1660 ficundum

293 1665 455 1712 sententiae
485 1666 717 1710 consequentiam
755 1677 794 1699 ex
828 1678 884 1709 quo
907 1669 940 1700 (ν
961 1672 1041 1701 virts
1062 1668 1095 1699 ὦ·
1116 1679 1179 1699 mu-

297 1718 415 1751 lieribus
426 1723 587 1756 convenit,
613 1716 693 1757 quod
701 1726 759 1748 non
767 1716 857 1749 liceat
878 1717 899 1747 a
921 1719 1106 1750 Matrimonia
1129 1717 1179 1749 de-

296 1769 418 1806 cedere,
442 1775 649 1809 praeterquam
656 1772 776 1807 propter
780 1764 1011 1806 fornicationem
1026 1791 1033 1798 .
1055 1764 1179 1808 Consue-

297 1818 370 1852 tudo
381 1827 481 1850 autem
494 1821 606 1849 nonita
618 1814 728 1856 habet,
751 1814 848 1859 sedin
871 1816 1039 1850 mulieribus
1063 1818 1178 1859 quidem

297 1868 425 1901 multum
438 1869 574 1901 accurate
589 1892 598 1907 ‚
616 1867 649 1900 (3·
660 1866 814 1909 diligenter
825 1865 977 1910 observari
987 1872 1155 1900 invenimus
1170 1888 1176 1895 ·

298 1917 343 1951 Et
355 1917 435 1953 infra
449 1930 455 1949 ε
482 1916 670 1960 Consuetudo
685 1922 776 1950 eiiam
789 1918 994 1951 adulterantes
1015 1923 1096 1951 viros
1108 1941 1118 1957 ,
1145 1919 1178 1951 (9

297 1974 329 2001 in
350 1968 598 2011 fornicationibus
625 1964 780 2009 versantes
802 1991 813 2006 ,
834 1967 921 2009 jubet
960 1969 981 2000 ἃ
1006 1966 1178 2001 mulieribus

294 2024 436 2056 retineri.
463 2016 588 2052 ibidem
603 2016 759 2050 haesitavit
783 2019 880 2051 etiam
894 2019 1026 2052 Sanctus
1053 2018 1177 2061 Exupe-

297 2070 361 2103 rius
371 2069 508 2103 Toloiae
520 2068 723 2111 Episcopus,
750 2066 890 2111 ideoque
911 2066 1003 2100 istius
1025 2067 1112 2101 inter
1136 2067 1177 2100 vi·

298 2130 369 2153 rum
395 2121 428 2153 ἀ
460 2128 596 2153 uxorem
612 2141 623 2157 ,
650 2127 735 2160 quos
761 2116 980 2162 Evangelium
1007 2117 1115 2161 palam
1141 2128 1176 2152 ae·

296 2181 400 2213 quat,
426 2169 616 2203 differentiae
642 2167 804 2202 rationem
830 2168 871 2202 ab
898 2168 1095 2202 Innocentio
1118 2167 1178 2210 pri-

297 2231 354 2254 mo
381 2220 545 2253 Pontifice
579 2218 771 2262 efflagitavit
794 2243 800 2249 .
836 2217 879 2252 Et
899 2229 972 2251 eam
995 2217 1178 2261 Evangelio

297 2270 456 2304 adversari
484 2269 639 2303 Pontifex
666 2268 858 2311 Apostolica
886 2267 1035 2303 libertate
1052 2268 1177 2312 respon·

296 2320 361 2354 dit.
390 2320 480 2363 Justo
502 2320 636 2363 repudio
646 2319 808 2353 concessas
821 2319 838 2351 a
850 2329 1027 2353 memorata
1039 2319 1111 2364 lege
1123 2329 1180 2352 no·

297 2381 354 2403 vas
380 2369 508 2412 nuptias
534 2380 634 2403 nemo
658 2369 722 2403 fere
756 2367 851 2402 Pater
884 2369 989 2412 palam
1022 2369 1177 2408 damnat,

297 2419 439 2464 ideoque
452 2419 536 2454 hanc
547 2418 613 2461 ejus
633 2429 756 2462 partem
780 2419 930 2453 videntur
947 2417 1088 2453 omnino
1109 2429 1180 2462 pro·

298 2469 402 2504 basse.
433 2470 514 2504 Eam
525 2468 642 2503 diserte
655 2468 769 2512 probat
782 2480 819 2503 ac
831 2470 930 2504 docet
955 2468 1040 2513 apud
1063 2469 1179 2513 Orige-

296 2532 372 2555 nem
401 2523 510 2555 auctor
536 2518 694 2555 Homiliae
716 2519 857 2563 septimae
892 2520 927 2552 in
961 2519 1179 2554 Matthaeum.

299 2570 346 2605 Et
361 2571 492 2604 Sanetus
504 2567 726 2613 Epiphanius:
753 2574 811 2601 Cui
822 2581 883 2602 una
894 2581 967 2602 uxor
990 2580 1046 2601 non
1052 2568 1181 2612 sufficit,

299 2633 365 2655 cum
376 2620 509 2662 occafione
529 2622 632 2663 aliqua
648 2619 768 2661 stupri,
793 2620 959 2658 adulterii,
984 2629 1036 2651 aar
1059 2620 1182 2663 alterius

295 2672 407 2716 flagitii
440 2684 505 2705 cum
526 2683 561 2705 ea
593 2671 757 2705 divortium
775 2668 890 2713 fecerit
921 2692 932 2708 ,
973 2673 999 2701 is
1011 2666 1044 2710 fi
1058 2668 1183 2701 alteram

298 2734 423 2758 uxorem
450 2724 592 2762 duxerit,
628 2728 681 2753 aut
702 2720 790 2753 alteri
811 2726 877 2752 viro
902 2719 1007 2752 mulier
1029 2716 1183 2761 nupserit,

297 2773 450 2817 sacrarum
458 2773 626 2806 litterarum
635 2770 797 2803 auctoritas
816 2769 855 2801 ab
866 2775 947 2802 omni
956 2770 1042 2811 culpa
1054 2769 1122 2802 illos
1133 2768 1184 2801 ab·

298 2823 389 2867 fiilvit
398 2849 408 2864 ,
438 2834 528 2865 neque
543 2821 580 2854 ab
594 2819 720 2862 Ecclesia
729 2829 784 2853 aut
797 2829 904 2860 eterna
917 2825 987 2852 vita
998 2823 1093 2852 reiicit
1106 2844 1117 2860 ,
1127 2817 1185 2861 sed

300 2882 422 2916 propter
447 2873 673 2905 imbecillitatem
693 2871 864 2903 tolerandos
888 2868 1033 2909 existimat
1065 2894 1072 2900 .
1111 2873 1183 2900 Non

305 2930 348 2956 ita
362 2934 461 2957 tamen
475 2924 551 2957 duas
573 2930 607 2954 ut
620 2921 716 2953 altera
733 2918 884 2963 superstite
902 2929 1008 2952 uxores
1023 2916 1112 2960 simul
1130 2917 1181 2950 ba-

305 2973 396 3012 beat,
416 2972 471 3016 sed
479 2982 511 3005 ut
521 2971 561 3005 ab
572 2982 632 3004 una
636 2969 798 3015 separatus
824 2967 1011 3010 alteraemfibi
1032 2968 1182 3012 legitime,

301 3020 429 3062 flaba,
461 3025 625 3067 adjungat.
655 3020 697 3055 Et
710 3021 744 3054 in
758 3020 897 3063 primam
918 3017 959 3052 ad
987 3016 1182 3052 Corinthios

311 3069 487 3112 Epistolam
498 3073 750 3105 Commentator
762 3069 1009 3105 Ambrofiaster:
1037 3072 1105 3102 Viro
1117 3069 1182 3103 licet

308 3130 429 3152 uxorem
450 3123 548 3153 ducere
571 3147 581 3163 ‚
611 3120 640 3163 fi
668 3119 814 3163 dimiserit
841 3130 963 3154 uxorem
991 3126 1181 3161 peccantem.

311 3167 398 3201 Cum
414 3169 545 3202 adducta
566 3170 778 3204 Constantini
803 3171 876 3215 lege
903 3171 987 3203 inter
1008 3170 1113 3203 virum
1134 3168 1180 3201 di-

311 3217 449 3262 stinguit
486 3219 519 3250 δε
542 3229 705 3254 uxorem:
744 3219 820 3254 huic
851 3221 958 3254 solum
989 3219 1180 3263 repudium,

311 3267 363 3303 isti
386 3275 492 3299 autem
506 3290 516 3305 ,
538 3277 653 3309 utpote
671 3270 838 3313 digniori,
863 3271 962 3304 etiam
986 3280 1089 3303 novas
1104 3280 1181 3311 nup-

311 3316 554 3354 tiasconcedit.
584 3318 657 3351 Alia
670 3318 888 3353 distinctionis
918 3320 1036 3362 species
1058 3320 1093 3353 in
1116 3319 1182 3352 lau-

311 3367 396 3403 datis
406 3366 447 3399 ad
470 3364 620 3397 Sandium
667 3365 905 3407 ruphilochium
923 3370 1038 3403 litteris
1059 3369 1181 3413 placuit

313 3418 444 3460 Magno
466 3413 600 3446 Basilio.
671 3425 683 3447 t
704 3416 775 3447 viro
797 3418 830 3450 δε
852 3418 978 3452 mulieri
998 3419 1181 3463 repudianti

314 3468 361 3505 ait
371 3476 440 3502 non
449 3464 547 3503 licere
556 3475 659 3500 novas
667 3464 815 3512 nuptias,
838 3465 991 3513 additque
1002 3468 1043 3504 de
1055 3470 1125 3507 virt>
1135 3468 1182 3505 di-

1216 3524 1229 3535 υ

1091 172 1435 219 Leom1s

1216 2806 1360 3524 &fallatur
1378 2942 1384 2949 .
1412 2915 1583 2959 Ejusmodi
1595 2912 1748 2958 conjugia
1770 2914 1851 2947 nulli
1864 2913 2015 2954 deinceps
2034 2910 2111 2944 fide-

1503 175 1740 224 Nom

1258 260 1379 295 misso:
1405 258 1461 299 Est
1477 261 1587 303 dignus
1607 268 1699 295 venia
1715 287 1726 303 ,
1753 268 1787 300 <y
1800 277 1874 307 qua
1907 270 1935 301 a
1963 263 2135 310 &habitan

1261 322 1319 344 non
1338 312 1402 345 ideo
1424 313 1648 346 condemnatur.
1678 313 1789 347 Omne
1811 316 1882 348 viro
1901 316 2015 352 datum
2045 329 2137 362 repur

1258 361 1349 398 dium
1363 373 1402 396 ex
1424 362 1566 404 superius
1588 371 1766 399 memorata
1784 365 2021 401 consuetudine
2042 379 2136 412 putat
2152 347 2306 386 C²P'9'⁷⁷'

1254 414 1323 450 lesse
1345 412 1498 456 iniquum
1518 438 1528 453 ,
1565 412 1705 455 ideoque
1729 413 1859 448 dimilIo
1881 416 1952 452 ,viro
1971 417 2136 462 singulare

1258 460 1344 499 istud
1358 463 1472 497 licere.
1493 462 1588 510 Qin
1602 461 1669 499 imo
1683 463 1785 504 prima
1802 487 1812 503 ,
1836 464 1949 502 ,cuiex
1959 468 2052 501 omni
2075 469 2137 503 La.

1257 511 1327 545 tina
1341 513 1479 551 Ecclesia
1492 514 1665 551 adfuerunt
1675 512 1843 557 Episcopi,
1874 514 2066 552 Arelatensis
2077 518 2136 562 Sy-

1256 563 1363 598 nodus
1376 563 1508 601 statuit.-
1536 566 1580 598 De
1597 561 1644 595 his
1656 569 1708 605 qui
1716 566 1855 607 ,conjuges
1872 562 1946 606 suas
1970 571 2003 598 in
2021 569 2139 603 adulte·

1236 654 1238 656 Ι
1252 619 1297 645 rio
1308 613 1530 654 deprehendunt
1543 637 1553 653 ,
1564 615 1598 646 (Ὗ
1611 615 1700 647 iidem
1706 612 1779 655 sunt
1792 614 1987 657 adolescentes
1999 618 2133 660 Fideles,

1255 665 1289 701 Θ
1301 675 1358 696 non
1365 664 1555 705 prohibenter
1567 662 1673 697 nubere
1687 689 1697 704 ,
1715 666 1829 705 placuit
1839 673 1871 697 ut
1882 671 1914 698 in
1927 674 2075 707 quantum
2081 675 2133 708 po-

1252 712 1327 757 test,
1358 714 1503 756 confflium
1531 720 1573 747 ets
1597 715 1705 753 detur,
1740 726 1774 747 ne
1796 716 1972 749 viventibus
1990 716 2133 751 uxoribus

1248 761 1314 806 suis
1328 788 1339 804 ‚
1364 765 1436 798 ltcet
1446 766 1588 798 adulteris
1597 789 1607 804 ‚
1621 764 1699 795 alias
1711 769 1879 806 accipiant.
1908 765 2079 801 Hodierna
2091 766 2133 800 Ie-

1252 814 1318 848 stio
1331 813 1427 849 habet
1439 839 1449 855 ‚
1471 819 1515 847 Et
1524 813 1716 856 probibentur
1724 813 1849 851 mcbere:
1878 815 2004 850 Verum
2018 817 2052 850 in
2068 817 2133 852 suis

1252 864 1290 898 ad
1305 865 1457 900 Sanctum
1470 864 1690 908 Epiphaniam
1706 865 1792 898 notis
1804 863 1884 898 reste
1895 865 1940 899 ait
1952 866 2132 911 Dionysius
2148 880 2220 921 Cap,
2232 892 2278 914 ω,

1250 914 1399 952 Petayius
1412 931 1422 950 :
1449 920 1649 959 ‚Negationem
1670 915 1760 957 deeffe
1773 939 1783 954 ,
1820 915 2032 959 legendumque
2045 942 2055 957 ,
2085 917 2131 953 Et

1252 977 1316 999 non
1331 966 1545 1009 prohibentur
1568 965 1691 1004 nubere
1707 989 1718 1005 ,
1743 975 1896 999 contextus
1904 965 1969 1009 ipse
1988 973 2131 1001 orationis
2172 1000 2177 1006 ,
2313 1005 2316 1008 ,

1248 1017 1361 1049 indicat
1374 1042 1381 1050 .
1409 1020 1496 1049 Nam
1505 1015 1732 1058 siprobibentur
1748 1015 1855 1049 nubere
1868 1039 1878 1057 ‚
1914 1027 1971 1050 non
1987 1016 2132 1058 confilium
2148 997 2209 1031 ιώ·
2227 1006 2274 1037 59'

1246 1067 1292 1100 ad
1301 1067 1362 1099 illos
1385 1066 1550 1100 coercendos
1562 1089 1572 1104 ,
1579 1064 1637 1107 sed
1643 1073 1786 1107 praecepti
1797 1068 1941 1107 neceffitas
1954 1067 2130 1103 adhibenda

1239 1113 1343 1155 fuerat
1363 1140 1371 1146 .
1413 1115 1573 1163 Qaedam
1607 1115 1689 1147 olim
1713 1116 1848 1148 crimina
1873 1117 2041 1159 privabant
2059 1117 2130 1161 jure

1248 1165 1453 1208 nuptiarum.
1484 1165 1608 1202 Eorum
1629 1164 1717 1207 puris
1728 1164 1987 1200 adolescentibus
2010 1163 2130 1203 Fideli-

1246 1214 1302 1248 bus
1316 1227 1417 1250 novas
1430 1215 1558 1259 nuptias
1570 1213 1690 1247 Canon
1713 1214 1872 1248 dissuadet
1894 1214 2106 1251 solummodo
2116 1242 2130 1260 ,

1246 1277 1312 1300 non
1326 1265 1510 1300 interdicit.
1539 1264 1581 1297 Et
1604 1276 1645 1297 ex
1659 1264 1720 1296 isto
1738 1264 1877 1299 Canone
1889 1265 2130 1302 Constantinus

1246 1318 1422 1360 imperator
1432 1314 1526 1359 possit
1549 1317 1638 1350 suam
1658 1314 1765 1358 legem
1783 1314 2006 1359 desumpiiffe.
2036 1316 2127 1351 Ean·

1243 1367 1317 1401 dem
1327 1367 1520 1402 sententiam
1543 1366 1644 1399 secuti
1657 1365 1730 1400 sunt
1746 1365 1849 1406 plures
1862 1376 1914 1409 per
1924 1366 2073 1401 Africam
2086 1367 2131 1401 E-

1245 1417 1365 1461 piscopi
1375 1440 1385 1456 ‚
1405 1417 1569 1451 adversum
1581 1426 1663 1458 quos
1675 1416 1806 1450 Sanilus
1818 1414 2023 1459 Augustinus
2034 1418 2128 1462 scrip-

1243 1468 1279 1502 sit
1302 1468 1386 1502 duos
1408 1467 1448 1501 ad
1471 1465 1672 1506 pollentium
1700 1464 1798 1499 libros
1820 1465 1862 1499 de
1873 1464 2128 1502 adulterinisco-

1245 1518 1363 1562 njugiis
1376 1542 1387 1559 ‚
1414 1516 1446 1551 id
1459 1515 1503 1551 est
1517 1540 1528 1556 ,
1554 1515 1745 1558 derepetitis
1763 1515 1928 1560 conjugiis
1951 1516 2022 1560 post
2046 1515 2129 1562 legi-

1242 1569 1361 1602 timum
1383 1566 1552 1611 repudium
1577 1591 1584 1598 .
1624 1565 1801 1610 Eleganter
1824 1568 1855 1599 ὃς
1888 1571 2003 1600 acriter
2023 1578 2126 1602 novas

1243 1617 1316 1652 istas
1330 1618 1458 1661 nuptias
1469 1615 1668 1652 demonstrat
1689 1615 1751 1652 esse
1775 1614 1973 1650 adulterinas
1986 1641 1997 1656 ,
2022 1628 2061 1651 ac
2081 1617 2126 1651 E-

1243 1667 1395 1712 vangelio
1417 1677 1609 1712 repugnare.
1638 1665 1765 1700 Cuncta
1790 1666 2045 1701 adversariorum
2078 1677 2124 1700 at-

1242 1728 1398 1762 gumenta
1425 1726 1573 1760 potenter
1599 1715 1745 1752 dissolvit
1768 1740 1774 1747 .
1804 1716 1847 1749 Et
1873 1715 1949 1759 quia
1967 1717 2124 1750 omnium

1243 1768 1474 1802 Africanarum
1487 1764 1696 1809 synodorum
1710 1776 1801 1800 mens
1813 1776 1877 1798 erat
1892 1767 1925 1799 ὅ(
1939 1766 2052 1810 lingua
2063 1791 2074 1807 ,
2102 1766 2122 1800 ὲ

1243 1818 1396 1852 Generali
1408 1816 1673 1856 ducentorum&
1683 1813 1930 1858 quatuordecim
1944 1816 2124 1860 Episcopo·

1241 1880 1313 1903 rum
1328 1866 1577 1912 Carthaginensi
1593 1866 1731 1908 synodo
1744 1864 1888 1900 obtinuit
1899 1864 1989 1899 hunc
2013 1865 2123 1900 Cano-

1243 1929 1318 1952 nem
1332 1933 1343 1952 .·
1369 1919 1484 1951 Placuit
1495 1925 1529 1949 ut
1537 1915 1698 1960 secundum
1710 1915 1926 1957 Evangelicam
1938 1917 1971 1949 (a
1984 1915 2122 1958 Apostoli-

1241 1981 1306 2001 cam
1328 1966 1525 2011 Disciplinam
1549 1977 1642 2006 neque
1663 1965 1792 2007 dimissus
1816 1964 1855 1996 ab
1876 1976 1990 2004 uxore,
2026 1976 2121 2007 neque

1242 2018 1357 2062 dimiffa
1367 2020 1388 2050 ἃ
1400 2023 1507 2050 marito
1519 2040 1529 2055 ,
1554 2015 1643 2048 alteri
1650 2017 1866 2057 conjungantur
1877 2038 1888 2054 ,
1909 2012 1968 2056 sed
1986 2021 2034 2047 ita
2055 2026 2118 2047 ma-

1242 2078 1353 2109 neant,
1380 2077 1433 2102 aut
1439 2066 1553 2109 sibimet
1578 2067 1795 2098 reconcilientur
1810 2088 1817 2096 .
1841 2065 1933 2107 ,Quod
1946 2061 1977 2104 fi
1990 2073 2119 2098 contem-

1238 2117 1354 2162 pserint
1366 2141 1375 2156 ,
1401 2119 1444 2151 ad
1456 2117 1867 2158 Poenitenriamredigantur.
1895 2119 1930 2147 In
1943 2126 2003 2157 qua
2024 2112 2114 2157 causa

1241 2171 1330 2213 legem
1351 2168 1540 2210 Impert'alem
1554 2167 1719 2207 petendam
1736 2165 1920 2207 promulgari
1942 2190 1948 2197 .
1976 2165 2025 2198 Ita
2048 2166 2116 2198 sen-

1241 2219 1379 2253 tentiam
1394 2218 1484 2252 illam
1496 2216 1537 2251 ab
1547 2216 1639 2250 omni
1654 2215 1809 2248 Africana
1831 2214 1974 2248 Ecclesia
2000 2213 2118 2259 Augu·
2133 2215 2206 2254 Cap.
2222 2228 2268 2252 17.

1243 2270 1344 2303 stinus
1355 2267 1538 2312 proscripsit
1549 2291 1560 2307 ,
1586 2266 1619 2301 &
1631 2265 1765 2300 obtenta
1776 2264 1941 2298 conformi
1954 2264 2118 2308 imperiali

1243 2318 1489 2364 legeadversam
1515 2315 1730 2350 Constantini
1752 2315 1879 2359 legem,
1904 2315 2042 2348 unicum
2061 2314 2118 2349 ad-

1245 2370 1455 2404 versariorum
1467 2366 1592 2409 asylum
1604 2391 1614 2405 ‚
1644 2366 1779 2408 speravit
1791 2364 2012 2409 abrogandam
2021 2391 2031 2398 .
2059 2365 2117 2398 Fa·

1239 2423 1286 2455 &a
1298 2420 1343 2453 est
1367 2418 1521 2463 Synodus
1535 2414 1593 2451 sub
1604 2415 1745 2458 Zozymi
1759 2415 1979 2455 Pontificatu,
2006 2414 2115 2458 quinti

1238 2469 1340 2505 saeculi
1352 2481 1444 2503 anno
1452 2467 1584 2502 decimo
1595 2468 1712 2500 ostavo
1725 2490 1735 2505 ,
1762 2466 1795 2499 δε
1815 2475 1925 2499 tamen
1937 2464 2005 2508 post
2018 2463 2113 2497 iilum

1236 2522 1269 2554 in
1282 2520 1366 2554 libro
1379 2519 1420 2553 de
1431 2518 1495 2552 fide
1507 2519 1539 2551 ἀ
1556 2515 1708 2559 operibus
1718 2514 1837 2556 scripsit
1848 2513 2111 2556 laudatusAugu-

1235 2571 1357 2605 stinus:
1391 2568 1541 2612 ‚Quisquis
1551 2576 1668 2598 uxorem
1680 2570 1712 2597 in
1734 2564 1879 2596 adulterio
1901 2562 2112 2606 deprehensam

1234 2620 1380 2664 dimiserit
1392 2642 1402 2658 ,
1428 2621 1463 2652 (⁶5
1481 2618 1574 2650 aliam
1594 2616 1715 2648 duxerit
1737 2638 1748 2653 ,
1774 2623 1830 2646 non
1851 2615 1972 2651 videtur
1992 2625 2114 2656 aequan-
2158 2605 2203 2635 ΕΡ·
2219 2605 2268 2634 ¹9⁹

1233 2673 1290 2703 dus
1312 2676 1375 2709 eis,
1404 2674 1454 2711 qui
1481 2674 1602 2708 excepta
1626 2662 1713 2706 causa
1737 2665 1876 2696 adulterii
1901 2665 2060 2697 dimittunt
2078 2664 2112 2698 6·

1235 2723 1359 2754 ducum.
1396 2722 1442 2753 Et
1470 2723 1502 2749 in
1528 2713 1594 2757 ipfis
1622 2718 1746 2748 Divinis
1766 2712 1926 2754 sentenms
1950 2720 1998 2746 ita
2015 2711 2112 2756 obstu-

1233 2782 1299 2802 rum
1311 2768 1368 2808 est,
1393 2777 1491 2800 utrum
1506 2764 1596 2804 &iste
1609 2788 1619 2803 ,
1645 2769 1688 2796 cui
1703 2765 1821 2804 quidem
1836 2762 1898 2804 fine
1921 2763 2007 2796 dubio
2025 2764 2113 2797 adul-

1234 2828 1328 2853 teram
1339 2820 1404 2851 Iicet
1417 2818 1576 2854 dimittere,
1591 2813 1710 2847 adulter
1721 2823 1821 2846 tamen
1833 2812 1978 2847 habeatur
1983 2813 2011 2855 si
2018 2815 2112 2848 aliam

1233 2871 1354 2902 duxerit
1365 2893 1375 2908 ‚
1403 2877 1436 2899 ut
1450 2875 1593 2909 quantum
1606 2863 1735 2904 existimo
1744 2886 1754 2901 ‚
1780 2864 1937 2896 ventaliter
1947 2864 1990 2896 ibi
2012 2860 2113 2904 quifq;

1233 2970 1255 3003 li
1270 2969 1409 3004 affirmat
1420 2963 1634 3010 permittenda
1645 2989 1655 3006 ‚
1666 2975 1780 2998 eorum
1790 2963 1854 3006 jam
1868 2963 2109 2996 contrastorum

1233 3020 1411 3063 pertinaces
1423 3017 1626 3055 defensores,
1651 3011 1740 3057 quod
1751 3012 1885 3048 dubiam
1906 3012 1939 3045 δε
1962 3011 2109 3055 probabi·

1234 3070 1297 3103 lem
1311 3068 1503 3102 sententiam
1517 3067 1721 3109 sequerentur
1740 3086 1751 3104 ‚
1775 3062 1919 3097 damnari
1935 3073 2002 3095 non
2015 3062 2085 3095 vult
2097 3084 2111 3102 ‚

1237 3131 1294 3153 nec
1321 3118 1339 3151 ὲ
1378 3116 1576 3160 baptismatis
1613 3115 1820 3149 sacramento
1860 3111 1976 3145 arceri.
2004 3110 2109 3159 Qod

1236 3170 1339 3213 ipsum
1349 3168 1562 3206 confirmare,
1593 3165 1626 3199 &
1640 3164 1678 3198 ad
1692 3161 1897 3195 Poenitentiae
1919 3163 2106 3196 Sacramen-

1236 3230 1307 3253 tum
1318 3216 1489 3253 extendere
1501 3217 1627 3250 videtur
1648 3210 1848 3250 inlaudatis,
1874 3222 1956 3254 quos
1977 3211 2014 3244 in
2038 3209 2121 3254 μεθ’

1234 3270 1291 3304 fati
1315 3269 1465 3304 Canonis
1491 3266 1589 3304 robur
1607 3264 1638 3299 ὅτ
1662 3260 1949 3298 confirmationem
1964 3260 2109 3295 omnino

1234 3320 1337 3354 edidit
1370 3343 1380 3359 ,
1407 3317 1498 3351 libris
1520 3315 1560 3348 de
1580 3309 1741 3355 conjugiis
1761 3310 1970 3344 adulterinis.
1995 3309 2109 3342 Etiam

1233 3368 1382 3404 laudatus
1408 3369 1525 3402 Canon
1553 3360 1735 3395 istiusmodi
1766 3361 1920 3405 conjugia
1958 3359 2109 3401 deinceps

1235 3417 1384 3454 contrahi
1425 3416 1595 3450 dumtaxat
1627 3409 1814 3450 interdicit,
1849 3410 2011 3444 contrasta
2039 3419 2108 3442 non

1237 3469 1413 3504 dissolvit·
1450 3461 1631 3500 Rationem
1666 3461 1723 3498 dat
1761 3461 1795 3497 in
1828 3459 2108 3542 Retraetaltignum

1970 3516 1994 3541 *1
2021 3518 2062 3544 rlS
