2352 3736
407 198 459 227 ot
496 181 724 226 Strromte
752 172 999 234 carmus,
1026 192 1074 221 Er
1106 188 1244 223 vaurts
1273 191 1331 224 AD
1367 191 1496 222 rpsun
1525 191 1869 226 SPECTANHBUS.

1957 190 2016 236 59

253 264 632 311 AngustumPrincipem
647 262 793 298 censebat
806 261 839 295 in
855 262 1011 296 Romano
1028 259 1133 300 Impe—
1179 269 1269 305 lceps
1294 271 1362 294 non
1383 258 1543 293 absorberi
1566 284 1577 299 ,
1597 259 1651 292 sed
1674 258 1845 295 dumtaxat
1866 257 2016 294 contrahi
2036 259 2079 294 ad

251 317 301 350 rio
324 316 410 359 posse
431 316 493 349 esse
516 316 680 348 summum
700 311 898 346 Pontificem
921 334 928 340 .
966 308 1059 340 Hinc
1088 320 1132 340 ta-

250 367 315 400 lem
336 364 532 400 Christianis
556 365 652 397 creari
675 371 794 396 vetarat
818 359 936 392 Edicto
959 382 971 397 ‚
997 358 1031 390 ὃς
1056 368 1133 390 curn

250 417 517 459 ejuscontempru
531 415 751 448 consecratum
774 408 968 442 Cornelium
990 408 1036 440 est
1061 406 1133 440 hor-

249 466 347 500 rende
358 467 555 509 persecutns.
587 463 638 496 Ex
650 471 716 503 quo
738 460 824 492 lucer
850 459 965 491 summi
990 458 1132 493 Pontifi-

249 516 296 549 cis
317 541 326 556 ‚
361 517 413 549 cui
433 517 530 550 etiam
552 514 585 546 in
606 511 689 544 libro
713 509 754 545 dc
768 508 938 558 *pudicitia
962 507 1132 541 attestatur

248 566 474 599 Tertullianus
494 572 512 604 ,·
543 560 674 596 titulum
702 560 763 592 esse
788 559 944 592 Romano
965 558 1131 601 Episcopo

248 616 350 659 longe
361 611 633 657 antiquiffimum.

281 663 440 702 ,Odoacri
451 661 554 705 Regis
568 661 602 694 in
615 659 762 693 Romani
783 658 956 692 pontificis
984 658 1129 693 violenta

248 729 286 750 ac
297 713 480 750 simoniaca
491 719 647 746 attentata
659 711 849 744 successores
863 707 1054 742 Gothorum
1068 709 1133 742 Re-

248 775 304 810 ges
316 762 496 797 suntetiam
519 761 697 802 prosecuti.
727 759 865 793 Acceffit
889 759 923 791 δε
949 758 1038 792 aliud
1066 769 1131 792 ma-

247 816 328 848 lum.
357 810 535 847 Ambitiofi
548 809 680 854 quidam
695 809 839 844 Romani
856 807 978 841 Clerici
990 807 1030 841 ab
1056 820 1131 842 ava-

245 862 331 898 ris&
342 873 455 896 aurum
465 861 572 894 videre
584 872 649 893 non
663 860 827 893 consuetis
840 858 1053 891 Barbarorum
1069 859 1129 898 Re·

244 912 340 957 gibus
367 911 605 946 Pontificatum
637 919 802 953 coeperunt
833 911 932 947 etiarn
967 910 1098 946 mercari
1121 934 1127 940 .

243 962 340 996 Hinc
357 962 490 997 similem
503 960 520 993 ὲ
532 961 698 994 Dioscoro
716 959 873 992 Diacono
897 958 1127 1002 iniquitatem,

244 1023 375 1055 unaque
386 1014 446 1045 suae
467 1010 632 1045 elerstionis
651 1009 787 1043 schisma
810 1007 910 1051 passus
937 1009 1129 1042 Bonifacius

242 1061 287 1095 11.
313 1074 354 1095 ex
388 1061 509 1106 Vigilii
543 1059 687 1094 Diaconi
721 1060 856 1093 consilio
879 1059 990 1091 statuit
1015 1059 1032 1091 a
1054 1059 1129 1091 vivo

241 1111 405 1147 Pontiflce
415 1112 566 1154 deinceps
578 1110 635 1144 fibi
646 1109 859 1154 deligendum
878 1120 952 1141 curn
966 1108 1093 1142 succeffi
1100 1121 1129 1141 o-

244 1162 295 1195 nis
318 1162 386 1205 jure
408 1161 644 1204 Coadjutorem
670 1184 680 1199 ,
705 1160 869 1203 elegitque
890 1156 1010 1192 dictum
1034 1157 1128 1205 Vigi-

243 1212 325 1245 lium
339 1237 345 1243 .
374 1212 600 1245 simoniacum
612 1218 789 1245 mercatum
799 1234 810 1249 ,
826 1217 961 1242 vacante
974 1208 1048 1241 sede
1061 1206 1128 1240 fieri

241 1262 434 1295 consuetum
449 1286 459 1301 ‚
469 1261 512 1294 ita
525 1260 660 1303 speravit
672 1258 949 1301 praepediendum.
973 1256 1021 1291 At
1032 1258 1128 1291 etiam

248 1312 429 1346 Decretum
453 1310 538 1344 istud
560 1321 625 1344 erat
648 1308 848 1351 Apostolicis
868 1307 1063 1341 Canonibus
1077 1307 1129 1340 ad-

241 1362 366 1395 versum
384 1387 396 1404 ,
423 1361 563 1403 ideoque
585 1358 730 1402 patrabat
758 1358 843 1396 mala
868 1382 878 1396 ‚
905 1367 939 1396 ut
963 1359 1128 1391 evenirent

240 1411 349 1444 bona.
376 1411 517 1444 Hincin
539 1410 606 1442 vita
626 1408 747 1441 laudati
770 1407 933 1439 Bonifacii
958 1406 1069 1440 scribit
1094 1407 1129 1439 li—

241 1460 300 1494 ber
310 1459 515 1494 pontificalis
527 1473 538 1491 :
565 1457 742 1498 Bonifacius
763 1458 851 1497 Papa
868 1467 950 1488 reum
961 1454 994 1498 se
1018 1454 1131 1499 confes·

238 1509 292 1553 sus
306 1510 364 1550 est,
389 1520 425 1541 ac
433 1507 530 1551 ipsicm
550 1506 789 1547 Constitutumtn
811 1505 979 1547 praesentia
1000 1513 1127 1538 omnium

239 1560 452 1598 sacerdotum,
479 1559 514 1591 6·
539 1558 619 1590 clem·
642 1581 652 1596 ,
678 1558 712 1590 (τ
732 1558 859 1589 senatus
872 1580 882 1595 ‚
908 1557 1044 1588 incendio
1063 1567 1124 1588 con·

233 1606 372 1652 sumpsr't.
399 1608 476 1642 Erat
485 1608 575 1643 enim
587 1604 739 1639 machina
754 1617 791 1638 ac
803 1603 915 1638 dolosa
927 1605 1045 1639 techna
1061 1617 1125 1639 am-

238 1658 347 1693 bitiosi
358 1657 499 1702 Vigilii,
527 1658 581 1700 qui
596 1656 704 1699 postea
729 1655 859 1688 tandem
883 1667 937 1698 per
958 1656 1125 1700 insigniter

236 1719 352 1752 pravas
361 1719 444 1742 artes
456 1707 600 1751 pervenit
614 1706 652 1740 ad
664 1705 762 1739 Ponti
770 1707 900 1738 sicarum
914 1730 920 1736 .
948 1705 1042 1739 Hinc
1066 1706 1124 1751 igi-

236 1758 451 1793 turlandatus
464 1758 620 1791 Pontifex
638 1768 691 1799 per
704 1757 860 1795 Rornanae
887 1755 1034 1790 Ecelefiae
1057 1757 1124 1790 De-

238 1808 400 1843 fensorem
415 1807 607 1850 supplicavit
629 1804 828 1839 Athalarico
850 1806 958 1851 Regi,
987 1806 1124 1848 peffimae

237 1858 333 1892 istius
344 1884 353 1899 ‚
379 1869 446 1902 quae
458 1858 625 1892 Romanas
637 1855 788 1890 Basilicas
798 1855 955 1899 expilaret
969 1857 1070 1899 usque
1083 1856 1123 1891 ad

238 1910 405 1942 sacrorum
426 1908 576 1941 vasorum
599 1905 900 1947 venundationem,
926 1905 1122 1940 ambitionis

239 1968 336 2000 atque
354 1957 507 1992 Simoniae
528 1957 701 2002 pravitates
719 1957 753 1991 &
775 1957 924 1991 scandala
946 1957 1096 2001 exposuit
1110 1981 1120 1997 ‚

240 2006 480 2053 postulavitque
491 2008 672 2044 medelam.
688 2007 731 2041 Et
743 2007 817 2040 Rex
832 2031 842 2046 ,
869 2006 943 2040 licet
955 2007 1099 2041 Asianus
1112 2032 1121 2047 ,

236 2057 380 2091 omnino
392 2057 498 2092 dedit.
529 2058 671 2091 Caflavit
696 2057 890 2091 electionem
912 2057 1119 2097 istiusmodi,

235 2107 273 2141 ἃ
284 2107 452 2142 Palatinos
463 2107 612 2150 Simonie
623 2106 815 2141 mediatores
824 2106 992 2140 damnavit
1002 2107 1041 2140 ad
1056 2107 1122 2150 ple—

235 2168 316 2190 mm
326 2160 475 2192 omnium
486 2169 686 2202 receptorum
699 2156 932 2191 restitutionem
950 2182 956 2188 .
985 2157 1028 2191 Et
1048 2158 1119 2200 qui-

237 2207 315 2241 dem
325 2220 380 2252 per
392 2210 527 2244 Senatus
539 2227 551 2234 -
562 2207 757 2243 Consultum
774 2233 784 2249 ,
808 2207 847 2241 ad
859 2207 1015 2252 majorem
1027 2206 1121 2242 firmi-

240 2266 343 2291 tatem
354 2284 361 2291 .
388 2259 545 2293 Attamen
556 2259 662 2304 Regia
672 2259 798 2293 exastio
811 2259 930 2293 mansit
945 2260 1072 2304 integra
1086 2285 1093 2292 .

289 2307 382 2340 Hinc
405 2309 473 2350 eius
491 2310 745 2343 diminutionem
768 2309 808 2343 ab
828 2309 945 2343 eodem
966 2310 1058 2354 Rege
1078 2311 1121 2343 ef-

238 2355 555 2399 flagitavitJoannes
567 2359 726 2393 secundus
738 2359 914 2399 Pontifex,
941 2359 974 2395 ὃς
997 2360 1040 2393 est
1063 2360 1119 2393 ali-

234 2404 318 2447 quid
330 2409 541 2441 consecutus.
570 2408 705 2441 Etenim
720 2408 791 2442 Rex
805 2432 815 2448 ‚
827 2408 976 2452 quiantea
985 2420 1026 2443 ex
1038 2409 1118 2444 arbi-

235 2455 301 2488 trio
310 2466 460 2500 exegerat
472 2481 482 2495 ,
498 2457 609 2491 statuit
620 2456 672 2490 sibi
686 2458 834 2501 deinceps
848 2458 940 2501 pendi
955 2460 1014 2493 tria
1029 2460 1118 2493 dum-

235 2515 326 2538 taxat
338 2506 516 2540 solidorum
529 2506 653 2540 millia:
678 2507 779 2550 quue
803 2509 995 2552 computatis
1018 2511 1116 2544 etiam

234 2553 357 2596 juribus
379 2555 562 2590 chartarum
586 2582 598 2598 ,
616 2558 669 2591 seu
703 2558 800 2602 Regii
823 2558 1021 2593 Chartularii
1048 2584 1061 2599 ‚
1084 2561 1116 2595 &

236 2604 375 2639 aliorum
390 2606 428 2640 ad
441 2606 520 2640 datae
530 2607 791 2641 confirmationis
802 2609 1047 2642 conficiendum
1069 2613 1117 2643 in—

236 2654 449 2689 strumentum
475 2658 738 2691 concurrentium
777 2657 1004 2692 Ministrorum
1029 2684 1035 2690 .
1074 2660 1114 2693 Et

238 2701 279 2733 ad
298 2703 389 2747 hujus
413 2708 590 2741 exastionis
616 2708 897 2742 contributionem
919 2720 1115 2743 concurrere

237 2750 343 2785 voluit
366 2756 448 2791 solos
474 2757 630 2798 idoneos,
650 2757 684 2791 id
710 2757 777 2798 est,
805 2757 892 2792 solos
917 2759 1114 2802 opulentos.

237 2799 371 2855 {Etenim
384 2808 527 2845 personas
540 2809 674 2841 idoneas
693 2809 754 2841 effe
775 2808 885 2848 cives,
911 2809 988 2843 licet
1008 2809 1113 2852 plebe-

237 2861 288 2892 JOS
301 2876 310 2889 ‚
322 2862 401 2895 agro
416 2856 463 2886 vel
473 2859 603 2896 pecunia
617 2858 750 2899 divites,
777 2858 917 2902 ideoque
930 2860 971 2893 ad
979 2859 1112 2893 curialia

237 2900 345 2933 &alia
360 2902 556 2944 Reipublicae
576 2919 671 2940 onera
696 2908 832 2942 idoneos
845 2933 854 2947 ‚
881 2909 1000 2943 docent
1028 2910 1112 2953 leges

238 2951 376 2983 variaein
391 2951 624 2989 Theodofiano
637 2958 805 2998 praesertim
827 2959 970 2992 Codioe.
1014 2960 1111 2992 Mare

239 3002 271 3033 in
286 3000 467 3034 Athalarici
494 3003 609 3037 Edisto
626 3015 730 3040 textus
752 3008 795 3041 est
819 3008 974 3042 vitiatus.-
1003 3014 1111 3043 Omnes

238 3051 355 3083 rdoneos
377 3063 558 3084 removemur
585 3078 591 3084 .
623 3054 813 3098 Legendum
833 3058 877 3090 est
900 3081 912 3096 ,
937 3060 1110 3092 Intdoneos.

237 3101 331 3133 Hinc
344 3102 431 3134 enim
446 3102 605 3144 sequitur:
634 3105 718 3146 ,Quia
737 3107 772 3138 de
787 3106 975 3148 Ecclesiastico
998 3121 1113 3142 munere

231 3150 414 3190 pauperibus
435 3152 471 3189 cst
489 3153 589 3192 poetas
606 3151 841 3193 subveniendum
861 3181 867 3188 .
896 3158 974 3191 Hoc
983 3158 1027 3191 est
1043 3185 1052 3198 ,
1073 3159 1112 3191 ab

238 3200 308 3242 ipsis
321 3199 403 3233 nihil
413 3202 540 3245 exigere
551 3201 647 3235 debet
660 3202 801 3236 Ecclesia
812 3228 821 3242 ‚
835 3206 886 3238 sed
901 3206 1008 3248 potius
1017 3208 1112 3243 dona-

235 3261 267 3282 re
285 3274 290 3280 .
315 3250 364 3282 Ex
378 3249 489 3283 eadem
508 3251 733 3285 benevolentia
746 3251 868 3286 subdit:
890 3259 926 3287 In
935 3258 1111 3291 clvitatt'bus

230 3298 295 3342 suis
307 3300 472 3339 tenuiffimae
480 3302 557 3340 plebi
570 3314 627 3334 non
637 3302 764 3343 amplias
774 3309 947 3346 quingentos
961 3303 1068 3346 fhlt'dos
1079 3306 1111 3350 fi

233 3349 434 3389 distributuros
447 3350 496 3392 effe
505 3350 689 3394 cognoscam.
720 3352 819 3385 Avita
832 3353 975 3387 Romani
998 3354 1109 3390 Ponti-

232 3400 302 3432 ficis
317 3410 372 3432 aut
384 3399 523 3434 aliorum
536 3399 794 3435 patriarcharum
809 3403 840 3435 in
856 3403 989 3437 Clerum
1000 3405 1032 3438 δε
1055 3418 1109 3448 po-

232 3449 343 3491 pulum
357 3450 511 3492 donaper
533 3450 674 3494 Regiam
697 3453 902 3487 exactionem
927 3455 994 3488 vult
1019 3455 1107 3489 dein·

330 3499 518 3541 chrtstJsupi
530 3505 613 3542 Ofcr.
625 3504 718 3534 Tomi
721 3507 754 3535 V.

1197 319 1370 351 pauperes,
1397 309 1537 353 ideoque
1548 308 1634 342 fibra
1655 308 1820 344 pontifice
1841 310 1974 353 quidem
1996 309 2081 350 tria,

1197 357 1236 390 ab
1247 358 1320 390 aliis
1332 358 1531 393 Patriarchis
1553 359 1620 392 duo
1643 358 1815 392 dumtaxat
1834 360 1931 401 pendi
1961 359 2084 393 solido-

1197 418 1268 439 rum
1280 407 1381 440 millia
1401 432 1407 439 .
1436 408 1515 442 Haec
1527 410 1565 443 ad
1591 408 1794 443 Patriarchas
1817 409 1910 442 verba
1925 434 1935 448 ,
1963 412 2080 453 Dignos

1196 456 1345 498 Majestati
1370 458 1524 499 Pontifices
1543 459 1669 499 offbrant
1687 484 1697 499 ,
1724 458 1903 494 ostendunt
1924 461 2080 493 omnium

1194 507 1293 539 etiarn
1318 506 1575 541 provincialium
1597 510 1836 552 Episcoporum
1862 507 2083 542 confirmatio-

1197 568 1270 591 nem
1292 557 1386 589 fuiss„-
1406 556 1491 600 Regi
1515 558 1724 598 reservatam,
1753 559 1887 594 liberam
1908 569 2020 592 tamen
2038 558 2081 592 ab

1194 607 1383 639 exactione.
1411 606 1512 652 Qod
1524 617 1664 650 namque
1692 609 1898 653 Episcopales
1922 608 2081 643 Italorum

1194 654 1363 689 Cathedrae
1375 667 1454 690 tunc
1475 656 1587 699 paffim
1611 657 1711 690 essent
1731 670 1905 702 pauperes,
1931 658 2019 693 lucet
2039 670 2081 692 ex

1193 704 1374 740 Ammiano
1386 706 1610 745 Marcellino,
1636 717 1752 751 agente
1765 708 1804 741 de
1826 709 1983 742 elefflone
2006 710 2086 743 San-

1193 756 1233 788 &i
1246 755 1378 789 Damasi
1393 782 1404 797 ,
1431 768 1472 790 ex
1482 756 1578 790 variis
1602 757 1706 789 Sansti
1730 758 1881 801 Gregorii
1905 759 2084 801 Epistolis‚

1192 806 1224 839 ὃ(
1236 815 1276 838 ex
1293 805 1380 840 Cleri
1393 807 1497 840 Italici
1514 806 1627 840 litteris
1637 807 1676 840 ad
1690 807 1892 840 Francorum
1920 809 2085 852 LegatOS,

1193 855 1431 897 proficiscentes
1455 856 1781 901 Constantinopolim
1803 856 1843 890 ad
1866 857 2086 900 Justinianum

1193 905 1382 950 Augustum
1397 932 1404 939 .

1242 956 1280 989 ln
1306 955 1487 991 Athalarici
1513 957 1634 1002 Regno
1657 957 1739 992 nulli
1761 967 1872 1001 praeter
1894 958 2086 993 Romanum

1193 1016 1289 1040 erant
1311 1006 1504 1042 Patriarchae
1524 1032 1535 1048 ,
1563 1009 1705 1052 ideoque
1725 1009 1885 1050 queritur,
1914 1010 2087 1052 quomodo

1193 1054 1257 1089 hoc
1270 1057 1364 1091 suum
1380 1058 1532 1092 Edistum
1545 1060 1623 1092 velit
1635 1072 1701 1092 non
1716 1058 1926 1093 solummodo
1947 1060 1986 1092 ad
2016 1060 2088 1093 Ro-

1194 1117 1326 1141 manum
1345 1133 1356 1148 ,
1386 1108 1437 1142 sed
1457 1108 1597 1142 omnino
1619 1108 1659 1143 ad
1683 1110 1850 1142 universos
1885 1108 2087 1143 patriarchas

1193 1168 1289 1199 atque
1312 1158 1590 1202 Metropolitanas
1615 1159 1770 1192 Ecclesias
1795 1159 1954 1202 pertinere
1970 1160 1986 1190 ἕ
2014 1160 2092 1194 Do-

1194 1207 1301 1241 minus
1312 1208 1497 1247 Cardinalis
1510 1209 1614 1242 Caesar
1627 1209 1787 1242 Batonius
1799 1219 1852 1252 per
1875 1209 2080 1243 patriarchas

1196 1257 1413 1303 vultintelligi
1437 1259 1689 1302 Metropolitas,
1717 1260 1831 1302 utique
1853 1258 2088 1294 Mediolanen-

1193 1306 1256 1339 sem
1281 1319 1318 1340 ac
1341 1308 1584 1351 Aquileiensem
1609 1332 1620 1348 ‚
1644 1310 1678 1343 δε
1701 1309 1952 1343 Ravennatem.
1978 1309 2082 1356 Qd

1191 1356 1369 1391 enimtunc
1382 1369 1439 1392 nec
1452 1358 1622 1398 Calabria,
1650 1370 1712 1391 nec
1725 1359 1869 1401 Apulia,
1897 1371 1957 1393 nec
1983 1361 2085 1394 Cam-

1193 1407 1286 1447 pania
1308 1431 1321 1447 ,
1358 1419 1419 1441 nec
1439 1408 1504 1452 ipsa
1525 1407 1635 1442 Sicilia
1652 1418 1707 1442 aut
1740 1408 1891 1442 Thuscia
1927 1407 2085 1444 haberent

1191 1456 1441 1498 Metropolitas,
1469 1456 1523 1489 sed
1537 1457 1736 1500 suffraganeo
1747 1458 1817 1499 jure
1838 1458 2014 1500 spectarent
2038 1460 2080 1493 ad

1191 1505 1377 1538 Romanam
1395 1505 1613 1548 Metropolim
1639 1530 1649 1543 ‚
1684 1507 1719 1539 in
1754 1507 1941 1540 Graecarum
1976 1509 2079 1552 Syno-

1188 1553 1306 1587 dorum
1319 1554 1451 1589 scholiis
1463 1555 1508 1589 est
1530 1556 1713 1589 ostensum.
1746 1554 1805 1589 Ast
1829 1554 1982 1592 Edictum
2003 1559 2085 1593 luci-

1187 1602 1226 1636 de
1252 1603 1425 1648 distinguit
1448 1605 1532 1638 inter
1553 1605 1756 1639 patriarchas
1777 1606 1811 1640 ὃς
1837 1607 1992 1640 Ecclesms
2008 1608 2086 1643 Me-

1188 1655 1419 1696 tropolitanas.
1449 1656 1561 1703 Qare
1572 1655 1686 1690 malim
1706 1666 1878 1698 utramque
1903 1669 2019 1692 vocem
2045 1660 2082 1693 in

1186 1705 1340 1738 consueta
1352 1705 1592 1750 significatione
1612 1707 1766 1750 supponi.
1795 1706 1990 1742 Gothorum
2015 1709 2080 1743 Re-

1185 1765 1242 1797 ges
1252 1756 1372 1788 censeri
1388 1756 1562 1790 noluerunt
1576 1756 1721 1789 Romani
1735 1756 1865 1801 Imperii
1892 1757 2001 1792 hostes
2022 1771 2079 1794 aut

1187 1805 1397 1845 laceratores,
1426 1804 1477 1838 sed
1501 1806 1643 1850 Augusti
1665 1806 1832 1850 Collegae,
1854 1808 2075 1852 Rectoresque

1185 1854 1316 1898 Imperii
1337 1856 1584 1893 Occidentalis,
1612 1856 1776 1890 Romanis
1797 1859 1904 1891 vixere
1924 1859 2081 1903 legibus:

1184 1903 1486 1949 Hinc&Augusto
1498 1917 1589 1940 more
1600 1906 1714 1940 Edisti
1728 1907 1781 1940 sua
1803 1930 1813 1946 ,
1841 1907 1963 1952 LegeS‚
1998 1910 2076 1944 San-

1184 1955 1306 1989 stiones
1320 1957 1555 1999 pragmaticas,
1582 1957 1914 1998 Senatus-Consulta‚
1940 1970 2006 1992 non
2033 1961 2075 1994 ad

1183 2005 1268 2038 solos
1284 2006 1331 2039 sui
1352 2006 1486 2049 Regni,
1509 2007 1560 2039 sed
1585 2006 1626 2040 ad
1651 2018 1767 2041 omnes
1790 2007 1890 2042 totius
1917 2010 2080 2044 Romana:

1184 2053 1382 2098 Reipublicae
1403 2055 1446 2094 ho
1460 2057 1552 2090 niues
1576 2057 1767 2101 scripserunt
1794 2083 1804 2099 ‚
1841 2059 1879 2092 ὅς’
1903 2059 2077 2095 voluerunt

1183 2105 1341 2149 pertinere
1360 2133 1367 2139 -

1231 2156 1274 2192 Et
1285 2159 1417 2202 quidem
1432 2158 1466 2195 in
1491 2159 1634 2195 barbaris
1658 2160 1806 2205 Regibus
1828 2159 1957 2195 tolerari
1985 2172 2078 2204 potc-

1180 2208 1451 2244 ratistaexastio.
1480 2212 1527 2243 At
1542 2213 1614 2253 quis
1633 2211 1775 2245 crederet
1799 2211 1902 2254 ipsam
1933 2210 1975 2244 ab
1999 2212 2076 2246 isto-

1178 2268 1251 2291 rum
1272 2260 1440 2302 expulsore
1464 2260 1649 2303 Justiniano
1672 2260 1826 2305 Augusto
1850 2261 1944 2295 fuisse
1966 2265 2075 2295 conti-

1178 2316 1310 2343 nuatam
1325 2310 1341 2340 ?
1365 2309 1462 2343 Certe
1475 2310 1662 2344 Romanam
1677 2311 1852 2345 Ecclesiam
1865 2310 1997 2345 reddere
2020 2311 2074 2345 de-

1179 2358 1291 2393 buerat
1304 2360 1336 2393 in
1347 2360 1467 2394 avitam
1479 2359 1660 2394 libertatem
1672 2387 1678 2393 .
1691 2360 1816 2394 Verum
1828 2361 1928 2395 altera
1941 2373 2072 2405 aquam,

1178 2409 1277 2443 altera
1302 2420 1400 2443 manu
1427 2410 1575 2453 portabat
1595 2410 1727 2454 ignem.
1755 2410 1869 2444 Hodie
1892 2413 2003 2446 fovere
2026 2414 2074 2445 vi·

1182 2458 1338 2500 debatur,
1365 2470 1433 2494 cras
1446 2459 1668 2494 Eccl‘efiastica
1690 2462 1758 2505 jura
1781 2460 1942 2495 hostiliter
1960 2464 2071 2496 tracta-

1183 2509 1254 2541 bat.
1282 2510 1321 2543 Se
1331 2509 1483 2543 victorem
1508 2510 1676 2545 succedere
1700 2511 1783 2545 dixit
1807 2512 1838 2545 in
1861 2512 1976 2546 omnia
1999 2512 2068 2546 Go-

1181 2557 1313 2592 thorum
1326 2559 1413 2602 jum,
1442 2559 1578 2604 ideoque
1591 2562 1623 2594 δε
1636 2562 1669 2594 in
1684 2562 1759 2595 istas
1770 2562 1954 2596 exastiones
1967 2585 1975 2594 .
2003 2562 2066 2597 Eo-

1180 2608 1255 2642 dem
1265 2610 1344 2651 pede
1365 2610 1519 2656 progressi
1540 2611 1615 2646 sunt
1637 2611 1778 2654 Justinus
1799 2611 1978 2652 secundus,
2006 2612 2067 2646 Ti·

1181 2658 1285 2693 berius
1308 2660 1546 2695 Constantinus
1566 2686 1576 2700 ,
1613 2662 1646 2695 ὅτ.
1666 2661 1846 2696 Mauritius
1870 2662 2062 2706 Augustus,

1179 2710 1327 2742 adversus
1357 2722 1454 2754 quern
1478 2711 1587 2746 scribit
1621 2713 1654 2745 in
1681 2713 1789 2756 quinti
1821 2712 2063 2747 Poenitentialis

1179 2758 1298 2792 Psalmi
1322 2763 1563 2795 commentario
1580 2763 1610 2796 S.
1633 2763 1814 2807 Gregorius
1836 2773 1991 2808 magnus:
2018 2764 2062 2793 ςέ-

1178 2816 1317 2842 montana
1328 2810 1440 2850 haeresir
1454 2811 1555 2851 nostris
1578 2815 1709 2845 maxim?
1731 2813 1906 2855 temporibus
1933 2811 2060 2844 malitlae

1173 2858 1236 2901 suae
1248 2866 1334 2893 virus
1347 2869 1477 2894 exercuit
1487 2887 1496 2901 ‚
1515 2864 1549 2895 <5
1559 2869 1650 2895 totius
1664 2866 1694 2894 E
1697 2863 1797 2904 cclesiae
1804 2872 1909 2906 pacem
1919 2859 2060 2904 scbl'fina-

1159 2914 1161 2941 l
1177 2916 1236 2941 tica
1250 2910 1433 2952 infestatione
1443 2912 1582 2946 turbavit
1593 2938 1598 2943 .
1631 2918 1804 2946 com-travit
1814 2920 1892 2947 enlm
1904 2912 2057 2944 adversi&

1177 2959 1334 3001 Ecclesiam
1358 2964 1412 2993 Det'
1436 2986 1445 3001 ,
1485 2973 1542 2995 mn
1565 2961 1660 3005 fhlum
1683 2962 1926 3008 innumerabilem
1954 2962 2057 3001 populi

1159 3024 1161 3052 Ι
1176 3012 1399 3043 multitudinem
1414 3036 1423 3050 ,
1453 3013 1554 3044 veriam
1567 3019 1659 3046 etiam
1669 3016 1790 3054 Rng'am
1803 3035 1813 3050 ,
1849 3023 1858 3044 1
1861 3011 1920 3052 fin
1932 3009 1972 3049 cst
1980 3011 2059 3043 dice·

1175 3070 1206 3091 re
1219 3084 1228 3099 ,
1240 3061 1430 3101 potestatem.
1461 3064 1557 3094 Nulla
1568 3068 1647 3094 em'm
1658 3068 1732 3092 ratio
1738 3060 1810 3100 finit
1820 3083 1830 3098 ‚
1859 3071 1892 3092 ut
1903 3067 1980 3092 inter
1996 3063 2056 3093 Re·

1171 3120 1225 3151 ges
1238 3110 1383 3142 habeatur
1395 3117 1446 3151 qui
1457 3111 1578 3150 destruit
1596 3111 1696 3151 potiar
1710 3134 1720 3149 ,
1745 3122 1835 3151 quam
1851 3119 1934 3154 regat
1955 3114 2052 3151 Impe-

1176 3165 1254 3190 rium
1266 3182 1276 3197 ,
1304 3161 1339 3191 Θ
1348 3159 1536 3200 quoscumque
1547 3159 1753 3201 haberepotest
1762 3159 1969 3201 perverfitatls
1985 3158 2052 3201 suae

1169 3206 1274 3251 sbcios,
1286 3219 1331 3240 eos
1345 3209 1364 3238 ἃ
1376 3208 1484 3247 christi
1499 3206 1633 3250 consortIo
1634 3208 1716 3250 facit
1729 3211 1838 3243 allenor
1850 3236 1856 3242 .
1870 3213 1933 3255 ,Qui
1944 3208 2054 3252 turpifi-

1167 3257 1235 3299 fitm‘
1246 3259 1318 3290 lucri
1328 3258 1490 3296 cupiditate
1504 3258 1615 3291 meiius
1628 3281 1638 3296 ‚
1661 3261 1681 3291 5
1678 3258 1803 3301 ponfiim
1826 3260 1934 3301 Christi
1957 3265 2052 3301 capti-

1174 3319 1247 3340 vam
1257 3312 1334 3348 cupit
1347 3305 1487 3340 abducere
1498 3332 1508 3347 ‚
1530 3310 1563 3342 ἶς’
1570 3309 1703 3349 ptzfflom's
1716 3311 1875 3343 Dominicae
1885 3314 1905 3344 5
1906 3322 2053 3345 aeramen·

1172 3367 1236 3389 tum
1258 3354 1329 3399 aufi⁴
1351 3363 1502 3389 temerario
1521 3359 1667 3391 contendit
1687 3371 1831 3394 evacuare
1854 3386 1861 3393 .
1894 3358 2051 3399 Ecclefiam

1171 3414 1288 3448 quippe,
1302 3406 1452 3449 quamfiji
1465 3410 1483 3440 5
1485 3415 1626 3451 angulm'r
1631 3416 1730 3450 pretio
1741 3412 1926 3452 redemptam
1943 3414 1962 3442 5
1964 3408 2052 3440 alva-

1168 3465 1213 3489 tor
1221 3456 1308 3496 nester
1319 3458 1410 3491 voluit
1420 3457 1470 3500 effe
1482 3459 1606 3491 liberam
1618 3482 1626 3496 ‚
1651 3458 1728 3493 banc
1753 3459 1800 3500 iste
1820 3460 1971 3502 potestatis
1995 3459 2052 3489 Re·

1592 3510 1628 3542 H
1680 3521 1701 3545 2
1943 3514 2004 3552 giae
