2352 3736
427 183 478 212 DE
517 168 711 211 SIMONIAE
746 177 955 223 CRIMINE,
993 178 1044 207 ET
1078 177 1219 208 VARIIS
1256 177 1315 207 AD
1350 176 1472 207 IPSUM
1507 171 1834 209 SPECTANTIBUS.

228 250 286 296 fid
301 253 391 284 etiam
413 248 574 282 humanam
592 252 728 292 gratiam
750 259 806 280 non
818 252 960 288 requirit.
987 245 1102 278 Latius

234 300 302 335 haec
324 299 423 334 tradit
445 300 479 333 δε
499 299 637 342 exponit
658 299 693 331 in
715 297 828 331 litteris
851 296 891 329 ad
914 294 1103 328 Antonium

217 366 219 368 ·
233 349 478 385 Subdiaconum
491 373 501 389 ‚
531 347 714 391 Apostolici
726 350 760 381 in
774 346 942 380 Dalmatia
955 345 1108 387 patrimo-

189 394 201 403 *
234 400 284 435 nii
299 402 453 435 restorem
465 423 475 439 ‚
503 409 601 443 agens
612 398 651 432 de
663 395 808 430 facienda
818 393 976 428 electione
991 393 1107 427 Archi·

233 450 378 494 episcopi
400 447 604 484 Salonitani:
630 447 711 479 Illud
724 453 792 486 prae
802 442 933 477 omnibus
955 443 1010 477 tibi
1028 455 1107 477 curae

63 520 120 551 &a
159 490 198 550 ¹1⁰*
229 497 288 542 fit,
312 505 387 534 utin
397 499 451 533 bac
463 498 597 533 elee‘lione
616 507 668 529 nec
678 496 761 527 datio
771 492 934 537 quibusque
957 495 1051 526 modis
1062 498 1107 526 in-

71 562 127 599 Ep.
153 532 208 589 22?
235 553 603 591 terveniatpraemiorum,
629 555 678 579 nec
700 544 898 587 quarumlibet
914 542 1108 588 personarum

230 605 402 643 patrocinia
422 594 624 638 convalescant
636 619 643 626 .
671 599 758 628 Nam
770 595 801 637 fi
806 596 991 637 quorundam
1008 602 1109 635 patro-

240 656 316 684 cinio
329 649 428 691 fuerit
436 644 591 688 quisquam
610 644 734 686 electus,
764 644 970 678 voluntatibus
992 655 1110 684 eorum,

235 712 302 734 cum
311 698 410 741 fuerit
430 697 586 728 ordinatus
608 720 619 736 ‚
644 695 758 729 obedire
771 701 938 729 reverentia
976 700 1109 737 exigente

236 747 433 790 compellitur.
460 747 508 778 Sic
521 745 560 787 fit
574 771 584 786 ,
610 755 643 778 ut
663 747 753 779 &res
767 745 847 778 illius
868 751 1042 778 minuantur
1053 747 1109 776 Ec-

238 796 347 840 desse,
375 797 488 830 &ordo
511 794 720 836 Ecclesiasticus
743 807 801 828 non
818 794 955 838 servetur
969 820 976 827 .
1004 794 1048 827 Et
1071 793 1111 827 ad

237 849 397 892 Ioannem
420 846 668 888 Metropolitam
692 857 728 879 ac
739 844 917 880 Primatem
941 845 1049 888 primae
1061 845 1109 886 Ju-

62 906 124 937 Lib.
150 918 177 942 4.
235 897 398 930 stinianae:
426 901 479 929 Ne
488 906 627 938 umquam
648 897 850 933 ordinationes
861 895 968 937 facere
988 900 1109 928 tentetis

62 946 150 986 Epist.
169 951 194 977 8·
234 947 357 981 illicitas
370 970 381 986 ,
399 943 459 989 sed
459 945 492 987 fi
495 957 566 988 quos
577 947 623 978 ad
633 945 796 978 clericatus
810 947 954 979 Ordinem
966 970 977 986 ,
1002 944 1056 978 vel
1060 952 1109 986 po-

233 1002 337 1030 tiorem
342 996 427 1039 forte
432 997 562 1039 gradum
571 1002 738 1038 promoveri
756 1001 905 1039 contigerit
916 1020 927 1035 ‚
952 1007 1010 1028 non
1030 1003 1111 1037 prae·

235 1053 317 1087 sotiis,
329 1056 383 1081 aut
392 1047 530 1089 precibus
542 1070 553 1086 ,
563 1045 621 1089 sed
630 1051 744 1079 meritis
755 1047 927 1079 ordinentur
939 1070 946 1077 .
974 1045 1055 1079 Non
1069 1046 1113 1077 so·

234 1097 305 1131 lum
316 1097 445 1141 praemia
456 1121 467 1137 ‚
493 1096 547 1131 sed
568 1097 603 1130 &
614 1107 721 1140 preces
743 1098 805 1130 effe
829 1096 911 1130 dicit
922 1094 1116 1130 Simoniacae

235 1146 363 1181 haerefis
375 1146 527 1189 laqueos:
556 1146 644 1188 quod
660 1145 776 1189 nempe
794 1156 850 1190 per
867 1156 977 1190 preces
987 1156 1117 1190 promo-

65 1213 215 1250 L7·EP·5·
236 1208 291 1231 tus
303 1199 361 1230 suo
372 1198 481 1240 postea
494 1196 682 1230 Promotori
703 1195 886 1240 obligetur.
913 1196 958 1229 Et
982 1195 1117 1228 inlitte-

238 1249 282 1281 ris
293 1247 332 1281 ad
344 1246 585 1281 Brunichildim
597 1246 764 1289 Reginam
778 1246 978 1279 Francorum
991 1257 998 1277 x
1025 1244 1115 1277 cbri-

232 1297 402 1338 flianitatis
422 1296 527 1337 veflrae
542 1294 693 1338 solicitudo
715 1296 872 1338 diligenter
899 1295 1036 1338 invigilet
1048 1319 1059 1335 ‚
1084 1303 1117 1327 ut

238 1347 352 1381 nullum
362 1344 527 1390 adsacrum
539 1347 684 1378 Ordinem
698 1356 735 1378 ex
747 1346 866 1379 datione
883 1350 1015 1387 pecuniae
1029 1369 1039 1385 ,
1065 1345 1119 1378 vel

239 1397 437 1439 quarumlibet
444 1400 608 1437 patrocinio
615 1393 809 1438 persimarum
815 1400 957 1436 patiatur
970 1395 1114 1427 accedere.

239 1446 356 1481 Preces
368 1447 492 1479 rursum
503 1444 585 1478 dicit
593 1445 655 1478 ess'e
666 1443 886 1478 simoniacam
897 1442 1001 1477 haerefi
1009 1457 1026 1477 n
1041 1468 1050 1483 ,
1074 1455 1115 1477 ex

241 1507 307 1540 qua
316 1495 486 1529 immineat
498 1493 606 1538 Regni
619 1495 710 1527 ruina
724 1519 731 1525 .
760 1493 852 1528 Idem
864 1493 961 1528 docet
975 1495 1008 1527 in
1030 1494 1117 1528 litte-

240 1547 286 1579 ris
297 1543 337 1579 ad
347 1543 551 1578 Columbum
575 1543 684 1578 neseio
697 1542 788 1586 cujus
807 1545 842 1577 in
855 1544 1015 1578 Numidia
1027 1542 1116 1578 Sedis

241 1595 461 1639 Episcopum,
476 1593 556 1626 &in
569 1593 685 1627 litteris
697 1593 738 1627 ad
750 1593 961 1628 Adeodatum
973 1594 1116 1637 ejusdem

240 1643 421 1679 Provinciae
431 1643 628 1677 Primatem.
656 1645 773 1678 Fateor
791 1643 1094 1678 commendationes
1107 1668 1118 1683 ‚

239 1704 360 1739 preeeS,
371 1694 550 1738 patrocinia
563 1694 650 1736 posse
663 1695 729 1727 siue
743 1695 890 1728 Simonia
901 1719 912 1734 ,
925 1696 991 1727 imo
1008 1694 1040 1727 &
1054 1695 1118 1727 fine

238 1755 378 1789 peccato
391 1745 472 1786 fieri,
486 1754 595 1777 verum
608 1743 759 1777 rariffime
772 1745 815 1777 ita
826 1744 909 1778 fiunt
920 1770 930 1785 ,
947 1745 1117 1788 praesertim

238 1793 378 1828 {laicis
405 1793 487 1827 Non
500 1794 568 1827 alio
588 1795 678 1827 enim
698 1795 765 1828 fine
777 1794 811 1827 hi
836 1795 1119 1838 paffimcommen-

240 1843 322 1881 dant
331 1867 342 1882 ‚
354 1844 410 1877 nili
420 1852 456 1877 ut
467 1853 618 1886 promoto
629 1844 794 1887 Episcopo
806 1855 862 1879 aut
873 1843 1002 1878 Clerico
1015 1844 1119 1878 domi-

240 1903 363 1928 nentur
381 1892 611 1938 postmodum,
638 1895 672 1928 ὃς
696 1896 799 1938 precis
817 1907 854 1929 ac
875 1895 1048 1938 patrocinii
1071 1896 1118 1928 sui

239 1942 399 1986 stipendia
411 1944 654 1986 consequantur
665 1968 675 1984 ,
702 1956 772 1988 quae
782 1945 826 1978 est
840 1945 934 1987 plena
946 1946 1095 1980 Simonia
1112 1970 1118 1976 .

241 2010 249 2015 ν
291 1993 337 2026 Et
356 1991 424 2026 haec
445 1990 640 2038 Theologia
661 1994 706 2028 est
720 1995 955 2037 antiquiffima.
985 1995 1117 2028 Etenim

241 2039 473 2086 Theophilum
486 2043 693 2076 Alexandriae
704 2042 927 2079 Patriarcham
938 2069 948 2084 ,
972 2043 1060 2087 quod
1074 2056 1119 2078 ra-

241 2103 281 2127 ro
291 2092 377 2126 viros
387 2094 530 2126 sensatos
543 2093 731 2137 &integros
743 2118 753 2133 ‚
780 2094 834 2128 sed
848 2093 958 2137 passim
971 2094 1116 2134 vitiosos,

242 2153 385 2186 quorum
414 2143 565 2188 suffragio
597 2143 805 2186 postmodum
832 2144 1055 2178 dominaretur
1081 2145 1116 2178 in

241 2191 307 2225 suis
317 2192 480 2236 Synodis,
507 2192 680 2227 Cathedris
702 2193 950 2238 Episcopalibus
972 2195 1116 2238 impone-

242 2250 311 2279 ret,
336 2243 475 2286 graviter
485 2244 594 2287 arguit
616 2243 649 2277 in
661 2243 810 2289 Dialogo
834 2256 909 2278 cum
931 2244 1116 2278 Theodoro

245 2289 404 2324 Romanae
416 2292 562 2326 Eccleliae
573 2293 730 2327 Diacono
742 2294 781 2327 de
795 2294 890 2338 gestis
901 2294 1005 2327 Sancti
1024 2294 1116 2336 Joan-

244 2337 296 2371 nis
309 2339 535 2382 Chrysostomi
549 2367 557 2381 ‚
574 2344 608 2375 ὃς
618 2342 750 2376 damnat
760 2342 925 2377 Palladius
937 2343 1115 2387 Episcopus

241 2387 563 2431 Helenopolitanus.
592 2390 636 2424 Et
656 2392 696 2425 ad
722 2393 819 2426 ltaliae
842 2404 878 2426 ac
899 2393 1016 2428 Galliae
1041 2395 1115 2438 Epi-

241 2438 358 2480 scopos
375 2438 484 2472 scribit
504 2439 635 2474 Sanetus
658 2442 793 2476 Basilius
814 2443 959 2488 Magnus
978 2458 989 2477 .·
1016 2446 1115 2479 Multa

238 2488 326 2528 apud
338 2499 390 2521 nos
405 2499 459 2531 per
471 2490 597 2523 evestos
615 2488 655 2522 ab
668 2491 718 2524 Eu
725 2492 850 2526 sebiana
862 2492 1059 2529 Arianorum
1071 2497 1115 2530 fa-

238 2537 346 2571 &ione
364 2538 544 2581 Episcopos
561 2541 705 2581 peccandi
734 2542 858 2575 libertas
879 2551 969 2584 patet
992 2570 1000 2576 .
1027 2549 1114 2579 Nam

239 2592 290 2630 qui
295 2586 407 2628 favore
417 2587 545 2621 humano
555 2591 600 2622 ad
606 2595 760 2632 imperium
780 2593 966 2627 devenerunt
976 2618 986 2634 ,
1017 2597 1115 2630 eodem

239 2632 300 2678 ipsit
318 2637 441 2678 favoris
457 2644 592 2682 gratiam
614 2642 738 2683 implent
759 2667 766 2674 .
793 2647 866 2676 Non
885 2643 974 2677 libere
995 2645 1115 2688 loquun-

244 2692 310 2717 tur.
337 2691 423 2720 Nam
445 2695 494 2731 qui
507 2697 559 2731 per
588 2689 717 2726 homines
721 2691 778 2734 fibi
797 2693 862 2735 ipfis
876 2694 1048 2735 potestatem
1069 2709 1115 2730 ac-

243 2734 396 2774 quffi‘rlmt
410 2762 420 2778 ‚
443 2738 528 2782 servi
534 2738 608 2783 sunt
621 2754 718 2775 eorum
729 2768 738 2783 ,
765 2743 1002 2787 quorumfavore
1014 2747 1114 2787 adjuti

238 2780 312 2837 [um
327 2806 334 2813 ·
360 2784 509 2826 Ejusdem
531 2791 677 2826 criminis
694 2817 703 2832 ,
729 2794 763 2826 &
787 2795 914 2827 suarum
938 2806 991 2838 per
1010 2797 1113 2839 ipsum

244 2843 285 2887 m-
304 2831 462 2875 Ephefina
476 2839 612 2880 Synodo
625 2843 826 2885 expletarum
850 2845 1091 2888 cogitationum
1104 2871 1113 2886 ‚

243 2890 340 2936 ettam
366 2883 497 2918 sanetus
518 2888 661 2931 Cyrillus
687 2891 891 2927 Alexandriae
918 2896 951 2928 δε
974 2897 1113 2938 Joannes

241 2929 433 2987 Antiochiae
455 2934 638 2975 Patriarcha
665 2943 727 2977 sese
758 2954 874 2978 mutuo
902 2947 1114 2987 accusarunt,

243 2978 470 3036 ‚Episcopalem
491 2985 681 3025 elestionem
699 3017 710 3033 ,
736 2994 785 3028 uti
812 3004 881 3028 non
902 2996 1005 3037 pretio
1029 2998 1115 3035 emi,

243 3039 288 3064 lta
304 3041 364 3065 nec
394 3030 600 3076 obsequentis
625 3041 773 3081 operibus
798 3046 884 3087 posse
896 3046 991 3087 quaeri
1006 3047 1114 3080 scribit

242 3079 343 3115 etiam
366 3082 546 3118 Hormisda
571 3085 727 3122 Pontifex
747 3092 787 3125 ad
813 3095 979 3128 universos
1002 3096 1104 3139 Hispa

245 3130 373 3164 niarum
395 3132 595 3177 Episcopos.
625 3137 667 3169 Et
690 3137 723 3170 in
740 3138 1006 3183 Apostolicorum
1019 3145 1104 3180 Asto

242 3190 317 3213 rum
339 3180 593 3218 Commentariis
613 3187 746 3221 Sanctus
760 3189 898 3231 Joannes
926 3194 1103 3236 Chrysosto

243 3239 315 3263 mus
330 3242 341 3261 .·»
367 3234 471 3274 Cogita
481 3236 558 3275 quid
565 3237 704 3268 acciderit
727 3240 850 3271 Simoni.
879 3243 1051 3283 ‚Quidemm
1071 3257 1102 3279 re

240 3276 306 3320 fert
317 3303 328 3319 ,
347 3278 378 3320 fi
386 3292 443 3313 non
452 3282 509 3314 das
528 3292 686 3325 pecuniam
698 3311 708 3326 ,
732 3286 789 3329 sed
797 3296 927 3329 pecuniae
937 3294 992 3325 1050
1012 3295 1115 3328 adala-

63 483 164 512 1..2.'

66 1515 129 1546 Lib.
152 1526 178 1544 2·

63 1555 142 1586 Dici.
159 1565 199 1586 ιι.

62 1596 111 1631 Ep.
130 1604 178 1630 47-

61 1635 116 1672 ΕΡ.
130 1637 178 1671 4⁸⁸

70 2542 123 2580 Ep.
136 2543 186 2578 63.

70 2923 121 2958 ΕΡ.
141 2923 187 2949 28·

70 2969 98 2990 c.
120 2971 144 2988 ι.

243 3334 287 3361 ris
301 3352 311 3368 ,
334 3327 481 3371 subornas
496 3355 506 3371 ‚
532 3337 624 3369 multa
634 3336 837 3371 machinaris?
868 3342 994 3373 Pecum'a
1012 3351 1065 3376 tua
1075 3354 1113 3378 te·

240 3377 350 3419 cumfit
362 3385 395 3412 in
404 3382 602 3422 perditionem
613 3408 623 3424 ,
648 3388 694 3418 ad
699 3388 783 3420 illum
797 3388 906 3421 dic'lum
931 3390 968 3430 est
981 3405 992 3424 .·
1020 3393 1053 3426 (tt
1067 3393 1113 3426 his

242 3427 355 3462 dicetur
381 3442 393 3463 .-
418 3431 546 3464 Ambitio
566 3442 620 3467 tua
642 3433 680 3476 fit
711 3446 806 3475 tecum
828 3444 860 3479 in
893 3442 1089 3481 perditionem
1103 3468 1113 3485 ‚

341 3478 447 3520 Christ.
463 3485 541 3524 Lupi
554 3487 640 3526 Opcr.
655 3488 786 3521 TomJV.

1164 742 1191 783 st

1167 251 1303 287 quoniam
1309 244 1422 287 putasti
1432 244 1546 278 ambitu
1559 245 1686 279 humano
1690 249 1822 288 peffderi
1846 247 1954 281 donum
1967 250 2039 281 Dei·

1170 296 1213 329 Et
1235 295 1269 328 in
1291 296 1397 338 primo
1418 295 1566 330 adversus
1591 296 1800 339 Iovinianum
1825 297 1908 332 libro
1932 297 2043 331 scribit

1169 345 1302 377 Sanetus
1311 345 1556 388 Hieronymus:
1586 347 1721 389 ‚Quidam
1736 349 1890 389 Pontifices
1904 351 2045 381 Divitum
2061 365 2131 402 Cap·
2152 373 2194 398 19·

1169 394 1307 427 obediunt
1312 398 1344 439 J
1347 396 1459 434 ustioni,
1481 397 1614 439 quodque
1626 395 1673 428 bis
1680 397 1770 437 pejus
1781 395 1841 436 est,
1867 398 1926 429 illis
1951 398 2046 432 Cleri-

1169 453 1253 476 catus
1267 445 1380 476 donant
1394 447 1527 488 gradum
1541 470 1552 485 ‚
1577 457 1697 489 quorum
1714 444 1788 489 sunt
1809 444 1953 488 obsequiis
1976 449 2047 481 deli-

1170 498 1244 526 niti.
1273 495 1317 527 Et
1330 494 1363 526 in
1382 495 1467 528 lsaiae
1489 495 1658 538 Propheta:
1671 495 1946 531 Commentariis:
1974 501 2047 530 Non

1168 543 1206 584 est
1225 552 1380 586 peccatum
1400 545 1467 577 leve
1490 549 1607 578 mittere
1634 552 1816 590 margaritas
1836 555 1906 579 ante
1923 555 2025 588 porcos
2039 572 2050 588 ,

1170 595 1290 627 &dare
1317 592 1457 626 SanAEum
1482 595 1626 634 canibus,
1652 596 1685 627 (tt
1708 598 1937 630 ordinationem
1957 598 2051 630 cleri-

1170 652 1254 677 catus
1267 655 1457 685 nequaquam
1479 644 1599 676 Sandiir
1622 645 1656 677 <9⁶
1668 650 1699 676 in
1714 648 1775 687 lege
1789 651 1845 680 Dei
1865 648 2027 689 doffliffimis
2039 671 2050 686 ,

1167 693 1222 735 sed
1231 694 1337 736 asseclis
1349 692 1414 735 suis
1434 693 1562 726 tribuere
1573 719 1583 733 ,
1611 695 1645 727 (²2⁶
1657 696 1765 727 vilium
1781 698 1942 737 Ostiorum
1965 702 2052 730 mini-

1194 749 1237 775 ris
1251 768 1261 782 ‚
1290 744 1422 785 quodque
1443 743 1493 776 his
1514 743 1705 785 dedecorosius
1731 744 1770 785 est
1783 768 1793 783 ,
1820 748 2051 782 muliercularum

1169 793 1319 835 precibus.
1347 793 1390 826 Et
1414 794 1447 827 in
1472 793 1671 836 Apostolicae
1694 793 1735 828 ad
1755 794 1876 828 Titum
1900 797 2052 839 Epistola’.

1172 844 1432 878 commentariis:
1462 848 1617 877 Cernimus
1625 845 1770 885 plurimos
1784 844 1862 878 banc
1870 857 1931 878 rem
1943 870 1953 885 ‚
1979 846 2053 880 Cle.-

1174 893 1305 927 ricalem
1327 893 1572 937 promotionem
1585 918 1595 934 ,
1621 894 1789 936 beneficium
1794 894 1899 936 facere
1911 920 1922 935 ,
1950 904 1983 927 ut
1996 907 2054 928 non

1172 953 1312 986 quaerant
1324 950 1416 977 cosin
1429 943 1555 986 Ecclefia
1575 944 1725 977 columnas
1736 951 1845 988 erigere
1855 970 1865 986 ,
1891 957 1964 988 quos
1985 947 2055 987 plus

1175 992 1334 1038 agnoscant
1347 993 1480 1035 Ecclefiae
1486 995 1616 1037 prodeffe
1630 1020 1639 1035 ‚
1664 992 1724 1038 sed
1731 1006 1803 1036 quos
1815 996 1868 1030 vel
1875 994 1931 1038 ipsi
1937 1005 2057 1035 amant,

1174 1044 1227 1077 vel
1250 1056 1372 1087 quorum
1393 1043 1466 1088 sunt
1493 1043 1633 1087 obsequiis
1661 1047 1777 1079 deliniti
1799 1071 1809 1087 ,
1837 1047 1887 1080 vel
1911 1054 1967 1088 pto
1993 1051 2058 1089 qui-

1180 1093 1232 1127 bus
1253 1096 1404 1137 Majorum
1439 1093 1585 1138 quispiam
1608 1102 1759 1138 rogaverit
1780 1121 1791 1136 ‚
1831 1097 1864 1129 (θ’
1884 1105 1918 1129 ut
1937 1097 2057 1130 deterio-

1180 1156 1215 1177 ra
1236 1153 1352 1179 taceam
1370 1170 1382 1186 ,
1409 1150 1460 1187 qui
1485 1154 1518 1178 ut
1540 1146 1647 1178 Clerici
1675 1147 1785 1188 fierent
1811 1147 1979 1179 muneribus
2001 1151 2058 1179 im-

1177 1203 1337 1237 petrarunt
1368 1222 1375 1228 .
1412 1196 1481 1230 Eos
1512 1195 1687 1239 praesertim
1727 1204 1815 1230 taxat
1854 1197 2058 1240 Episcopos,

1182 1246 1238 1287 qui
1258 1246 1329 1279 suos
1353 1245 1494 1281 famulos
1518 1247 1571 1280 seu
1588 1247 1719 1290 quosvis
1742 1247 1777 1280 in
1798 1247 1885 1280 sacra
1907 1257 1964 1281 aut
1990 1258 2060 1290 pro-

1181 1294 1256 1329 fana
1269 1307 1302 1329 re
1313 1296 1526 1331 mercenarios
1536 1296 1701 1331 ministros
1721 1307 1929 1332 remunerant
1950 1296 2063 1331 Eccle-

1182 1344 1307 1379 fiastico
1330 1346 1449 1390 gradu.

1233 1395 1314 1442 Qae
1335 1398 1448 1430 omnia
1472 1398 1534 1432 effe
1557 1398 1745 1433 Simoniaca
1761 1422 1772 1438 ,
1800 1397 1901 1432 solide
1922 1396 2066 1431 ostendit

1183 1445 1216 1478 in
1237 1446 1352 1479 litteris
1372 1447 1412 1478 ad
1436 1457 1553 1479 omnes
1577 1449 1691 1480 sanstae
1717 1448 1878 1480 Romanae
1915 1446 2066 1480 Ecclesia:

1183 1493 1371 1528 Cardinales
1395 1494 1598 1537 Episcopos,
1625 1495 1659 1529 δε
1681 1496 1715 1529 in
1739 1495 1854 1530 litteris
1878 1496 1918 1529 ad
1933 1495 2069 1530 Bonifa-

1180 1544 1269 1577 cium
1297 1543 1509 1578 Cardinalem
1523 1545 1720 1589 EpiscGPum
1744 1545 1964 1580 Albanensem
1990 1546 2068 1580 San,-

1181 1595 1247 1627 Elus
1268 1593 1383 1627 Petrus
1394 1594 1550 1628 Damiani
1566 1609 1576 1628 :
1605 1598 1677 1627 Tria
1689 1598 1828 1629 dicuntur
1850 1597 1901 1639 effe
1913 1608 2068 1629 munerum

1177 1655 1287 1687 genera
1306 1668 1316 1684 ,
1339 1643 1448 1687 scilicet
1477 1656 1584 1678 'nunus
1606 1647 1626 1677 ἃ
1650 1658 1741 1679 manu
1766 1671 1775 1686 ‚
1802 1658 1909 1679 munus
1930 1647 1970 1679 ab
1993 1645 2069 1689 obse-

1182 1699 1271 1735 quio,
1298 1705 1406 1726 munus
1429 1697 1582 1739 blingua.
1606 1699 1650 1728 Et
1673 1708 1781 1730 munus
1807 1698 1923 1738 quidem
1947 1699 2068 1730 amanu

1166 1740 1169 1811 Ι
1180 1750 1309 1786 pecunia
1334 1768 1344 1784 ,
1371 1755 1476 1778 munus
1502 1747 1541 1778 ab
1567 1745 1697 1788 obsequio
1723 1747 1890 1782 obedientia
1911 1746 2069 1790 subjec‘lio-

1166 1816 1169 1844 ι
1185 1800 1232 1826 nis
1248 1819 1258 1833 ‚
1286 1805 1390 1828 munus
1404 1796 1537 1838 dlingua
1560 1796 1597 1836 ist
1599 1796 1700 1838 favor
1723 1798 1924 1840 affentationt's
1944 1824 1950 1830 .
1979 1797 2074 1839 5edfi

1183 1845 1241 1877 rite>
1253 1842 1462 1886 confiderentur
1474 1845 1536 1879 baec
1559 1853 1620 1880 tria
1632 1858 1785 1880 munerum
1807 1859 1919 1891 genera
1935 1873 1945 1887 ,
1972 1854 2003 1880 in
2012 1859 2044 1882 eo
2057 1872 2069 1888 ,

1184 1895 1263 1936 quod
1281 1895 1410 1928 medium
1429 1902 1553 1937 ponitur
1565 1922 1575 1937 ,
1602 1899 1776 1940 &primum
1789 1896 1878 1939 simul
1898 1899 1932 1931 (τ
1946 1903 2069 1931 tertium

1183 1950 1372 1978 continetur.
1411 1950 1448 1978 ln
1471 1947 1638 1981 obedientia
1664 1951 1775 1991 quippe
1802 1947 1995 1992 subjedlionis
2033 1950 2068 1982 (tt

1183 2006 1290 2028 munus
1302 1997 1322 2027 ἃ
1336 2006 1427 2029 manu
1441 2020 1452 2036 ,
1478 1999 1557 2039 quod
1577 1999 1615 2038 est
1629 2006 1778 2040 pecunia,
1807 2001 1959 2033 &munus
1983 1999 2070 2031 cilin-

1177 2055 1241 2087 gua
1253 2069 1264 2085 ,
1294 2046 1373 2088 quod
1382 2046 1419 2086 est
1431 2047 1529 2087 favor
1541 2049 1724 2083 adulationis
1736 2075 1747 2090 ,
1759 2048 1970 2093 subsequenter
1983 2061 2070 2093 agno-

1165 2090 1167 2102 '
1176 2092 1288 2136 scitur.
1318 2098 1399 2138 ,Quis
1413 2103 1492 2130 enim
1513 2099 1696 2140 manifestius
1726 2101 1912 2142 approbatur
1918 2108 1975 2141 pro
2003 2101 2071 2131 adi-

1179 2142 1329 2187 piscendis
1343 2145 1497 2180 honoribus
1504 2149 1647 2191 praestare
1654 2157 1813 2192 pecuniam
1825 2174 1835 2188 ,
1861 2161 1951 2191 quam
1978 2154 2004 2182 is
2016 2156 2068 2192 qut
2087 2133 2149 2208 ,Ῑῖρις
2159 2133 2237 2169 Ep'¹'

1181 2201 1223 2227 tot
1243 2194 1386 2239 expensas
1404 2199 1510 2230 utendo
1530 2198 1674 2232 vehiculis
1688 2223 1698 2238 ,
1725 2209 1768 2233 tot
1784 2200 1968 2241 fircultatum
1987 2198 2068 2242 fiim-
2086 2189 2114 2201 ⁸⁹
2157 2194 2163 2201 ’

1181 2256 1246 2277 mas
1271 2250 1304 2277 tn
1341 2248 1528 2288 acquirendis
1549 2248 1751 2291 pretiosarum
1776 2249 1900 2289 vestium
1927 2251 2063 2294 prodigit

1181 2301 1364 2328 ornamentis
1377 2296 1393 2327 ?
1419 2301 1523 2339 quue
1529 2297 1650 2340 ficperat
1662 2310 1728 2332 eum
1739 2325 1749 2340 ,
1777 2306 1829 2341 qui
1845 2306 2002 2342 pecuniam
2020 2300 2066 2343 fi’-

1181 2345 1239 2376 mel
1243 2346 1390 2387 appendit
1401 2368 1411 2385 ,
1436 2352 1506 2388 quia
1517 2358 1574 2380 non
1585 2357 1735 2383 contentus
1741 2348 1922 2394 solummodo
1928 2350 2064 2391 faculta-

1180 2403 1224 2427 tes
1240 2397 1404 2437 expendere
1414 2421 1424 2436 ,
1444 2394 1638 2441 semetipsum
1651 2410 1763 2442 quoque
1779 2411 1837 2433 non
1858 2399 1976 2432 dubitat
1986 2408 2064 2433 tam·

1181 2456 1268 2487 quam
1278 2443 1400 2487 fifrvum
1423 2448 1547 2480 Domino
1567 2450 1759 2483 vendititium
1776 2449 1956 2494 subjugare.
1978 2453 2011 2495 J
2013 2462 2063 2483 am

1181 2498 1250 2528 vero
1265 2501 1329 2537 quis
1342 2496 1475 2540 ambigat
1485 2509 1550 2531 eum
1562 2523 1573 2538 ‚
1597 2510 1662 2532 cum
1675 2501 1767 2534 datur
1787 2511 1851 2533 occa
1862 2513 1886 2533 io
1904 2522 1913 2539 ,
1930 2499 2063 2541 favora-

1181 2545 1287 2578 bilibus
1311 2549 1471 2579 Dominum
1489 2547 1578 2591 suum
1617 2549 1718 2583 verbis
1746 2551 1872 2584 oblinere
1894 2576 1904 2591 ,
1942 2558 1975 2583 ut
1995 2562 2062 2584 eum

1181 2595 1293 2628 blanda
1315 2597 1396 2638 poffit
1419 2599 1591 2632 adulatIone
1617 2600 1758 2634 mulcere?
1786 2605 1823 2633 Ut
1849 2603 1914 2642 ejus
1927 2605 2062 2634 animum

1179 2652 1280 2689 capiat
1295 2671 1304 2686 ‚
1330 2648 1405 2688 quid
1417 2655 1442 2680 ei
1466 2656 1562 2692 magis
1571 2650 1690 2691 placeat
1703 2675 1713 2691 ,
1739 2651 1865 2685 callidus
1890 2649 2061 2694 observator

1179 2697 1314 2738 explorat
1333 2720 1339 2727 .
1371 2700 1469 2731 oculis
1485 2698 1584 2743 gliscit
1608 2725 1618 2740 ,
1637 2700 1764 2743 gestibus
1789 2706 1888 2734 innuit
1911 2725 1922 2742 ‚
1942 2699 2062 2741 festivi-

1180 2756 1274 2779 tatem
1294 2745 1393 2789 sereni
1416 2751 1512 2781 cordis
1534 2761 1581 2783 ore
1598 2753 1782 2791 praetendit.
1813 2753 1930 2784 Pendet
1952 2751 1995 2782 ad
2011 2760 2061 2781 nu-

1178 2805 1239 2828 tum
1257 2821 1268 2836 ‚
1295 2805 1328 2829 ut
1343 2795 1383 2837 fic
1416 2797 1506 2831 herile
1522 2808 1707 2842 praeceptum
1727 2827 1737 2843 ‚
1766 2809 1921 2844 tamquam
1942 2808 1996 2841 per
2017 2801 2062 2830 51·-

1180 2846 1314 2885 byllinum
1337 2858 1367 2879 os
1388 2847 1495 2881 Pbaebi
1510 2849 1694 2891 praestoletur
1722 2851 1896 2885 oraculum.
1923 2848 2060 2889 Irejube-

1179 2905 1251 2936 tur,
1276 2898 1377 2930 evolat
1389 2909 1403 2938 ;
1424 2898 1505 2938 stare
1513 2906 1690 2942 praecipitur
1702 2927 1712 2942 ,
1731 2901 1840 2944 filicem
1851 2897 2059 2942 repraesentat.

1180 2947 1264 2991 Agit
1285 2948 1320 2981 in
1344 2947 1492 2984 Clericos
1518 2949 1688 2986 Palatinos
1710 2977 1720 2992 ,
1758 2952 1814 2996 qui
1850 2950 1981 2992 Regum
2003 2957 2060 2982 aut

1179 2997 1318 3031 aliorum
1344 2998 1534 3043 Principum
1557 3003 1705 3043 personas
1726 3026 1736 3040 ,
1762 3000 1852 3034 aulas
1880 3008 1938 3033 aut
1956 2997 2058 3032 castra

1180 3048 1359 3090 sequuntur
1379 3075 1389 3089 ,
1414 3051 1461 3083 eis
1494 3050 1574 3084 mira
1598 3048 1855 3094 promptitudine
1874 3047 2057 3091 &propriis

1180 3096 1316 3130 subinde
1337 3100 1483 3141 expensis
1502 3101 1664 3140 serviunt,
1693 3098 1831 3133 &omni
1857 3097 2056 3132 adulationis

1178 3146 1281 3179 forma
1304 3147 1429 3189 placere
1450 3159 1634 3188 conantur,
1660 3160 1697 3183 ut
1716 3148 1900 3192 quempiam
1921 3147 2056 3182 tandem

1182 3196 1413 3239 Episcopatum
1427 3221 1437 3236 ,
1466 3196 1643 3231 Abbatiam
1654 3222 1663 3239 ,
1689 3209 1745 3232 aut
1757 3198 1847 3231 aliud
1861 3195 2057 3231 Ecclesiasti-

1179 3257 1254 3280 cum
1266 3245 1464 3279 beneficium
1477 3271 1487 3286 ,
1514 3248 1562 3281 uti
1574 3247 1680 3282 fidelis
1705 3248 1823 3283 servitii
1847 3248 2030 3282 mercedem
2044 3270 2056 3287 ,

1179 3297 1416 3337 consequantur
1440 3320 1448 3328 .
1487 3296 1554 3331 Eos
1585 3300 1648 3332 effe
1673 3309 1739 3331 non
1774 3298 1984 3333 solummodo
2009 3296 2056 3331 Si-

1179 3346 1349 3379 moniacos
1359 3370 1369 3385 ,
1397 3346 1450 3380 sed
1462 3347 1611 3381 omnium
1626 3349 1891 3382 Simoniacorum
1902 3347 2056 3392 peffimos

1178 3395 1324 3428 laudatus
1342 3393 1456 3430 Petrus
1473 3397 1727 3432 constantissime
1753 3399 1909 3433 affirmat.
1938 3398 2054 3437 Neque
2071 3394 2102 3423 L
2115 3404 2138 3425 1·
2154 3397 2206 3435 EP-

1178 3445 1267 3478 enim
1302 3444 1469 3481 dumtaxat
1508 3448 1604 3482 unica
1634 3473 1645 3488 ,
1690 3448 1743 3483 sed
1779 3450 1871 3484 omni
1912 3444 2054 3491 singulog
2078 3443 2117 3471 ¹³·
2171 3470 2173 3472 .

1598 3498 1629 3530 G
1932 3505 2004 3530 rum

2064 527 2156 562 C.57.

2069 873 2103 903 C.
2124 882 2149 901 1.
