2352 3736
96 3145 155 3177 lib·
164 3153 193 3178 6.

98 3197 122 3217 C.
141 3198 184 3219 20»

647 166 686 210 S.
757 164 1095 208 Leonis

487 182 576 211 DE

1163 159 1398 205 NON1

1452 161 1767 204 rAci-Is.
1900 160 1997 214 339‘

244 262 393 299 partum,
419 249 657 286 Eucharistiam
681 251 804 283 sumere
826 273 835 288 ,
862 249 896 281 δε
923 249 954 281 se
977 245 1061 290 quasi
1085 244 1123 278 ad
1167 244 1308 287 {hyteris
1328 242 1486 279 creditum
1498 244 1619 288 semper
1638 243 1701 277 fuit
1711 240 1797 276 istud
1818 241 2044 276 ministerium-

243 314 385 338 mortem
410 312 601 346 praeparare.
630 300 685 333 Est
710 297 871 333 laudanda
893 298 1017 340 pietas,
1043 294 1126 328 &ab

242 354 398 388 omnibus
410 351 568 386 imitanda
580 376 588 384 .
615 351 703 384 Intra
722 348 879 384 obsessam
905 348 922 379 a
934 345 1128 380 Mahomete

243 404 385 438 secundo
399 400 728 444 Constantinopolim
742 397 888 442 quaedam
914 396 1057 436 nobilis,
1079 406 1128 428 ve-

241 455 316 488 rum
339 452 545 487 schismatica
568 452 723 485 Matrona
757 448 818 481 suit
841 445 1055 481 Schismatico
1072 445 1130 478 suo

243 504 453 538 Confessario
476 502 619 537 confessa
643 501 737 533 istam
764 497 809 532 ob
836 498 965 530 causam
989 521 999 537 ,
1026 506 1068 530 an
1089 492 1131 527 ab

242 555 414 589 amittente
438 552 665 587 Florentinam
687 549 846 582 unionem
868 546 1041 581 Sacerdote
1066 544 1131 576 Eu-

242 604 430 638 charistiam
453 603 556 645 posset
578 599 724 641 accipere
739 597 914 640 postulavit
929 621 939 637 ,
966 592 1130 636 &accepit

245 653 309 688 hoc
332 653 538 695 Responsum
555 663 565 682 .·
593 648 661 681 Tibi
689 647 843 690 concessum
871 646 934 686 est,
959 647 1040 678 Deus
1066 654 1130 675 con-

244 703 365 736 donabit
389 701 446 734 tib)
472 725 482 740 ,
508 699 558 732 abi
581 723 592 739 ‚
619 700 653 732 ὃ·
680 704 923 731 Communionem
943 699 1023 727 omni
1044 693 1129 725 dubt'o

245 761 350 787 remoto
355 757 474 793 percipe
486 775 492 781 .
521 747 586 791 Ipse
595 750 734 782 sacerdos
747 747 785 787 est
796 755 831 781 ac
845 745 981 785 Minister
994 769 1004 783 ,
1032 741 1131 785 discri-

245 810 327 836 mine
337 803 385 834 illo
396 801 489 843 omisso
500 805 697 832 communica.
730 798 872 831 Mollior
883 803 948 828 erat
972 794 1131 827 isseCon-

245 853 367 890 sessor,
393 850 533 893 ideoque
556 851 589 883 ὅ(
613 847 749 891 publicae
772 846 946 888 &privatae
971 843 1132 877 necessita-

245 905 288 936 tis
301 904 405 946 gratia
417 901 543 934 censuit
555 896 783 940 dispensatorie
795 896 827 928 id
843 897 929 938 posse
944 894 1107 938 indulgeri
1123 917 1130 924 .

246 952 372 984 Verum
386 960 453 983 non
477 946 570 990 plene
582 950 724 990 quietata
748 945 949 979 conscientia
963 943 1132 978 mulierem

245 1002 355 1044 coegit
366 1000 407 1032 ad
421 999 523 1032 alium
548 997 817 1031 Poenitentialem
830 993 1059 1037 Presbyterum
1075 1005 1133 1027 no-

244 1051 335 1084 mine
358 1047 580 1091 Neophytum
595 1073 604 1088 ,
631 1048 647 1080 a
671 1058 739 1089 quo
764 1046 888 1088 accepit
910 1043 995 1078 hanc
1009 1045 1135 1078 senten—

245 1103 348 1135 tiam:
376 1100 414 1131 Id
433 1098 487 1131 tibi
509 1098 594 1130 haud
608 1099 696 1129 licet.
723 1098 753 1127 51‘
775 1101 853 1128 enim
877 1107 913 1128 ex
938 1095 1017 1133 istius
1040 1101 1133 1126 mani·

246 1152 300 1184 bus
316 1154 557 1182 Communionem
577 1145 739 1189 sumpseris
752 1169 761 1185 ,
786 1154 899 1187 panem
915 1144 1109 1178 manducabis
1123 1167 1134 1183 ‚

246 1203 399 1234 &vinum
426 1197 522 1230 bibes.
556 1197 697 1230 Assetuit
721 1206 787 1229 non
815 1196 921 1228 solum
942 1196 959 1228 a
986 1196 1135 1233 Latino,

246 1249 302 1284 sed
318 1250 416 1283 etiam
438 1248 455 1280 ὲ
468 1248 582 1280 Graeco
595 1258 649 1289 per
664 1247 819 1279 Latinam
849 1244 1131 1278 Communionern

247 1300 414 1333 maculato
439 1298 614 1331 Sacerdote
636 1297 669 1331 δε
684 1294 918 1329 Eucharistiam
943 1295 976 1328 &
997 1293 1135 1338 quodvis

248 1352 496 1385 Sacramentum
523 1360 591 1381 non
615 1348 701 1389 posse
726 1344 831 1379 valide
860 1345 979 1379 confici
1001 1368 1012 1384 ,
1038 1355 1135 1387 atque

248 1400 318 1442 ejus
340 1398 515 1432 confilium
535 1397 580 1430 est
606 1397 724 1430 mulier
752 1397 875 1429 secuta.
904 1396 1014 1428 Mulier
1032 1393 1135 1428 nobilis

249 1455 327 1482 inter
353 1453 502 1481 contraria
528 1450 682 1487 Praecepta
704 1445 855 1485 flulluans
869 1449 1075 1477 Communione
1088 1442 1133 1475 αΙν

244 1499 352 1539 stinuit
364 1499 411 1531 illo
425 1499 473 1530 die
487 1521 497 1536 ,
523 1502 569 1529 ita
579 1506 614 1529 ut
626 1496 705 1528 noete
716 1494 850 1538 sequenti
865 1505 925 1527 non
940 1492 1064 1537 sumpta
1076 1497 1136 1524 Eu-

250 1548 391 1589 charistia
411 1552 576 1589 pepererit.
605 1545 759 1579 Pluribus
783 1544 850 1577 haec
873 1545 966 1576 refert
990 1543 1137 1575 laudatus

252 1599 387 1637 Ducas,
415 1598 592 1630 admiratur
615 1592 736 1628 Christi
755 1593 898 1626 Domini
922 1592 1113 1633 patientiam
1128 1612 1139 1629 ,

249 1648 284 1680 &
297 1647 400 1690 pergit
412 1645 561 1679 adversus
579 1641 798 1687 Neophytum
812 1655 818 1674 ε
846 1645 880 1675 si
892 1643 1031 1674 sacerdos
1053 1645 1139 1673 Laii·

251 1709 307 1730 nus
328 1699 392 1740 esset
414 1721 425 1737 ,
446 1695 573 1736 stultitia
596 1702 648 1726 tua
672 1717 681 1732 ,
709 1695 813 1734 aliqua
837 1715 848 1729 ‚
874 1696 1017 1733 quamvis
1039 1689 1137 1732 absur-

250 1750 315 1786 da,
340 1752 455 1779 ratione
474 1742 609 1785 excusari
632 1743 741 1784 posset.
771 1742 865 1784 ,Quod
894 1738 1002 1782 [silicet
1028 1743 1139 1772 Latino

247 1796 381 1840 sermone
397 1796 440 1827 ad
461 1798 557 1826 Deum
575 1801 678 1836 preces
696 1791 839 1834 recitasset
851 1815 860 1830 ‚
887 1792 967 1832 quod
999 1801 1057 1822 non
1073 1790 1139 1832 esset

246 1847 449 1888 fermentatus
457 1849 550 1886 panis
562 1868 573 1884 ,
603 1853 654 1875 nec
664 1853 744 1884 aqua
765 1843 865 1874 calida
879 1840 1017 1872 adhiblta
1031 1864 1041 1879 ,
1067 1841 1141 1873 alia-

253 1909 309 1939 que
328 1894 459 1938 absurda
480 1895 608 1937 allegare
616 1892 755 1935 potuisses
769 1916 780 1932 ,
806 1903 873 1934 quae
887 1890 1073 1923 orthodoxus
1097 1898 1142 1922 ta-

252 1958 321 1980 men
332 1957 378 1978 ore
389 1954 539 1986 nunquam
546 1942 680 1985 proferet
693 1965 703 1980 ,
728 1953 780 1975 nec
800 1943 852 1974 vel
866 1942 1020 1973 minimum
1033 1942 1141 1973 adver-

253 1997 306 2029 sus
324 1994 448 2037 peraeta
469 1993 521 2026 hoc
546 1993 629 2025 niodo
650 1994 760 2024 divina
772 1991 903 2031 Misteri'a
926 1990 1137 2023 murmurabit.

255 2047 342 2078 Talia
365 2048 445 2077 enim
468 2043 591 2084 quilibet
612 2041 702 2084 ausus
724 2041 761 2081 est
782 2041 936 2082 lapidibus
957 2041 1120 2074 obruendus
1133 2066 1140 2073 .

254 2096 346 2137 ,Quid
365 2095 417 2126 vel
424 2094 564 2135 quomodo
585 2092 698 2134 obloqui
706 2099 792 2133 potes
813 2093 925 2123 divinis
942 2090 1082 2130 Mysteriis
1094 2099 1143 2123 tuo

254 2147 398 2178 idiomate
418 2142 599 2176 celebratis?
625 2143 714 2185 ‚Quid
735 2142 797 2174 illis
818 2141 953 2183 precibus
981 2149 1143 2182 opponere,

256 2194 364 2237 quibus
376 2192 430 2226 tibi
441 2204 504 2226 cum
514 2197 631 2227 caeteris
646 2195 778 2225 Orientis
791 2190 996 2226 Sacerdotibus
1020 2202 1146 2223 commu·
1155 2214 1159 2235 ,

256 2249 306 2278 nis
330 2243 369 2284 est
383 2241 453 2286 usus
467 2243 482 2273 ?
507 2243 599 2275 Aliud
607 2243 732 2285 allegare
758 2253 815 2274 non
825 2250 912 2283 potes
930 2265 941 2281 ,
966 2243 982 2272 ὀ
996 2238 1145 2283 Pharisaee

257 2305 338 2327 vane
352 2317 362 2332 ,
391 2291 447 2334 nist
464 2294 648 2335 quodpurus
663 2303 694 2325 es
717 2292 914 2330 triniatim,
944 2292 1008 2324 &a
1029 2297 1143 2324 caeteris

257 2343 439 2384 christianis
446 2341 619 2386 segregatus
633 2367 639 2373 .
667 2342 787 2374 Addam
801 2353 850 2385 ego
864 2353 870 2372 :
891 2344 937 2373 Et
949 2346 1145 2374 excommuni-

258 2404 360 2428 catus.
387 2392 484 2426 lllum
497 2391 617 2426 merito
640 2402 734 2425 vocat
746 2402 856 2425 mente
880 2399 1072 2425 excaecatum
1087 2415 1094 2422 .

309 2444 383 2477 Nec
404 2442 460 2476 illa
486 2443 550 2476 fuit
562 2442 662 2476 solius
673 2440 849 2485 Neophyti
872 2441 1054 2475 sententia.
1084 2440 1139 2474 Et-

258 2493 349 2527 enim
361 2492 401 2526 de
412 2491 568 2526 omnibus
578 2492 689 2536 passim
703 2491 823 2526 Graecis
833 2490 902 2534 post
913 2501 1042 2534 captam
1054 2490 1143 2524 Con-

257 2543 510 2586 stantinopolim
524 2542 642 2585 scripsit
663 2542 703 2576 ad
717 2552 833 2576 omnes
854 2539 975 2586 ubiwe
989 2540 1141 2575 Christia-

260 2603 322 2626 nos
342 2593 522 2635 Imperator
544 2593 746 2626 Balduinus:
776 2597 848 2625 Haec
871 2591 908 2631 est
932 2597 1013 2625 Gens
1040 2614 1051 2631 ‚
1076 2602 1143 2634 quae

262 2653 361 2674 omnes
384 2646 508 2678 Latinos
532 2653 590 2675 non
603 2641 751 2675 hominum
772 2648 889 2675 nomine
900 2643 1064 2686 dignatur,
1089 2639 1144 2684 sed

266 2702 397 2730 canum,
423 2703 541 2732 quorum
558 2691 733 2735 sanguinem
753 2692 903 2733 effundere
910 2694 989 2734 pene
1000 2698 1077 2725 inter
1088 2703 1142 2725 me-

265 2745 327 2772 rita
349 2747 505 2780 reputatur
527 2765 538 2781 ,
566 2753 616 2774 nec
636 2744 696 2775 ulla
722 2741 931 2785 satisfadlione
946 2741 1144 2784 satisfaciunt

267 2788 501 2822 LaiciMonacbi
513 2813 523 2829 ,
546 2798 639 2831 penes
652 2804 723 2833 quos
735 2817 746 2833 ,
772 2791 972 2825 Sacerdotibus
980 2790 1143 2834 submotis,

266 2849 329 2872 tota
340 2840 457 2882 ligandi
477 2847 567 2881 atque
576 2838 712 2881 solvendi
733 2841 850 2882 consfiit
870 2842 1047 2875 auctoritas.
1077 2842 1142 2875 Ad-

267 2889 316 2923 dit
330 2890 491 2934 Legatum
504 2889 733 2932 Apostolicum
747 2901 849 2933 nuper
859 2891 899 2925 ab
911 2891 975 2925 illis
986 2892 1078 2925 fuisse
1091 2904 1144 2926 oc-

267 2941 372 2972 cisum
396 2952 403 2971 ;
432 2943 531 2972 Graeci
551 2964 561 2980 ‚
581 2938 656 2980 ficut
679 2951 778 2973 eorum
804 2944 855 2982 qui
876 2941 1018 2973 viderunt
1042 2935 1162 3011 recen-tl

267 2991 365 3022 recolit
385 2996 524 3022 memoria
546 3013 556 3028 ‚
584 2992 730 3032 Legatum
760 2988 947 3031 Apostolicum
967 2999 1058 3024 morte
1079 3001 1143 3025 tam

269 3041 428 3080 turpiffima
447 3040 699 3079 condemnarunt,
726 3047 760 3072 ut
782 3051 832 3073 nec
854 3045 932 3073 inter
943 3042 1087 3078 Martyres
1105 3043 1144 3075 le-

265 3098 357 3131 gatur
370 3090 429 3122 ulla
451 3088 601 3130 confimilis
618 3114 628 3130 ,
651 3091 831 3134 licetpoenas
854 3090 1038 3123 incredibiles
1061 3096 1144 3124 inve-

271 3143 348 3170 nerit
359 3137 507 3181 ingeniosa
515 3140 674 3172 crudelitas
688 3164 694 3170 .
716 3138 830 3173 Exstat
841 3139 976 3182 epistola
989 3140 1072 3182 apud
1084 3140 1144 3173 At-

268 3187 410 3220 noldum
421 3188 584 3223 Abbatem
595 3189 817 3223 Lubecensern
829 3187 863 3222 in
877 3187 1047 3222 Chronico
1060 3190 1144 3224 Scla-

269 3249 384 3270 vorum
397 3262 404 3270 .
436 3238 539 3283 Quod
549 3239 635 3282 apud
648 3239 780 3272 Graecos
792 3238 850 3272 soli
862 3238 973 3281 passim
982 3238 1142 3275 Monachi

268 3286 496 3321 confessiones
509 3289 644 3323 audiant
654 3314 665 3330 ,
690 3288 734 3323 est
746 3289 886 3322 omnino
899 3298 1024 3322 verum.
1055 3290 1144 3324 Con-

267 3337 390 3382 jugatis
410 3337 500 3370 enim
522 3338 751 3373 Sacerdotibus
773 3339 949 3373 detrestant
972 3338 1141 3374 confiteri.

268 3388 380 3421 Etiam
390 3386 479 3430 quod
492 3387 583 3420 Laici
595 3387 756 3421 Monachi
769 3389 945 3433 fungantur
956 3388 1018 3422 isto
1033 3400 1086 3422 mu
1093 3402 1143 3424 ne-

268 3447 303 3470 re
315 3461 325 3478 ,
338 3449 402 3471 non
417 3447 498 3470 errat
512 3436 706 3471 Balduinus.
722 3436 839 3474 Passim
848 3449 955 3477 tamen
970 3438 1045 3475 solis
1057 3438 1142 3476 Pres-

370 3486 472 3527 Cbsifl.
488 3490 565 3530 Lupi
577 3490 792 3530 Oper.Tom.lV.

1169 298 1171 320 ἰ
1189 295 1233 328 Et
1254 295 1293 328 ad
1305 293 1477 329 Thomam
1499 292 1910 335 Constantinopolitanum
1929 291 2067 326 Patriar-

1169 342 1173 384 l
1190 341 1285 378 cham
1298 345 1409 378 scribit
1419 343 1635 379 Innocentius
1646 343 1703 377 111.
1724 346 1820 375 Graeci
1833 346 1958 375 Latinos
1970 352 2067 375 omnes

1169 389 1173 422 l
1191 406 1279 428 canes
1300 396 1470 436 appellant.
1499 394 1702 429 Trucidatus
1723 392 1765 427 ab
1786 392 1851 426 illis
1874 393 2015 436 Legatus
2024 391 2070 426 vi-

1191 443 1286 478 detur
1305 445 1397 478 fuisse
1420 444 1562 487 Joannes
1586 443 1769 479 Alexandri
1795 442 1884 477 tertii
1907 442 2070 485 Legatus,

1191 492 1231 527 de
1244 506 1309 538 quo
1329 492 1437 528 scribit
1458 495 1493 528 in
1505 495 1591 528 Sacri
1605 495 1688 528 Belli
1703 492 1850 528 Historia
1871 492 2070 526 Guilielmus

1193 544 1410 587 Metropolita
1430 543 1614 587 Tyriorum
1632 557 1639 576 :
1672 547 1770 577 Graeci
1793 550 1895 577 virum
1919 541 2072 575 venerabi·
2088 546 2203 577 Lib.22.

1192 596 1248 627 lem
1262 620 1272 635 ‚
1292 598 1324 639 J
1327 605 1450 627 oannem
1473 599 1609 632 nomine,
1636 596 1665 627 5.
1679 597 1825 627 Romanae
1847 591 1980 634 Ecclefiae
1999 592 2071 625 sub·
2086 589 2157 626 0³1²·
2170 595 2214 616 ¹²·

1193 647 1344 678 diaconum
1353 669 1364 684 ,
1390 655 1475 686 quem
1480 653 1537 686 pro
1548 650 1669 687 negotiis
1681 643 1816 685 Ecelefiae
1826 645 1968 676 Dominus
1981 644 2071 684 Papa

1194 694 1259 727 illuc
1271 695 1437 732 direxerat,
1447 694 1720 735 comprehendentes
1733 718 1742 732 ,
1756 699 1788 725 in
1798 694 2001 726 contumeliam
2012 696 2072 726 Ec-

1193 742 1279 783 clefiae
1305 744 1525 776 decollaverunt
1538 767 1548 782 ,
1574 750 1662 784 caput
1671 744 1734 782 ejus
1753 744 1796 774 ad
1806 752 1894 784 caput
1907 743 2072 776 immundae

1193 799 1277 826 canis
1294 794 1452 836 alligantes
1464 817 1471 824 .
1500 792 1582 838 Agit
1595 791 1635 826 de
1647 793 1759 826 invaso
1774 803 1827 835 per
1839 790 2070 826 Andronicum

1195 843 1407 876 Comnenum
1416 843 1557 886 Imperio
1568 868 1578 884 ,
1606 841 1868 886 demonstratque
1879 840 2017 874 Latinos
2028 852 2072 875 re<

1195 892 1266 926 vera.
1278 892 1389 926 abillo
1400 893 1493 927 fuisse
1505 894 1656 927 tractatos
1668 893 1715 927 uti
1728 904 1837 927 canes.
1864 891 1947 939 Qiae
1959 891 2074 925 omnia

1196 943 1342 987 pluribus
1363 944 1458 976 refert
1481 943 1681 989 inSigiberti
1694 941 1940 977 Gemblacensis
1961 952 2075 984 appen-

1196 994 1268 1027 dice
1291 992 1456 1027 Robertus
1471 994 1583 1028 Abbas
1599 994 1805 1034 Montensis,
1833 992 1955 1027 addens
1967 990 2076 1025 lauda·

1197 1054 1267 1078 tum
1289 1043 1448 1086 Joannem
1473 1044 1565 1077 fuisse
1588 1043 1770 1078 Alexandri
1792 1043 1877 1078 tertii
1890 1043 2050 1086 Legatum
2064 1066 2076 1082 ‚

1197 1094 1282 1137 apud
1296 1093 1625 1137 Constantinopolim
1638 1094 1755 1127 stetisse
1767 1093 1807 1127 ad
1819 1093 2002 1127 faciendam
2016 1092 2075 1125 Ec-

1197 1145 1361 1178 clesiarum
1384 1155 1516 1188 pacem,
1544 1145 1578 1178 ὃ(
1599 1145 1743 1178 occisum
1767 1143 1879 1177 multis
1900 1142 2078 1177 coruscasse
2096 1152 2230 1194 Ajlng'

1197 1194 1362 1228 miraculis
1384 1219 1390 1226 .
1419 1192 1474 1227 Ab
1496 1193 1687 1228 Alexandro
1708 1195 1813 1228 fuerat
1837 1194 1948 1226 missus
1969 1218 1979 1233 ‚
2004 1193 2037 1226 &
2059 1192 2078 1225 a.

1200 1245 1372 1278 successore
1393 1245 1501 1278 Lucio
1522 1244 1754 1279 tertioibidem
1776 1244 2005 1278 continuatus.
2033 1242 2080 1275 Et

1182 1299 1184 1303 ’
1198 1296 1236 1328 de
1247 1293 1472 1328 habitantibus
1485 1294 1519 1327 in
1534 1295 1625 1336 Syria
1637 1293 1694 1328 sub
1707 1294 1904 1328 Latinorum
1929 1303 2009 1327 tunc
2022 1292 2080 1325 do-

1199 1344 1305 1378 minio
1321 1344 1441 1378 Graeeis
1463 1344 1575 1379 scribit
1601 1345 1635 1377 in
1657 1344 1837 1378 Orientalis
1854 1342 2004 1378 Ecclefiae
2014 1342 2077 1374 Hi-

1199 1394 1295 1428 storia
1319 1394 1459 1437 Jacobus
1481 1394 1667 1428 Cardinalis
1689 1395 1728 1428 de
1750 1395 1925 1429 Vitriaco:
1954 1397 2076 1426 Latino·
2097 1396 2158 1427 Lib·
2172 1404 2216 1423 ¹0-
2256 1414 2258 1419 ·

1198 1455 1263 1476 rum
1276 1445 1418 1477 Praelatis
1432 1469 1442 1483 ,
1470 1449 1502 1476 in
1513 1456 1635 1486 quorum
1649 1443 1819 1485 Dioecefibus
1837 1452 2052 1477 commorantur
2067 1466 2077 1482 ,
2097 1447 2159 1475 αἶ’·
2171 1444 2217 1471 75·

1200 1505 1256 1526 non
1276 1494 1382 1533 corde,
1404 1491 1464 1535 fid
1488 1504 1535 1526 ore
1557 1494 1674 1526 tantum
1695 1495 1729 1527 &²
1737 1492 1962 1535 superficialiter
1981 1491 2013 1535 se
2033 1493 2093 1536 di·-

1199 1551 1269 1575 cunt
1281 1542 1396 1574 obedire
1409 1566 1419 1582 ,
1447 1547 1549 1574 timore
1556 1542 1666 1584 scilicet
1676 1544 1865 1576 Saecularium
1877 1547 2080 1576 Dominorum.

1201 1591 1319 1625 Habent
1331 1596 1410 1625 enim
1428 1598 1565 1633 proprios
1577 1591 1737 1635 Episcopos
1752 1596 1872 1626 Graecos
1888 1618 1894 1624 .
1921 1597 1987 1625 Nec
2001 1596 2085 1625 Lati·

1201 1653 1303 1674 norum
1332 1647 1644 1675 excommunicationes
1671 1665 1682 1681 ,
1708 1644 1759 1676 vel
1778 1645 1857 1676 alias
1890 1641 2084 1686 quascumque

1195 1689 1361 1733 sententias
1373 1695 1405 1722 in
1417 1692 1514 1732 aliquo
1517 1690 1719 1731 fhrmidarent
1734 1716 1744 1731 ,
1771 1692 1826 1733 nisi*
1832 1693 1871 1725 ab
1892 1704 1988 1725 eorum
1999 1697 2085 1724 Com-

1199 1745 1336 1773 munione
1347 1745 1378 1772 in
1393 1740 1592 1774 conti-amus
1614 1742 1688 1774 &in
1699 1743 1767 1775 aliis
1780 1742 1983 1783 necessitatibus
1996 1746 2086 1775 Laici

1201 1789 1288 1831 nostri
1304 1789 1338 1833 se
1358 1789 1584 1832 subtraherent.
1614 1795 1725 1825 Dicunt
1744 1791 1977 1836 eniminterse,
2005 1791 2086 1834 quod

1202 1844 1307 1873 Latini
1330 1851 1428 1874 omnes
1455 1847 1696 1875 excommunicati
1699 1840 1762 1884 fint
1778 1867 1788 1882 ‚
1815 1844 1934 1885 ideoque
1956 1852 2011 1875 non
2021 1839 2089 1884 pos-

1193 1889 1253 1932 fint
1266 1891 1382 1934 aliquos
1409 1892 1512 1933 aliqua
1516 1890 1670 1934 sententia
1691 1894 1854 1927 innodare.
1886 1893 1914 1926 E
1927 1891 2089 1927 Florenti-

1201 1953 1242 1975 na
1262 1940 1400 1983 Synodo
1423 1942 1531 1974 reversi
1546 1941 1699 1984 Episcopi
1724 1942 1758 1975 in
1782 1941 2003 1976 Patriarcham
2026 1943 2092 1976 ele-

1201 2001 1319 2036 gerunt
1344 1989 1596 2034 Metrophanem
1620 1991 1738 2035 Cyzici
1765 1991 1985 2035 Episcopum,
2011 1992 2091 2034 eJus-

1201 2052 1262 2085 que
1287 2040 1562 2075 inthronizationi
1581 2041 1686 2076 adfuit
1715 2040 1971 2085 Christophorus
1985 2041 2090 2075 Coro-

1203 2091 1307 2125 nensis
1319 2092 1523 2135 Episcopus,
1552 2091 1693 2136 Eugenii
1717 2092 1822 2135 quarti
1839 2092 2012 2126 Pontificis
2026 2092 2091 2127 Le-

1201 2150 1294 2186 gatus
1310 2165 1319 2181 ,
1345 2153 1382 2175 ac
1394 2140 1589 2183 Apostolica
1603 2143 1672 2175 vice
1684 2142 1787 2185 ipsam
1802 2142 1949 2186 probavit
1961 2143 1995 2176 ἀ
2007 2153 2088 2176 con-

1201 2192 1343 2226 firmavit
1356 2218 1363 2225 .
1392 2184 1515 2225 Nescio
1539 2191 1629 2235 cujus
1639 2191 1740 2235 prope
1759 2192 2090 2237 Constantinopolim

1203 2242 1278 2286 pagi
1290 2241 1465 2285 Presbyter
1478 2240 1751 2286 Theophylarstus
1761 2241 1802 2277 ad
1813 2243 1944 2277 eosdem
1960 2268 1971 2282 ,
1996 2241 2089 2286 quod

1205 2303 1374 2335 nunquam
1400 2292 1551 2334 vidisset,
1579 2294 1683 2327 sacros
1706 2294 1740 2327 &
1763 2293 1921 2327 solemnes
1943 2292 2023 2327 ritus
2036 2304 2092 2327 cu-

1205 2343 1307 2376 riosus
1333 2343 1487 2385 spestator
1507 2338 1705 2377 advenerat.
1730 2343 1786 2378 Ad
1809 2343 1997 2378 Dominicae
2022 2342 2091 2377 Ad-

1206 2392 1379 2426 scenfionis
1405 2392 1537 2426 Festum
1558 2393 1708 2427 redu-xit)
1731 2405 1877 2439 pagum,
1904 2394 2037 2437 pulsatis
2048 2392 2091 2428 de

1206 2453 1297 2476 more
1310 2443 1476 2486 campanis
1490 2444 1649 2486 populum
1664 2445 1755 2478 suum
1774 2445 1972 2479 convocavit
1984 2440 2092 2486 primo

1208 2493 1247 2527 ad
1260 2491 1548 2535 Vesperagdeinde
1559 2493 1599 2528 ad
1614 2494 1791 2528 solemnem
1805 2494 1950 2528 Missam.
1963 2493 2091 2527 Verum

1210 2553 1309 2576 nemo
1320 2543 1504 2586 comparuit
1518 2566 1525 2574 .
1554 2543 1596 2576 Et
1610 2545 1666 2577 suo
1680 2542 1829 2578 Parocho
1849 2544 2002 2578 dixerunt
2018 2554 2092 2577 cau-

1208 2593 1272 2627 sam
1288 2606 1298 2626 .-
1325 2594 1410 2636 ,Quia
1422 2600 1454 2627 tu
1469 2592 1681 2627 patriarcham
1686 2592 1802 2636 secutus
1816 2606 1845 2627 es
1858 2598 1992 2627 Romana
2004 2599 2092 2626 novi·

1208 2652 1272 2676 tate
1283 2649 1438 2679 initiatum
1451 2667 1461 2683 ,
1489 2645 1524 2677 Θ·
1538 2656 1589 2677 nos
1604 2653 1631 2677 te
1639 2645 1740 2677 eadem
1762 2643 1924 2687 Latinismi
1935 2646 2019 2685 lepra
2029 2655 2091 2676 con·

1208 2690 1530 2735 tadumsuspicamur.
1561 2693 1643 2727 Non
1657 2694 1939 2733 Communionis,
1968 2692 2021 2726 sed
2043 2693 2089 2726 so-

1207 2743 1269 2776 lius
1304 2742 1498 2776 curiositatis
1529 2743 1633 2787 gratia
1670 2745 1702 2777 se
1739 2743 1870 2776 adfuisse
1898 2742 2089 2786 prorestatus

1206 2792 1250 2826 est
1277 2790 1549 2835 Theophylastus
1577 2817 1587 2833 ‚
1613 2793 1645 2827 &
1685 2792 1902 2827 nihilominus
1921 2793 2088 2836 respondit

1207 2841 1344 2886 populus
1371 2855 1378 2874 :
1406 2846 1444 2874 At
1472 2853 1501 2876 te
1517 2840 1624 2885 saltem
1651 2843 1747 2877 turbae
1768 2841 1944 2886 immiscuisti
1966 2848 1999 2875 in
2027 2846 2087 2876 La-

1208 2898 1273 2925 tina
1297 2894 1438 2936 dogmata
1455 2893 1645 2935 degeneranti
1666 2919 1677 2934 ,
1703 2905 1800 2927 coram
1826 2892 2006 2927 patriarcba
2032 2896 2087 2925 Ro-

1206 2948 1289 2975 mam·
1302 2944 1451 2984 Pontificis
1465 2944 1564 2985 assecla
1580 2968 1590 2984 ,
1616 2946 1699 2985 cujus
1720 2950 1809 2977 etiam
1830 2950 1907 2976 inter
1929 2952 2045 2977 caeteros
2056 2950 2086 2976 te

1206 2993 1328 3034 afflavit
1339 2992 1517 3025 benedicito.
1547 2993 1628 3027 Non
1651 2994 1738 3034 quod
1752 2991 1892 3037 Legati‘‚
1922 2994 1972 3027 sed
1995 2992 2086 3037 quod

1208 3043 1334 3085 Legato
1357 3042 1633 3076 communicantis
1654 3043 1845 3078 Patriarchae
1867 3042 2086 3078 benedictioni

1206 3091 1374 3131 adfuisset,
1402 3101 1545 3135 arguunt
1569 3092 1661 3125 suum
1681 3090 1907 3128 Parochialem
1921 3093 2086 3136 Presbyte-

1208 3153 1277 3176 rum
1290 3165 1299 3180 ‚
1312 3141 1404 3183 ipsius
1417 3141 1699 3176 Communionem
1712 3143 1871 3178 affirmant
1885 3143 2060 3178 scabiosam
2075 3166 2087 3184 ‚

1207 3204 1243 3226 ac
1255 3192 1384 3234 penitus
1393 3190 1608 3226 detestantur.
1639 3191 1807 3235 Ejusmodi
1823 3192 2085 3228 benedistionem

1206 3239 1376 3276 censebant
1389 3240 1551 3283 pessimam
1565 3241 1823 3277 maledictionem
1834 3269 1842 3276 .
1864 3244 1944 3278 Late
1959 3244 2022 3277 hoc
2032 3243 2085 3275 de·
2104 3238 2161 3269 ifb.
2175 3251 2218 3270 ¹⁷·-

1206 3291 1312 3325 scribit
1326 3291 1358 3323 in
1370 3291 1556 3325 Florentini
1571 3292 1716 3326 Concilii
1733 3292 1864 3327 historia
1877 3320 1886 3335 ‚
1901 3295 1934 3328 ὅ(
1948 3290 2082 3327 mirifice
2101 3288 2164 3318 ‘³³1³’
2175 3289 2200 3316 5·

1205 3340 1334 3374 extollit
1347 3339 1449 3375 homo
1461 3340 1688 3376 schismaticus
1699 3342 1859 3384 Sylvester
1870 3340 2080 3388 Sguropulus.

1256 3390 1443 3425 Florentina
1465 3392 1545 3425 unio
1564 3402 1630 3425 non
1656 3390 1712 3425 diu
1736 3393 1882 3427 duravit.
1909 3392 1986 3433 Ejus
2009 3400 2080 3432 prae·

1208 3441 1362 3478 vaticatio
1422 3440 1650 3487 Imperatorem
1702 3443 1863 3484 Ioannem
1922 3438 2082 3488 Palaeolo-⁴

1600 3492 1631 3528 V
1658 3502 1679 3524 u
1732 3504 1753 3528 2
1952 3500 2032 3534 gum
