2352 3736
524 135 615 167 Dss
687 123 726 167 S.
799 123 1135 171 LEOle

275 216 324 240 nt
339 199 518 236 nutritioni
539 213 578 235 ac
601 202 798 238 anit-nationi
823 204 992 247 ineptum,
1019 202 1159 245 ideoque

273 265 334 288 nec
343 263 451 295 aptam
464 254 858 288 Sacramentovmateriam
867 277 875 285 .

274 321 279 325 *r
321 305 435 339 Tertia
450 302 627 337 Michaelis
641 303 723 337 ratio
735 304 779 338 est
791 301 874 336 haee:
903 307 1026 342 nzymas
1049 300 1157 344 Moyses

271 367 337 391 cum
360 354 610 388 amaritudinibus
631 356 777 387 comedere
797 351 911 395 miseris
929 355 958 396 J
961 353 1054 386 udaeis
1067 353 1162 398 semel

271 414 304 440 tn
316 418 394 439 anno
404 407 492 449 legem
503 403 662 445 constituit.
689 406 845 448 ,Quoniam
869 404 958 437 malae
974 404 1158 451 paffiom'r&

270 457 469 490 tribulationis
481 453 712 496 Symbolasunt.
740 458 779 486 At
801 452 927 493 nostrum
954 451 1069 495 Pascha
1083 464 1158 496 gau-

270 510 355 541 dium
376 508 409 540 (9⁶
429 507 541 539 laetitia
559 515 651 538 totum
671 503 712 544 est
731 527 743 543 ‚
780 504 814 536 ό·
837 504 953 536 extollit
973 515 1026 535 nos
1048 502 1088 535 ab
1106 501 1157 534 bu-

269 571 317 590 mo
327 559 493 591 adCoelum
505 581 515 596 ,
535 555 606 596 ficut
617 555 651 588 Θ
658 553 844 594 fermentum
861 561 983 595 propter
1002 557 1158 594 proprium

267 610 392 642 calorem
411 632 421 647 ,
456 614 571 647 panem
598 609 648 645 qui
672 607 753 635 omni
767 601 922 646 suavitate
943 603 1073 644 repletus
1100 601 1155 641 est.

268 657 433 691 Adfirmat
456 654 587 696 Azyma
624 652 918 687 Sacramentalibus
944 652 1157 686 Sacrosanstae

267 705 476 743 Eucharistiae
513 702 810 748 significationibus
857 714 955 746 atque
991 701 1157 735 effectibus

266 768 334 791 non
346 755 542 791 convenire.
570 752 706 794 Primo,
732 753 821 795 quod
844 753 904 786 sint
924 764 993 787 non
1018 751 1156 792 laetiriae,

265 807 319 842 sed
345 806 486 840 maeroris
518 803 705 846 symbolum
727 826 735 833 .
769 801 921 836 Secundo
944 826 955 841 ,
992 802 1069 844 quia
1097 803 1158 836 sur·

264 859 336 890 sum
365 867 432 890 non
445 856 573 889 elevant
584 879 594 892 ‚
622 854 673 886 sed
686 853 874 895 deprimunt
887 852 1036 886 deorsum
1049 876 1057 883 .
1085 851 1157 886 Per-

263 907 313 951 git
328 905 472 939 Michael
485 918 496 937 .·
525 908 639 942 azymae
650 914 741 945 neque
748 901 800 945 sal
809 913 900 944 neque
903 902 1090 943 fermentum
1102 902 1155 935 ba-

263 958 366 989 bentes
385 957 482 988 lutum
495 953 533 993 est
544 954 663 986 aridum
678 978 685 984 .
714 958 761 985 An
787 965 845 985 non
867 952 1110 995 audistisJESU
1115 953 1155 987 M

263 1006 407 1039 dicentem
420 1004 580 1048 Discipulis
590 1002 654 1046 suis
667 1017 678 1036 .·
704 1008 761 1036 Vos
774 1002 839 1042 estis
848 1001 901 1045 sal
920 1012 1010 1036 terrae
1024 1005 1036 1036 ἓ
1063 1008 1109 1036 Et
1119 1003 1158 1045 fi-

261 1057 331 1089 mile
343 1056 379 1096 est
392 1059 526 1098 Regnum
553 1056 702 1087 Coelorum
715 1053 884 1094 fermento,
911 1055 992 1095 quod
1008 1059 1152 1096 accipiens

261 1108 365 1140 mulier
376 1105 529 1148 abscondit
551 1111 583 1136 in
599 1103 717 1145 farinae
734 1101 814 1145 satis
830 1103 944 1143 tribus,
970 1102 1058 1146 usque
1082 1106 1152 1137 dum

252 1155 493 1198 fermentaretur
514 1156 632 1187 totum?
660 1154 813 1186 Mulierem
829 1162 917 1186 vocat
929 1153 1070 1186 sancJam
1093 1158 1151 1188 Ec-

258 1206 388 1249 clefiam.
414 1208 494 1238 Satis
506 1208 578 1237 vcro
597 1203 693 1235 tribus
717 1205 836 1244 repletis
851 1227 861 1243 ,
890 1206 1016 1237 Patrem
1038 1206 1073 1237 Θ
1100 1210 1150 1238 Fi-

261 1257 535 1298 liumospiritum
547 1254 707 1287 santium.
736 1256 872 1297 ,Quorum
895 1265 1084 1296 nequaquam
1109 1257 1148 1287 lu-

259 1307 385 1340 tulentae
408 1311 523 1346 Azymae
539 1304 615 1348 sunt
629 1310 811 1345 participes.
839 1303 1045 1348 Symbolicas
1068 1306 1149 1338 novi

258 1355 465 1391 Testamenti
494 1354 668 1391 Parabolas
687 1354 756 1388 vult
783 1354 844 1388 soli
865 1356 1051 1395 fermento,
1079 1367 1146 1389 non

258 1407 394 1451 Azymo
406 1408 563 1450 quadrare
576 1430 584 1437 .

308 1457 457 1492 Adducit
470 1454 616 1489 Michael
630 1455 664 1489 &
678 1464 825 1497 quartam
848 1453 1011 1487 rationem
1025 1467 1036 1486 :
1063 1458 1146 1486 Dicit

257 1511 367 1542 David
378 1510 415 1542 de
428 1507 542 1546 christo
555 1531 564 1545 ‚
591 1509 637 1538 Tu
647 1517 676 1538 es
689 1505 831 1538 Sacerdos
844 1510 877 1536 in
890 1510 1035 1536 aeternum
1043 1503 1146 1545 secun-

255 1561 326 1592 dum
348 1560 493 1594 Ordinem
505 1553 715 1596 Melchisedech
731 1577 738 1584 .
765 1555 829 1594 ,Qui
850 1561 923 1584 ante
947 1551 1099 1583 Abraham
1112 1554 1146 1585 <9⁶

253 1609 375 1652 Moysem
397 1633 407 1650 ,
432 1607 637 1640 coeli&terrae
650 1604 867 1636 &eceterarum
878 1612 975 1634 rerum
986 1600 1144 1644 agnoscens

252 1661 371 1696 Deum,
396 1669 540 1701 exurgens
563 1655 607 1687 illi
619 1654 725 1686 obtulit
732 1661 844 1693 panem
868 1653 902 1685 <9
926 1656 1050 1684 vinum.
1080 1652 1145 1686 Ur-

251 1718 306 1754 get
319 1707 468 1742 Michael
478 1718 557 1740 tunc
569 1704 710 1738 necdum
722 1702 815 1735 fuisse
827 1701 959 1743 Azyma
971 1711 1027 1735 aut
1040 1700 1144 1734 ullum

253 1760 357 1804 legale
377 1759 644 1793 Sacramentum,
671 1749 807 1794 proinde
832 1750 1028 1785 fermentum
1052 1751 1145 1784 fuisse

250 1810 400 1843 oblatum
413 1809 430 1842 a
446 1800 711 1842 Melchisedech,
741 1799 880 1843 ideoque
890 1800 990 1835 etiam
1014 1800 1033 1833 ὲ
1050 1799 1144 1835 Chri-

249 1861 301 1894 sto
315 1859 468 1894 Domino
479 1857 512 1891 &
524 1853 680 1888 omnibus
694 1850 891 1886 Christianis
902 1851 996 1884 fuisse
1018 1862 1057 1884 ac
1082 1852 1143 1885 effe

250 1909 470 1944 offerendum.
501 1906 544 1938 Et
556 1903 725 1947 adjungit:
754 1904 799 1933 Et
823 1906 896 1943 quia
917 1902 1069 1934 translato
1091 1903 1142 1934 Sa-

247 1961 393 1999 cerdotto,
421 1955 565 1999 neceffeest
576 1963 609 1987 ut
631 1954 701 1997 legis
724 1952 886 1985 translatio
902 1950 978 1992 fiat,
1003 1962 1072 1994 quae
1094 1952 1141 1984 Iex

246 2011 392 2043 lutulenta
397 2009 526 2051 Judaetr
553 2003 699 2044 constituit
722 2005 831 2040 Azyma
849 1999 986 2040 custodire
1012 2026 1020 2032 .
1058 2001 1141 2035 Vult

248 2061 380 2102 Azyma
413 2059 476 2091 effe
517 2055 686 2098 Iudaicam
722 2051 948 2087 caeremoniam
962 2074 973 2091 ,
1000 2050 1141 2093 ideoque

248 2108 442 2142 Christianis
456 2105 570 2140 ritibus
591 2102 749 2137 adversari
770 2126 777 2134 .
815 2100 869 2134 Ex
893 2102 1013 2135 Sancto
1034 2100 1140 2134 Paulo

248 2159 412 2202 Apostolo
434 2155 583 2200 adjungit
607 2151 844 2186 Eucharistiam
871 2153 933 2185 effe
955 2151 1142 2184 Dominicae

246 2209 362 2244 mortis
383 2204 736 2243 commemorationem
762 2226 774 2241 ,
797 2212 835 2234 ac
872 2202 998 2245 pergit:
1025 2204 1140 2240 Azymae

247 2263 319 2293 vero
331 2269 425 2302 neque
436 2260 731 2291 commemorationem
744 2251 855 2284 habent
878 2258 922 2288 ei,
951 2262 1042 2292 neque
1065 2263 1139 2283 mor-

247 2311 396 2343 temillius
406 2312 610 2343 annuntiant,
631 2302 703 2345 ficut
727 2300 884 2344 Mosaicae,
912 2302 946 2334 (9
965 2309 1036 2334 ante
1057 2303 1137 2335 mille

246 2361 481 2402 quadringentos
507 2367 601 2389 annos
640 2365 678 2387 ex
715 2353 775 2395 lege
809 2349 990 2391 constitum,
1018 2352 1052 2385 Θ·
1085 2360 1139 2393 per

246 2422 359 2443 novum
381 2409 596 2449 Testamentum
616 2402 783 2436 maledieta»
795 2413 830 2433 ac
852 2401 998 2434 derelic‘iae
1010 2426 1017 2433 .
1044 2401 1139 2436 Hinc

245 2461 281 2493 δε
304 2460 442 2502 ipsarum
466 2457 654 2492 Ufitatores
676 2453 746 2487 vult
765 2453 829 2486 effe
852 2451 1041 2486 maledictos
1061 2462 1099 2487 ac
1119 2452 1139 2485 ὸ,

245 2511 325 2544 Deo
345 2509 534 2543 derelictos.
941 2550 949 2557 .
1090 2552 1097 2559 .

243 2563 251 2568 ”
297 2559 495 2603 Respondeo
511 2557 576 2590 haec
585 2562 774 2600 argumenta
790 2551 851 2586 effe
863 2562 950 2595 parvi
962 2550 1116 2594 ponderis
1127 2577 1134 2584 .

245 2609 350 2655 Qod
367 2609 457 2643 enim
470 2606 619 2642 Christus
630 2605 798 2639 Dominus
810 2614 877 2636 non
894 2602 928 2635 in
950 2602 1110 2636 fermento
1124 2627 1135 2642 ,

246 2660 299 2691 sed
322 2658 355 2690 in
374 2668 492 2700 azymo
513 2656 716 2694 confecerit,
741 2655 807 2697 jam
837 2653 912 2686 satis
934 2652 1134 2686 demonstra-

247 2718 318 2740 tum
356 2708 400 2740 est
422 2731 432 2746 ,
469 2708 657 2750 evincitque
687 2714 865 2739 memorata
898 2702 1021 2736 malitia
1043 2703 1131 2746 Judae

244 2756 449 2796 Proditoris,
474 2755 591 2798 dequo
605 2756 756 2799 Liturgia
783 2753 896 2797 magni
915 2753 1021 2786 Bafilii
1034 2767 1044 2786 .-
1065 2756 1132 2786 Cae-

247 2820 296 2841 nae
305 2818 366 2841 tuae
377 2805 495 2846 mystioae
515 2805 622 2844 bodie,
645 2805 690 2846 fili
711 2810 790 2843 Dei,
815 2805 918 2847 assume
942 2814 987 2835 me
1005 2809 1130 2846 partict-

242 2868 331 2900 pem.
358 2862 431 2889 Non
440 2861 519 2888 enim
528 2861 588 2888 tuis
599 2860 724 2887 inimicis
737 2855 836 2886 dicam
858 2853 1020 2893 mysterium
1033 2878 1044 2893 ,
1072 2865 1144 2886 non*

247 2908 323 2942 dabo
343 2907 397 2940 tibi
425 2904 552 2949 osculum
574 2928 585 2944 ,
604 2902 674 2944 ficut
693 2905 820 2951 Judar.
850 2905 893 2936 Et
916 2903 950 2935 in
972 2904 1126 2947 vigesima

246 2958 359 3001 quinta
373 2956 413 2991 ad
427 2954 676 2989 Antiochenum
698 2953 856 2997 populum
876 2953 1029 2987 Homilia
1048 2955 1126 2987 San-

245 3010 312 3041 nus
324 3008 466 3051 Joannes
476 3003 752 3049 Chrysostomus:
778 3004 874 3036 Vultis
894 3005 1010 3042 dicam,
1035 3003 1125 3047 quus-

245 3069 315 3090 nam
328 3067 399 3099 opus
416 3055 571 3100 perficiant
592 3055 658 3094 illi,
687 3059 738 3095 qui
762 3063 831 3085 ante
849 3051 986 3095 sacrificii
1005 3056 1123 3094 comple·

245 3116 376 3140 mentum
396 3118 429 3139 ac
447 3107 538 3148 finem
559 3103 710 3147 discedunt
733 3127 744 3144 ,
781 3113 869 3144 neque
893 3107 988 3135 Coena
1012 3102 1123 3145 absolu-

242 3167 277 3191 ta
293 3162 461 3200 gratiarum
483 3156 606 3189 allionis
626 3154 741 3192 hymnos
761 3151 886 3193 offerunt
898 3154 914 3184 .?
942 3154 1123 3195 ,Quandoul-

242 3214 327 3241 timae
337 3210 438 3239 Coenae
448 3210 673 3239 communicavit
679 3208 711 3249 J
713 3204 791 3236 udas
803 3202 884 3235 nolle
895 3203 947 3235 illa
956 3201 1098 3243 postrema
1110 3229 1119 3244 ,

241 3261 357 3291 caeteris
378 3256 512 3288 omnibus
536 3254 766 3289 recumbentibus
790 3277 799 3292 ,
826 3251 887 3295 ipse
901 3251 935 3295 se
954 3259 1119 3294 proripiens

240 3307 351 3347 exceffit
372 3331 378 3338 .
416 3305 504 3338 Illum
525 3310 683 3339 imitantur
705 3305 739 3338 (9·
761 3303 805 3343 isti
828 3309 880 3345 qui
897 3311 968 3335 ante
985 3304 1119 3336 ultimam

236 3364 410 3403 gratiarum
437 3356 580 3389 actionem
605 3353 776 3397 dtscedunt.
806 3353 848 3386 Et
868 3353 902 3387 in
933 3354 986 3387 sua
1011 3353 1118 3388 adver-

242 3409 310 3442 sum
338 3408 398 3442 suae
423 3407 531 3451 gentis
556 3408 678 3440 errores
702 3404 862 3440 invectiva
889 3403 976 3438 Isaac
997 3414 1118 3448 magna:

1206 121 1443 169 NONI

1512 123 1814 170 Aci-Is.
1943 143 2038 190 317

1224 201 1390 238 Armeniae
1401 203 1595 240 catholicus
1607 217 1614 236 z
1622 209 1656 250 J
1658 207 1735 239 udas
1747 213 1862 250 accepto
1868 213 1951 248 pane
1960 212 2104 253 egreffin,

1215 259 1305 294 panis
1319 256 1496 289 adminiculo
1508 259 1666 289 Dominum
1673 258 1812 298 prodidit
1831 283 1836 289 .
1867 257 2011 301 Accepta
2034 261 2104 294 Do·

1218 304 1340 337 minica
1368 305 1520 339 Buccella
1539 329 1549 344 ,
1585 305 1700 348 Judam
1723 307 1887 341 continuo
1905 307 2039 343 exivisse
2056 309 2106 344 di·-

1219 352 1297 387 serte
1305 354 1456 390 adfirmat
1469 357 1600 390 Sanetus
1612 357 1818 402 Evangelista
1842 359 2001 401 Ioannes.
2023 360 2107 395 -Un-

1218 402 1257 435 de
1271 405 1369 438 solius
1381 408 1494 448 panis,
1522 417 1590 440 non
1605 418 1714 441 aurem
1730 409 1797 448 x(ini
1811 408 2048 443 consecrationi
2060 410 2105 444 vi-

1219 453 1313 487 detur
1326 455 1462 490 adfuisse
1483 481 1490 488 .
1519 456 1563 490 Et
1585 457 1630 491 ob
1657 458 1823 500 perfidiam
1845 457 1862 491 ὲ
1888 457 2034 493 Diabolo
2058 461 2105 493 in-

1220 505 1310 538 vasus
1334 515 1403 539 non
1442 506 1652 541 manducavit
1673 508 1857 542 Buccel'am
1877 533 1889 548 ,
1915 509 1967 542 sed
1990 510 2105 552 Judaeis

1218 554 1403 588 enuntiavit
1419 556 1616 599 Mysterium
1631 582 1640 597 ,
1666 560 1817 592 accusans
1829 559 2014 593 Dominum
2029 571 2104 603 qua-

1218 604 1237 636 s1
1256 604 1296 637 de
1312 605 1437 639 insania
1449 629 1460 645 ,
1489 607 1545 649 qui
1557 606 1735 641 istiusmodi
1751 608 1939 642 Buccellam
1956 610 2103 644 adfirma-

1218 663 1264 687 ret
1277 655 1370 687 suum
1387 666 1523 697 corpuS,
1548 655 1582 688 <Sc
1595 668 1750 698 tanquam
1766 658 1829 691 tale
1842 658 1935 692 veilet
1949 661 1965 692 a
1978 662 2102 694 cunstis

1217 704 1424 736 manducari.
1454 705 1496 736 Et
1515 704 1592 738 hinc
1608 717 1674 739 non
1688 707 1727 739 ad
1741 708 1890 749 Corpus,
1917 709 1969 742 sed
1992 711 2031 743 ad
2055 712 2103 744 so-

1217 753 1285 786 lum
1303 752 1451 787 Calicem
1463 753 1548 787 dixit
1571 756 1743 789 Dominus
1757 769 1768 788 .-
1794 757 1896 789 Bibite
1917 770 1954 790 ex
1971 759 2022 792 hoc
2042 772 2102 793 om·

1216 814 1268 835 nes
1283 828 1290 836 .
1319 803 1397 836 Hoc
1410 804 1455 837 est
1468 828 1479 844 ‚
1506 804 1621 847 Judam
1632 830 1642 846 ,
1656 806 1712 849 qui
1726 807 1878 840 Sanctum
1892 806 2016 842 Panem
2032 822 2101 845 non

1215 853 1379 891 com-edit,
1392 854 1512 887 imitari
1523 856 1626 888 nolite
1639 880 1649 895 ‚
1662 856 1712 889 sed
1727 856 1828 890 bibite
1841 868 1897 890 om
1906 869 1958 890 nes
1969 882 1976 889 .
2006 857 2102 894 Hinc

1214 903 1247 936 &
1271 903 1424 945 adjunxit
1446 916 1453 936 :
1480 909 1554 937 Non
1575 905 1675 938 bibam
1695 908 1799 939 amodo
1822 909 1859 940 de
1881 906 1931 939 hoc
1950 914 2101 951 genimine

1214 958 1289 986 vitis
1300 951 1430 996 usquein
1441 956 1521 988 diem
1537 957 1618 989 illum
1632 980 1643 996 ,
1668 968 1731 989 cum
1742 958 1821 990 illud
1831 957 1931 990 bibam
1952 957 2102 1001 vobiscum

1215 1015 1324 1037 novum
1343 1010 1376 1036 in
1398 1008 1498 1048 Regno
1510 1008 1614 1039 Patris
1627 1013 1702 1040 mei.
1730 1007 1831 1055 Qod
1847 1020 1965 1053 nempe
1992 1009 2105 1043 nullus

1214 1054 1248 1086 in
1276 1054 1397 1099 Regno
1420 1067 1488 1088 non
1520 1056 1680 1090 bibiturus
1710 1067 1789 1091 tunc
1810 1056 1929 1092 adesset
1950 1083 1957 1090 .
1992 1059 2101 1105 Quid-

1213 1103 1293 1146 quid
1302 1105 1362 1144 fit,
1389 1104 1563 1140 dumtaxat
1583 1107 1624 1140 de
1645 1109 1795 1141 confesto
1813 1107 1976 1151 Mysterio
1991 1133 2000 1147 ,
2030 1121 2100 1143 non

1212 1155 1252 1187 de
1275 1156 1404 1197 sumpto
1428 1167 1542 1189 contra
1565 1156 1671 1200 legem
1695 1158 1858 1191 fermento
1872 1157 2100 1201 Judasaccusa-

1213 1204 1258 1238 vit
1283 1205 1494 1239 Dominum:
1523 1206 1596 1240 Nec
1618 1207 1703 1240 ullus
1723 1207 1830 1250 postea
1855 1207 2000 1250 Judaeus.
2027 1210 2099 1257 Qi

1211 1255 1304 1288 omni
1315 1255 1423 1289 studio
1434 1256 1543 1291 venati
1553 1258 1625 1290 sunt
1637 1259 1754 1300 quaevis
1765 1258 1980 1292 accusationis
1991 1260 2098 1302 capita

1212 1316 1248 1337 ac
1264 1304 1342 1338 falsa
1353 1307 1452 1340 etiam
1474 1306 1661 1341 testimonia
1674 1332 1685 1348 ‚
1713 1309 1788 1343 sane
1806 1307 1870 1343 hoc
1894 1318 2006 1343 verum
2027 1319 2098 1344 non

1213 1354 1428 1399 neglexissent
1437 1381 1444 1388 .

1258 1405 1289 1438 A
1305 1406 1386 1448 Juda
1398 1406 1509 1440 fastam
1518 1406 1671 1450 Mysterii
1687 1409 1953 1443 enuntiationem
1964 1408 2100 1455 in‘figni·

1208 1463 1256 1486 ter
1266 1455 1405 1497 exponit
1418 1454 1621 1498 Anonymus
1632 1458 1673 1491 de
1684 1459 1816 1492 Francis
1829 1470 1866 1491 ac
1885 1460 1958 1492 aliis
1968 1459 2098 1493 Latinis

1207 1503 1401 1543 Tractatum,
1428 1515 1527 1547 atque
1555 1507 1781 1550 prosequitur:
1808 1506 1941 1547 christus
1966 1520 2002 1541 ac
2016 1512 2099 1542 Deus

1206 1551 1294 1591 noster
1320 1555 1493 1597 Judaicum
1525 1554 1642 1597 Pascha
1671 1558 1794 1589 comedit
1813 1580 1824 1595 ‚
1861 1558 2034 1599 adimplens
2061 1559 2101 1592 le-

1201 1613 1285 1644 gem.
1312 1603 1367 1635 Ubi
1377 1612 1477 1637 autem
1488 1605 1577 1647 legem
1598 1605 1794 1650 implevtffit,
1819 1615 1892 1640 tunc
1912 1615 2026 1650 panem
2034 1607 2100 1650 feru

1204 1660 1372 1684 mentatum
1391 1652 1509 1696 posuit,
1536 1664 1608 1687 tunc
1616 1657 1716 1689 dixit:
1745 1656 1969 1699 Hocestcorpus
1981 1669 2097 1692 meum.

1205 1705 1246 1733 Ac
1261 1702 1380 1743 quidem
1391 1714 1455 1735 cum
1467 1704 1505 1736 dc
1517 1704 1604 1746 legali
1624 1714 1761 1750 ageretur
1777 1729 1788 1744 ,
1807 1708 1929 1740 minime
1948 1713 1996 1740 ait
2006 1733 2018 1748 ,
2046 1712 2100 1740 Ac-

1203 1757 1293 1792 cipite
1306 1776 1317 1791 ,
1342 1753 1482 1786 comedite
1503 1762 1608 1796 corpus
1635 1763 1754 1797 meum,
1780 1767 1846 1789 cum
1868 1767 1967 1790 autem
1988 1757 2098 1799 defer-

1204 1810 1357 1842 mentato,
1385 1812 1454 1836 tunc
1474 1804 1577 1836 dixit:
1604 1808 1665 1838 Hoc
1690 1805 1730 1845 est
1754 1813 1858 1849 corpus
1883 1817 1980 1840 meum
2001 1832 2009 1839 .
2045 1809 2097 1841 Id-

1202 1855 1274 1886 circo
1288 1853 1554 1898 invenitJudas,
1579 1865 1635 1897 quo
1645 1853 1797 1898 accusaret
1818 1855 1988 1896 christum.
2017 1862 2096 1891 Cum

1201 1908 1280 1935 enlm
1292 1904 1438 1945 accepisset
1444 1911 1558 1944 panem
1568 1906 1615 1937 ad
1634 1911 1862 1939 communionem
1874 1931 1886 1947 ,
1911 1918 1971 1939 non
1992 1916 2094 1941 tamen

1200 1963 1230 1985 eo
1240 1958 1485 1992 communicavit,
1506 1951 1566 1995 sed
1574 1954 1659 1987 illum
1669 1954 1797 1996 servans
1810 1956 1934 1996 ostendit
1937 1960 1970 2000 J
1973 1958 2072 1991 udaeis
2082 1983 2092 1991 .

1201 2002 1404 2045 ,Quamobrem
1425 2003 1535 2036 videns
1560 2002 1694 2044 cbristus
1715 2003 1805 2047 ipfius
1829 2006 2000 2046 malitiam,
2024 2018 2092 2041 cum

1200 2053 1339 2095 dixisset,
1367 2056 1494 2093 Accipite
1515 2077 1527 2093 ,
1546 2055 1707 2095 comedite,
1733 2054 1785 2088 boc
1819 2054 1857 2095 est
1891 2064 1995 2097 corpus
2029 2068 2093 2091 me-

1199 2114 1270 2143 um,
1297 2112 1354 2135 non
1382 2104 1486 2143 dixit,
1512 2107 1649 2145 Omnes;
1675 2112 1709 2137 at
1734 2110 1768 2138 in
1793 2105 1881 2139 calice
1906 2112 1976 2145 ait,
2001 2107 2090 2139 Bibi-

1198 2161 1228 2185 τε
1244 2164 1283 2185 ex
1303 2152 1353 2184 hoc
1376 2157 1487 2185 omncs
1522 2177 1531 2184 .
1565 2156 1667 2197 sicque
1696 2155 1792 2197 liquet
1815 2155 1965 2196 Christum
1984 2158 2089 2200 dixisse

1194 2210 1306 2244 panem
1309 2201 1528 2243 fermentatum
1545 2203 1613 2245 fiat-e
1644 2203 1729 2247 suum
1748 2214 1868 2248 corpus.
1893 2209 1989 2240 *Porro
2009 2205 2088 2241 hanc

1198 2253 1391 2285 traditionem
1410 2261 1581 2294 acceperunt
1603 2255 1641 2287 ab
1667 2259 1794 2299 Origene
1807 2279 1814 2287 .
1853 2254 2087 2291 Schismaticus

1199 2301 1252 2336 hic
1267 2302 1418 2336 Αυᾶοκὲ
1438 2302 1571 2338 Christo
1592 2304 1767 2347 Domino,
1794 2317 1835 2340 ne
1856 2306 1963 2350 ipsum
1985 2306 2086 2342 faciat

1199 2353 1280 2397 legis
1302 2352 1576 2396 praevaricatorem
1590 2379 1601 2394 ‚
1626 2356 1746 2390 fatetur
1766 2356 1870 2401 legale
1893 2356 2015 2391 Pascha
2039 2356 2084 2391 le·

1197 2404 1318 2448 gitimo
1345 2402 1399 2436 die
1421 2403 1636 2438 celebratum.
1663 2405 1740 2440 Hac
1761 2406 1795 2439 in
1817 2418 1850 2440 re
1874 2407 1977 2440 Graeci
1996 2406 2084 2441 adeo

1197 2465 1266 2487 non
1280 2453 1487 2487 conveniunt
1501 2479 1508 2487 .
1537 2455 1678 2490 Videtur
1704 2456 1843 2497 addere,
1871 2457 1961 2500 quod
1984 2457 2083 2500 Judas

1199 2504 1384 2538 Dominum
1409 2515 1477 2538 non
1499 2504 1540 2539 de
1563 2505 1634 2540 solo
1656 2506 1807 2541 confecto
1817 2507 2001 2550 Mysterio,
2028 2506 2083 2541 sed

1197 2554 1297 2588 etiam
1320 2553 1363 2587 de
1384 2554 1504 2588 usitato
1531 2565 1647 2589 eontra
1669 2556 1777 2601 legem
1801 2557 1965 2591 fermento
1989 2568 2082 2591 accu-

1196 2604 1311 2637 saverit
1334 2628 1340 2635 .
1369 2601 1554 2638 Laudatum
1590 2607 1714 2640 Leonis
1736 2607 1815 2640 noni
1836 2631 1847 2647 ,
1896 2607 2080 2642 Cardinalis

1197 2653 1375 2688 Humberti
1391 2677 1402 2693 ,
1415 2666 1452 2687 ac
1463 2655 1511 2688 sui
1521 2655 1714 2691 Patriarchae
1725 2657 1799 2691 Gen
1805 2655 1894 2690 nadii
1907 2667 2079 2701 argumen-

1194 2714 1266 2736 tum
1286 2714 1426 2737 conatur
1438 2703 1498 2738 hac
1514 2705 1565 2738 via
1577 2707 1713 2742 evadere
1724 2731 1733 2745 ‚
1760 2707 1792 2740 &
1804 2708 1863 2739 suae
1872 2706 2023 2740 factionis
2034 2705 2077 2740 de

1188 2754 1355 2787 ‘fermento
1364 2764 1507 2787 errorem
1519 2754 1662 2790 stabilire
1673 2781 1680 2788 .
1708 2755 1833 2789 Versim
1848 2754 1889 2790 de
1901 2757 1959 2790 suo
1971 2756 2077 2801 loqui-

1193 2813 1245 2837 tur
1257 2827 1268 2843 ,
1293 2802 1386 2838 nullo
1399 2802 1531 2838 fulcitur
1541 2805 1758 2841 fundamento
1768 2831 1775 2838 .

1243 2853 1390 2887 Eandem
1401 2854 1610 2897 quaestionem
1624 2858 1736 2892 tractat
1758 2855 1991 2891 Armeniorum
2013 2855 2076 2892 Pa-

1190 2903 1328 2938 triarcha
1343 2904 1428 2938 Isaac
1442 2918 1449 2937 :
1475 2907 1588 2939 Eccum
1599 2909 1673 2940 vero
1683 2908 1758 2949 quid
1765 2909 1854 2947 ajunt
1864 2907 2006 2940 increduli
2019 2911 2075 2941 Ar-

1188 2954 1304 2987 menii?
1330 2959 1448 2996 Nempe
1467 2963 1595 2997 panem,
1621 2969 1707 2999 quem
1730 2955 1864 3000 Christut
1875 2958 1983 2997 dedit,
2009 2968 2072 2997 azy-

1189 3015 1267 3036 mum
1271 3002 1380 3046 fuiffir,
1399 3016 1435 3037 ac
1444 3007 1548 3039 idcirco
1558 3017 1660 3044 azyma
1670 3013 1703 3039 in
1708 3005 1852 3049 sacrificio
1862 3006 1981 3046 offerre,
2003 3011 2070 3042 Er·

1181 3066 1219 3096 go
1239 3079 1250 3094 ,
1287 3060 1341 3096 qui
1359 3052 1474 3096 semper
1494 3057 1529 3088 &⁵
1554 3056 1658 3098 ubique
1694 3055 1809 3096 cbristo
1842 3056 2067 3100 adversaminI,

1186 3109 1271 3146 impii
1285 3104 1416 3137 homines
1432 3128 1443 3143 ‚
1469 3104 1571 3138 verbis
1576 3114 1698 3147 pariter
1714 3105 1854 3147 &fac‘t'is
1864 3106 1969 3147 vestris
1979 3107 2068 3141 Chri-

1180 3154 1256 3194 stum
1267 3165 1343 3187 nunc
1352 3152 1631 3197 vestraeimpietatis
1643 3167 1678 3189 ac
1687 3160 1859 3200 nugationis
1877 3156 1975 3198 testem
1997 3166 2066 3200 pro-

1185 3205 1316 3238 ducitis?
1342 3203 1412 3241 Esto
1431 3229 1442 3244 ,
1462 3203 1560 3245 fuerit
1580 3217 1667 3248 quem
1692 3206 1826 3247 Christus
1838 3207 1921 3240 dedit
1924 3215 2061 3249 panem,

1183 3265 1317 3293 azymus.
1344 3255 1494 3295 Equidem
1515 3256 1562 3288 ille
1581 3255 1616 3289 ob
1648 3256 1798 3301 angustias
1821 3262 1961 3300 temporis
1979 3281 1990 3297 ‚
2025 3265 2061 3290 ut

1183 3316 1218 3337 ne
1228 3314 1346 3336 tantum
1362 3303 1467 3347 salutis
1490 3305 1647 3345 mysterium
1668 3307 1708 3340 ab
1728 3317 1759 3339 eo
1776 3318 1835 3340 non
1853 3309 1999 3341 traditum
2014 3317 2060 3338 re-

1180 3356 1361 3397 linqueretur
1376 3378 1386 3394 ,
1411 3358 1443 3387 e«)
1468 3357 1550 3396 quod
1572 3358 1673 3389 eadem
1697 3355 1768 3390 hora
1786 3358 1915 3402 Judaeis
1940 3355 2059 3388 traden«

1180 3406 1237 3438 dus
1262 3406 1328 3448 effer
1338 3429 1349 3447 ‚
1375 3405 1464 3441 talem
1485 3407 1635 3441 tradidit:
1664 3410 1702 3442 Ut
1714 3418 1750 3443 ne
1761 3410 1876 3442 omnino
1894 3416 1954 3496 no}
1969 3413 2058 3489 il’anta

1951 3463 1969 3485 a
1981 3464 2014 3488 u-
