2352 3736
696 143 734 188 S.

254 244 320 269 ras.
349 231 411 264 Ha:
421 227 504 262 dista
518 228 600 269 sint,
626 227 778 262 utluceat
800 225 967 260 Orientali
991 223 1139 257 Ecclesiae

251 282 395 326 insignes
419 277 624 314 orthodoxos
651 288 821 321 nunquam
840 274 996 309 defuisse.
1036 274 1081 306 Et
1103 273 1138 306 hi

253 342 414 376 magnum
428 328 583 362 Bafilium
597 328 722 362 imitati
737 351 748 367 ,
773 326 1002 368 disposuerunt
1023 324 1139 357 sermo-

254 393 310 415 nes
324 383 397 415 suos
420 378 612 421 injudicio:
643 390 683 413 ne
695 375 942 412 Schismaticam
964 376 1054 408 suam
1067 383 1142 417 gen-

254 442 319 465 tem
330 430 430 465 nimis
441 428 646 464 offenderent
660 453 671 468 ,
701 426 840 460 Latinos
852 425 933 459 ritus
941 424 1143 467 dispensato-

253 481 376 515 rienon'
388 480 574 515 exaltarunt
588 503 595 511 .
623 478 716 511 Hinc
725 474 829 510 didius
840 475 1026 508 Demetrius
1038 498 1050 513 ,
1074 483 1143 516 quo

254 534 347 566 suum
360 533 559 565 fermentum
570 528 729 572 praeferret
745 549 755 565 ,
782 523 910 559 addidit
923 525 1033 569 azymi
1044 523 1144 557 ritum

255 594 323 615 non
337 584 398 616 este
412 578 644 623 Apostolicum
656 600 668 616 ,
693 575 748 610 sed
770 574 789 608 ὸ.
802 575 898 609 nobis
913 575 1042 608 noviter
1052 571 1144 605 indu-

255 633 341 665 sium
361 657 369 664 .
410 631 453 664 Et
476 628 580 662 hocce
601 626 724 671 dogma
748 625 881 666 laudat,
923 623 1040 668 probat
1060 646 1071 662 ‚
1107 633 1143 655 ac

254 683 436 725 profitetur
453 676 592 721 Jacobus
618 675 811 710 Sirmondus
831 699 838 706 .
880 675 981 708 Sextae
1017 671 1142 714 Synodi

254 733 339 765 circa
373 728 458 762 hanc
484 726 654 761 materiam
692 726 774 760 Asia
811 734 978 767 exponam
1003 722 1063 755 suo
1100 722 1145 755 lo-

255 792 321 816 co.
347 779 395 813 Ea
423 777 554 811 interim
591 776 715 810 habent
750 775 784 808 δε
822 773 912 807 hunc
949 771 1144 807 articulum:

254 829 372 863 oblatio
402 828 514 861 munda
542 827 630 860 debet
655 825 707 869 esse
734 826 755 856 ἆ
767 823 940 865 fermento,
960 824 1057 863 juxta
1069 823 1147 863 quod

255 885 289 913 t'n
306 878 396 923 gestit
427 877 653 921 pontificalibus
680 877 700 907 ἃ
727 876 823 906 Beato
850 873 987 913 sylvestro
1020 874 1143 915 legimus

254 930 304 971 effe
337 929 481 968 statutum
494 951 501 958 .
549 925 593 958 Et
627 924 684 967 qui
721 935 790 958 non
828 923 934 956 solum
970 922 1147 956 Michaelis

255 978 413 1012 Cerularii
440 1001 451 1015 ‚
490 975 543 1009 sed
567 975 601 1008 &
632 973 746 1007 Photii
769 973 951 1007 calumnias
975 972 1145 1016 praeceffit,

255 1027 420 1061 Alcuinus
435 1025 572 1060 Flaccus
584 1023 693 1058 scribit
708 1022 748 1057 ad
760 1023 1015 1067 Lugdunensem
1037 1022 1147 1056 Eccle-

255 1078 334 1110 siam
355 1091 365 1110 .-
395 1077 572 1109 Audivimus
586 1076 703 1116 aliquos
715 1078 746 1106 in
762 1074 823 1106 illis
829 1074 974 1114 partibus
1000 1073 1147 1114 affirmare

249 1125 345 1170 salem
360 1127 412 1170 effe
425 1132 457 1158 in
471 1126 653 1173 ‚sacrificium
666 1126 805 1165 Corporis
821 1122 931 1163 Christi
952 1124 1145 1156 mittendum.

260 1180 365 1220 ,Quam
377 1174 619 1217 consuetudinem
635 1185 683 1206 nec
695 1172 876 1216 universalis
887 1173 1025 1216 observat
1048 1172 1148 1206 Eccle-

250 1226 294 1268 fia
311 1251 321 1267 ,
347 1237 397 1259 nec
419 1228 556 1257 Romana
575 1223 692 1264 custodat
725 1223 885 1256 audorttas
909 1248 915 1255 .
953 1225 1027 1255 Tria
1045 1221 1117 1265 sunt
1140 1247 1148 1262 ‚

255 1288 320 1319 quae
334 1283 367 1309 in
375 1275 521 1317 sacrificio
537 1275 628 1315 huju:
643 1274 797 1314 testimonii
809 1272 955 1314 offerenda
965 1271 1036 1315 sient
1049 1287 1059 1305 :
1089 1275 1148 1304 Pa-

256 1333 328 1367 nis,
356 1337 456 1368 aqua,
482 1327 516 1358 Za·
530 1331 637 1358 vinum
653 1349 660 1356 .
687 1326 807 1363 Panis,
833 1328 926 1366 quiin
948 1321 1055 1362 Christi
1078 1326 1148 1354 Cor-

250 1386 314 1418 pus
330 1374 513 1418 consecratur
526 1399 536 1413 ,
565 1372 675 1416 absque
678 1373 832 1415 fermento
857 1374 944 1406 ullius
957 1375 1079 1406 alterius
1103 1378 1147 1404 in-

249 1426 392 1468 fec‘lionis
410 1426 496 1458 debet
511 1424 561 1466 effe
573 1425 775 1463 mundiffimus
787 1448 798 1464 ,
827 1425 861 1456 (τ
871 1435 952 1465 aqua
962 1421 1069 1466 absque
1091 1434 1147 1454 om-

256 1482 288 1508 ni
296 1474 384 1518 sorde
396 1476 580 1514 mundzffima
592 1497 602 1513 ,
630 1475 664 1507 (5·
678 1479 787 1506 'vinum
797 1471 905 1515 absque
915 1478 995 1505 omni
1012 1476 1149 1504 commix-

256 1533 333 1558 tione
358 1526 480 1558 alterius
503 1526 654 1566 liquoris,
680 1522 737 1563 nisi
762 1534 869 1565 aquae,
895 1523 1146 1565 purgariffimum.

254 1580 351 1618 Igitur
362 1586 442 1617 aqua
457 1580 574 1615 utrique
598 1578 757 1605 conveniat
776 1596 783 1603 .
809 1574 863 1603 Ex
886 1582 965 1611 aqua
993 1572 1026 1603 <5
1038 1570 1149 1611 farina

248 1629 346 1667 panis
355 1623 419 1664 fir,
446 1629 498 1665 qui
508 1621 693 1664 consecratur
707 1626 738 1653 in
750 1624 865 1661 Corpus
890 1619 1018 1660 Cbrffli.
1058 1619 1148 1653 Ante

254 1683 431 1716 utrumque
445 1670 581 1707 schisma
596 1670 716 1714 scripsit
729 1669 871 1703 inlibris
884 1668 925 1702 de
941 1670 1147 1703 clericorum

255 1723 462 1757 institutione
482 1722 583 1756 etiarn
611 1720 768 1755 Rabanus
788 1719 949 1753 Maurus:
975 1721 1091 1751 Panem
1103 1725 1149 1750 in-

245 1773 473 1816 fermentatum
486 1797 497 1811 ,
525 1774 559 1805 (ν
571 1776 679 1804 vinum
691 1781 772 1811 aqua
785 1775 914 1802 mixtum
925 1773 956 1801 in
978 1770 1148 1801 sacramen-

255 1828 458 1864 rumCorporis
469 1824 503 1856 (9⁸
518 1824 680 1864 Sanguinis
694 1818 804 1859 Christi
818 1817 1002 1861 sane‘lificari
1013 1827 1126 1860 oportet
1139 1843 1146 1850 .

216 1911 221 1917 ,
254 1873 387 1916 Utique
399 1883 439 1907 ex
453 1872 587 1914 antiqua
599 1869 878 1904 Latina-,Ecclesiae
888 1868 1125 1903 consuetudine
1139 1891 1147 1900 .

78 1903 108 1933 L*
124 1912 146 1931 ι’
158 1909 204 1938 c.3
217 1920 220 1929 ¹
231 1919 240 1928 '
256 1925 299 1957 Et
312 1923 420 1957 subdit
432 1922 520 1955 illius
534 1921 680 1955 causam:
708 1919 867 1952 Credimus
881 1921 915 1953 (st
929 1927 1042 1960 panem
1052 1919 1146 1957 illum,

253 1984 338 2015 quem
344 1978 481 2014 primum
493 1974 638 2003 Dominus
649 1974 682 2001 in
695 1974 788 2002 Coena
803 1968 915 2010 mystica
929 1975 963 2002 in
988 1968 1148 2009 mysterium

248 2022 298 2067 sui
321 2027 461 2063 corporis
485 2019 670 2064 consecravit
687 2042 698 2058 ,
720 2018 966 2059 infermentatum
989 2019 1061 2062 effe,
1086 2030 1149 2052 ma-

254 2072 336 2107 xime
352 2076 461 2104 cumin
474 2078 600 2111 tempore
612 2067 739 2112 Pascha·
756 2071 868 2103 nullum
882 2069 1067 2110 fermentum
1090 2074 1148 2102 cui·

255 2133 347 2164 quam
373 2120 470 2163 vesci,
494 2119 552 2164 sed
573 2131 622 2153 nec
644 2125 677 2152 in
699 2122 783 2153 domo
803 2119 909 2154 babere
946 2120 999 2153 ulli
1025 2119 1147 2152 licebat.

256 2172 311 2205 De
325 2169 498 2214 incognito
511 2168 595 2213 apud
622 2170 773 2204 Sanctum
797 2170 1005 2212 Cyprianum
1025 2167 1148 2203 Auito-

257 2233 291 2255 re
305 2221 501 2254 Sermonum
512 2220 551 2254 de
563 2218 783 2254 cardinalibus
809 2218 930 2253 Christi
950 2219 1092 2253 Domini
1114 2231 1149 2253 o-

259 2270 386 2314 peribus
400 2271 509 2304 scribit
523 2269 662 2313 Jacobus
675 2270 839 2303 Pamelius
852 2283 863 2302 :
893 2267 1149 2312 cujuscumquesr‘t

259 2331 332 2363 opus
343 2343 353 2359 ,
378 2323 453 2354 certe*
460 2318 721 2364 scriptumconstat
734 2328 825 2363 aetate
839 2320 969 2352 Cornelii
982 2321 1016 2352 s&
1029 2325 1149 2361 Cypria-

259 2376 313 2410 ni,
338 2379 429 2412 atque
442 2372 518 2404 adeo
542 2371 667 2403 eandem
690 2370 898 2404 auHoriratem
923 2378 1050 2403 meretur
1066 2394 1073 2401 .
1102 2369 1150 2403 At

259 2430 383 2453 certum
406 2421 452 2454 est
479 2431 547 2454 non
570 2419 632 2454 esse
655 2429 721 2454 tam
744 2420 938 2462 antiquum.
974 2419 1079 2453 Lucet
1110 2431 1150 2453 ex

259 2469 468 2505 Sermonede
481 2469 656 2504 Unstione
682 2468 891 2504 Chrismatis:
922 2471 1017 2506 Hodie
1038 2478 1150 2511 patent

258 2530 390 2553 carceres
403 2544 414 2558 ,
442 2522 476 2554 (9⁶
490 2522 630 2554 damnati
641 2520 779 2554 libertate
793 2522 944 2554 donantur
955 2545 962 2552 .
1001 2522 1150 2553 Severita-

261 2579 290 2604 te
311 2568 437 2611 deposita
462 2569 546 2603 hodic
562 2572 682 2609 judices
704 2569 925 2613 mansuefiunt.
969 2570 1096 2604 Laudat
1110 2570 1142 2603 in

261 2617 499 2654 Theodofiano
525 2620 653 2654 Codice
690 2622 872 2655 exstantem
917 2620 1143 2655 Valentiniani

263 2667 359 2710 primi
377 2668 483 2713 legem
506 2669 547 2704 ad
579 2670 774 2704 Viventium
799 2670 904 2705 Urbis
938 2671 1144 2704 Praefectum:

263 2716 308 2749 Ob
335 2719 414 2750 diem
440 2718 586 2760 Paschae,
612 2732 697 2762 quem
720 2727 824 2753 intimo
849 2722 932 2754 corde
958 2721 1148 2759 celebramus,

264 2766 400 2799 omnibus
428 2779 500 2808 quos
527 2777 626 2802 reatus
655 2770 838 2814 adstringit,
874 2782 970 2804 carcer
1007 2769 1145 2812 inclufit,

262 2815 391 2849 claullra
417 2816 620 2859 dissolvimus.
647 2824 787 2853 Attamen
814 2821 1003 2865 sacrilegus,
1029 2826 1061 2853 in
1083 2825 1148 2853 Ma-

255 2866 366 2907 J'estatc
390 2877 478 2906 reus,
504 2872 537 2899 in
564 2877 690 2900 mortuos
707 2893 716 2909 ‚
741 2871 910 2911 Veneficur,
939 2870 1002 2912 five
1040 2869 1146 2912 malefi-

264 2928 315 2949 cus·
331 2941 342 2956 ,
380 2918 524 2956 Adulter,
563 2919 698 2958 Raptor,
742 2921 917 2960 homicida,
953 2926 1149 2954 communione

265 2966 344 3006 istius
357 2972 485 2999 muneris
489 2964 664 3008 separentur
675 2992 682 2999 .
725 2967 861 3002 Exstant
874 2969 1031 3011 ejusmodi
1045 2970 1148 3012 plures

266 3018 369 3060 Leges
390 3018 619 3050 Romanorum
644 3016 856 3060 Principum.
898 3019 998 3062 Judaei
1021 3019 1066 3053 ob
1090 3019 1149 3054 Pa-

266 3064 382 3099 schatis
411 3067 456 3099 sui
485 3067 695 3100 reverentiam
734 3069 911 3109 quotannis
939 3069 1148 3104 dimittebant

267 3126 369 3147 unum
379 3116 543 3149 vinctum.
576 3117 668 3149 Hinc
680 3117 770 3149 enim
783 3116 948 3152 Christum
964 3119 1147 3153 Dominum

266 3164 332 3197 hoc
356 3165 454 3198 ritulo
477 3165 609 3200 liberare
629 3167 754 3199 volenti
781 3166 890 3199 Pilato
915 3168 1038 3201 Praesidi
1054 3169 1148 3203 recla-

266 3225 413 3247 marunt:
442 3219 513 3248 Non
537 3215 632 3256 hunc,
655 3214 711 3259 sed
732 3216 927 3248 Barabbam.
968 3215 1146 3252 Christiani

267 3264 499 3298 Romanorum
521 3265 691 3309 Principes
718 3277 827 3299 verum
855 3267 1000 3302 nostrum
1025 3267 1147 3301 Pascha

265 3315 428 3348 duxerunt
455 3313 575 3358 largius
605 3313 855 3350 honorandum:
883 3316 1015 3350 Cunctis
1042 3327 1149 3359 praeter

266 3365 453 3409 graviorum
479 3364 654 3398 criminum
681 3376 774 3405 reos,
790 3366 916 3403 ‚vinetis
943 3377 1056 3401 omnes
1080 3367 1147 3402 ubi·

267 3425 329 3459 que
366 3425 503 3447 carceres
541 3415 735 3448 reserarunt'.
773 3416 885 3462 Qem
924 3427 1049 3452 mosem
1086 3417 1149 3453 lau.

364 3463 471 3506 Chrst.
488 3469 565 3508 Lupi
581 3470 667 3509 oper.
680 3468 758 3499 Tom.
776 3469 825 3499 IV.

536 159 625 188 De
808 143 1143 186 LEOle

75 271 135 302 Lib.

77 1287 161 1327 Epist.
169 1292 214 1324 69.

86 2808 146 2839 lsrb,
158 2820 184 2843 9.
196 2809 239 2837 tit.

86 2853 204 2887 38521).
216 2858 246 2884 ς.

1156 2582 1173 3324 1

1212 142 1789 188 N0N1Acr1s
1918 148 2015 198 321¹

1201 223 1280 257 dant
1306 224 1520 259 Innocentius
1559 221 1680 266 primus
1724 219 1881 255 Pontifex
1906 245 1918 262 ,
1954 221 2086 257 Sanstus

1204 273 1396 308 Ambrosius
1412 299 1423 315 ‚
1448 283 1589 318 magnus
1606 272 1677 306 Leo
1689 294 1700 310 ,
1726 271 1762 304 in
1773 271 1922 314 precibus
1934 270 1969 304 in
1981 269 2090 314 Ephe-

1204 324 1273 357 s1no
1292 323 1468 358 latrocinio
1499 320 1652 357 exhibitis
1675 320 2090 364 constantinopolitanum

1207 373 1402 416 Eutychetis
1430 372 1674 408 Monasterium
1696 395 1708 411 ‚
1744 372 1876 405 Sanctus
1909 371 2092 415 Gregorius

1206 423 1436 458 Nazianzenus
1459 448 1471 465 ‚
1511 424 1545 458 ὅ(
1579 433 1656 456 cum
1683 420 1757 457 aliis
1789 421 1925 455 Sanetus
1946 420 2090 463 Ioannes

1207 472 1479 516 Chrysostomus‚
1519 472 1655 507 laudans
1677 482 1837 516 magnum
1857 471 2090 514 imperatorem

1206 522 1434 558 Theodosium
1457 546 1468 562 ,
1506 522 1596 564 quod
1618 521 1680 555 suis
1716 521 1902 564 Encyclicis
1925 520 2091 555 Paschalis

1208 573 1420 618 indulgentiae
1432 573 1565 607 Litteris
1578 571 1748 605 addidisset
1772 569 1858 606 hanc
1879 571 2089 606 Clausulam:

1207 628 1333 667 Utinam
1344 622 1466 656 mihi&
1487 631 1613 655 mortuos
1635 632 1772 654 revocare
1785 646 1795 661 ‚
1819 631 1910 664 atque
1931 623 1976 654 ad
1991 620 2090 664 pristi-

1207 686 1277 705 nam
1288 679 1387 707 vitam
1398 674 1535 705 reducere
1549 673 1648 705 liceret
1662 694 1670 702 .
1695 671 1742 704 lta
1754 668 1854 705 habes
1869 673 1902 705 in
1927 671 2091 706 Sermoni-

1207 722 1263 755 bus
1274 723 1313 757 ad
1338 720 1504 765 Populum
1528 717 1796 754 Antiochenum.
1825 720 1882 754 Est
1901 733 1973 755 mos
1996 721 2091 756 indu-

1206 773 1301 806 stusa
1324 782 1447 816 magno
1468 769 1710 805 Constantino.
1740 770 1893 804 Eundem
1918 772 2092 805 continua-
2107 763 2170 814 ¹:¹1³·
2197 775 2244 795 ¹1·

1207 833 1281 856 runt
1312 822 1503 855 Gothorum
1539 821 1574 854 in
1612 818 1705 853 Italia
1738 819 1872 863 Reges.
1923 820 2029 854 Lucet
2048 833 2091 855 ex
2108 804 2195 845 ¹²9¹sp
2215 815 2266 840 4⁰·

1207 872 1296 917 larga
1308 872 1376 915 ejus
1392 871 1531 905 formula
1543 870 1628 915 apud
1641 869 1818 903 Aurelium
1840 869 2067 904 Caffiodorum
2077 897 2085 904 .
2262 858 2270 875 ⁵

1208 922 1301 963 Alii,
1327 923 1403 956 licet
1416 920 1618 962 Christiani,
1655 919 1869 954 Barbarorurn
1893 920 2002 965 Reges
2021 933 2091 966 gra-

1206 972 1286 1008 tiam
1300 971 1557 1016 autabrogarunt
1569 994 1580 1010 ‚
1616 981 1670 1005 aut
1682 970 1767 1004 certe
1780 970 1950 1015 insigniter
1961 971 2091 1006 mutila-

1206 1033 1300 1057 runt.
1338 1023 1418 1070 Qo
1439 1023 1524 1056 circa
1545 1021 1751 1055 laudatorum
1774 1021 1960 1055 sermonum
1981 1023 2092 1056 auster

1208 1073 1278 1118 post
1301 1083 1458 1117 magnum
1477 1071 1735 1106 Constantinum
1760 1071 1865 1112 vixit,
1902 1072 1937 1105 ὅ(
1957 1072 2092 1115 quidem
2112 1098 2117 1101 .

1208 1135 1249 1158 eo
1273 1133 1444 1166 tempore,
1471 1133 1539 1166 quo
1558 1120 1665 1154 adhuc
1690 1121 1856 1165 integrum
1876 1132 1943 1155 erat
1968 1122 2091 1156 Roma-

1211 1185 1289 1207 nurn
1303 1174 1496 1216 Imperium.
1526 1172 1645 1206 Vivere
1656 1170 1769 1204 debuit
1787 1180 1864 1204 ante
1886 1173 1987 1206 finem
2008 1173 2090 1206 sexti

1210 1224 1330 1258 saeculi.
1360 1224 1401 1257 Et
1414 1224 1447 1256 in
1471 1224 1617 1256 sermone
1637 1221 1677 1255 de
1700 1220 1844 1254 Domini
1863 1231 1957 1255 coena
1980 1222 2091 1256 scribit

1209 1274 1248 1308 de
1276 1273 1386 1307 nostro
1407 1273 1597 1307 Sacrificio:
1635 1274 1729 1305 Panis
1753 1270 1799 1304 bic
1823 1282 1938 1310 azymus
1963 1296 1973 1311 ,
2011 1272 2091 1304 cibus

1209 1336 1318 1364 verus,
1346 1325 1379 1357 &⁶
1393 1322 1520 1364 sincerus
1547 1347 1557 1363 ,
1591 1330 1647 1364 per
1665 1320 1792 1365 speciem
1813 1323 1847 1355 ὦ·
1865 1324 2092 1358 Sacramentum

1210 1386 1261 1407 nos
1275 1371 1550 1416 taciusanc‘lificat‚
1571 1373 1634 1415 fide
1649 1373 1822 1412 illuminat,
1848 1379 1981 1405 veritate
2002 1372 2094 1405 Chri-

1204 1424 1248 1464 llo
1267 1423 1446 1464 conformat.
1486 1423 1581 1470 Qin
1604 1422 1637 1455 &
1660 1421 1724 1464 ipse
1745 1422 1879 1455 San&us
1902 1422 2092 1464 Cyprianus

1210 1473 1316 1506 scribit
1335 1471 1374 1505 ad
1387 1472 1616 1514 Presbyterum
1638 1470 1826 1504 Caecilium:
1856 1473 1901 1503 sic
1923 1472 2015 1505 Calix
2037 1475 2095 1503 Do-

1209 1528 1283 1554 mini
1296 1533 1353 1554 non
1365 1521 1403 1562 est
1414 1533 1493 1563 aqua
1500 1519 1564 1563 sola
1577 1545 1587 1560 ,
1599 1530 1650 1552 aut
1662 1525 1766 1553 vinum
1780 1518 1876 1562 solum
1888 1544 1899 1560 ,
1919 1520 1974 1562 nisi
1982 1531 2095 1555 utrum-

1208 1583 1263 1613 que
1268 1569 1324 1611 fibi
1344 1569 1519 1613 misceatur,
1546 1571 1686 1612 quomodo
1703 1580 1754 1603 nec
1766 1574 1881 1612 Corpus
1903 1574 2024 1604 Domini
2042 1580 2094 1613 po·

1209 1620 1259 1660 test
1271 1621 1322 1662 effe
1336 1620 1448 1661 farina
1466 1619 1553 1663 sola,
1581 1628 1634 1653 aut
1656 1631 1735 1661 aqua
1753 1618 1817 1663 sola
1830 1645 1840 1660 ‚
1867 1626 1924 1663 nist·
1938 1630 2094 1664 utrumque

1207 1671 1378 1702 admixtum
1395 1669 1514 1710 fuerit,
1549 1671 1584 1703 ά
1607 1671 1794 1712 copulatum,
1833 1672 1868 1704 6·
1886 1677 1982 1714 panis
2003 1677 2094 1706 unius

1206 1728 1342 1762 compage
1358 1718 1542 1762 solidatum.
1581 1719 1845 1754 Eucharisticum
1867 1732 1987 1764 panem
2011 1723 2095 1756 affir-

1207 1779 1276 1804 mat
1289 1780 1330 1803 ex
1343 1770 1409 1803 sola
1421 1781 1503 1813 aqua
1515 1768 1681 1804 confici&
1709 1771 1814 1805 farina
1829 1795 1840 1811 ,
1867 1771 2008 1813 ideoque
2030 1773 2094 1806 effe

1207 1821 1392 1863 Azymum.
1409 1819 1512 1867 Qod
1527 1821 1630 1863 ipsum
1639 1821 1823 1864 frequenter
1838 1819 1949 1856 scribit
1959 1823 2095 1856 Sanstus

1207 1869 1412 1914 Augustinus
1424 1896 1434 1911 ‚
1462 1870 1495 1904 &
1507 1870 1563 1904 alii
1579 1869 1694 1904 Latini
1708 1871 1819 1905 Patres
1831 1895 1838 1902 .

1254 1920 1428 1967 Qidquid
1442 1921 1478 1953 fit
1490 1944 1500 1960 ‚
1528 1922 1562 1953 in
1578 1919 1708 1954 Animae
1719 1921 1860 1956 Gemma
1875 1922 1984 1957 scribit
1995 1923 2095 1957 etiam

1206 1970 1380 2004 Honorius
1392 1969 1698 2014 Augustodunenfis
1716 1984 1726 2004 .-
1754 1974 1850 2004 Panis
1854 1971 1892 2013 fit
1906 1972 2015 2016 absque
2028 1973 2096 2014 fer-

1205 2028 1301 2055 mento
1314 2045 1324 2060 ,
1361 2026 1432 2062 quia
1454 2018 1591 2061 Christus
1610 2019 1673 2065 suit
1691 2018 1753 2061 fine
1784 2030 1902 2063 peccato
1923 2047 1930 2056 .
1969 2022 2094 2057 Nescio

1205 2072 1277 2112 quis
1289 2069 1532 2115 Andegavenfis
1556 2070 1702 2104 Ecclefiae
1725 2071 1917 2117 Presbyter,
1945 2074 2017 2106 dum
2041 2079 2094 2106 mi·
2113 2081 2142 2111 L.
2157 2085 2270 2115 r.c-31.

1207 2121 1385 2161 nistraturus
1391 2118 1487 2163 sacris
1501 2120 1632 2161 adstaret
1644 2122 1789 2156 altaribus
1801 2147 1811 2162 ‚
1838 2135 1888 2157 nec
1914 2128 1946 2156 in
1971 2122 2094 2163 hostiam

1203 2179 1416 2212 praeparatum
1434 2179 1547 2213 panem
1570 2175 1741 2215 inveniret,
1777 2175 1814 2208 de
1836 2179 1981 2208 communi
2012 2181 2093 2215 pane

1207 2220 1384 2262 Sacrificium
1403 2219 1570 2262 obtulerat,
1610 2232 1706 2266 atque
1730 2224 1774 2258 ita
1807 2236 1863 2268 per
1893 2224 2093 2267 imperitiam

1207 2281 1261 2305 aut
1275 2272 1436 2305 incuriam
1449 2273 1552 2306 fuerat
1565 2272 1747 2314 Graecatus‚
1773 2274 1806 2307 δε
1819 2275 1922 2318 ipsum
1933 2274 2093 2319 castigan-

1206 2321 1286 2356 dum
1297 2322 1529 2356 transmittenti
1541 2323 1581 2356 ad
1597 2324 1628 2357 se
1650 2323 1900 2368 Metropolitam
1926 2325 2092 2369 Episcopo

1207 2372 1378 2406 Gaufredo
1390 2372 1542 2416 rescripsit
1566 2373 1698 2408 Sanstus
1724 2374 1935 2410 Hildebertus
1960 2376 2092 2418 Episco-

1208 2434 1266 2466 pus
1278 2422 1501 2456 Turonensis:
1528 2425 1602 2466 ,Qua
1615 2430 1689 2458 inre
1710 2426 1776 2459 licet
1797 2426 1898 2468 potius
1920 2424 2091 2468 consuetudo

1190 2480 1193 2526 Ξ
1206 2484 1295 2515 quam
1306 2472 1382 2514 fides
1394 2478 1582 2516 impugnetur
1596 2498 1606 2513 ‚
1633 2486 1685 2508 nos
1698 2483 1798 2510 tamen
1812 2488 1869 2510 non
1882 2477 1995 2510 nullam
2006 2482 2038 2508 in
2061 2487 2091 2508 eo

1191 2530 1193 2555 ἒ
1206 2524 1324 2564 culpam
1336 2525 1521 2556 attendimus
1533 2549 1542 2564 ‚
1569 2525 1754 2560 arbitrantes
1763 2532 1893 2570 gravius
1902 2527 2091 2569 puniendum

1191 2565 1260 2639 ,effe
1275 2572 1408 2614 Ecclcfiae
1418 2571 1615 2616 fiandalum,
1643 2586 1732 2616 quam
1743 2577 1901 2617 deltt‘lum;
1929 2578 1963 2611 (ἓν
1989 2580 2091 2611 sacer-

1191 2624 1286 2675 ¹dotis
1311 2629 1455 2656 incuriam
1468 2649 1479 2665 ‚
1518 2635 1608 2666 quam
1630 2634 1731 2659 reatus
1753 2628 1930 2669 qualitatem
1952 2654 1959 2660 .
1996 2628 2092 2661 Affir-

1208 2683 1274 2706 mat
1286 2685 1398 2716 azyma
1412 2674 1474 2708 effe
1485 2675 1606 2708 avitam
1628 2675 1777 2711 Ecclefiae
1798 2677 2067 2712 consuetudinem
2082 2704 2088 2711 .

1209 2724 1516 2766 Loquiturenimin
1530 2726 1677 2767 sensum,
1706 2739 1772 2770 quo
1798 2727 1914 2770 scripsit
1935 2728 1968 2760 in
1993 2739 2090 2766 opere

1190 2772 1377 2807 {dedivinis
1389 2774 1508 2807 officiis
1528 2774 1628 2808 etiam
1653 2776 1844 2810 venerabilis
1864 2777 2089 2814 Tuititnsmm

1192 2814 1324 2871 {Abbas
1346 2823 1513 2866 Rupertus
1535 2838 1545 2857 .·
1583 2828 1644 2857 Cur
1671 2827 1781 2859 santia
1805 2832 1941 2860 Romana
1962 2828 2090 2871 Ecclefia
2108 2850 2128 2878 L
2150 2861 2159 2870 ,

1192 2884 1363 2915 =nunquam
1388 2879 1420 2906 in
1441 2874 1588 2917 Sacriffiio
1606 2874 1793 2916 fermentum
1818 2876 1993 2920 admiserit,
2032 2891 2088 2913 non
2130 2867 2175 2878 ..-

1210 2925 1296 2956 otiose
1307 2930 1473 2965 quaeritur,
1502 2936 1552 2958 nec
1578 2928 1743 2967 inutiliter,
1777 2929 1907 2961 maxime
1936 2935 2006 2970 quia
2025 2940 2089 2963 con-

1207 2973 1358 3016 suetudim'
1385 2973 1450 3008 huic
1476 2984 1539 3007 tota
1567 2975 1709 3009 hactenus
1750 2978 2086 3022 Graecia·refr·agatur.

1214 3024 1360 3065 Exponit
1395 3024 1573 3058 Michaelis
1610 3026 1770 3059 Cerularii
1807 3028 1988 3062 calumnias
2002 3053 2013 3070 ,
2049 3041 2088 3065 ac

1212 3073 1416 3116 prosequitur
1436 3086 1443 3105 :
1481 3076 1589 3107 Tantae
1605 3074 1783 3115 finceritatis
1799 3077 1867 3119 fuit
1889 3076 2005 3122 semper
2029 3083 2087 3113 Ro-

1212 3134 1303 3155 mana
1317 3120 1460 3162 Ecclesia,
1488 3131 1520 3154 ut
1530 3129 1575 3156 cui
1588 3123 1660 3165 defit
1681 3124 1893 3168 scripturarum
1912 3133 2017 3162 notitia
2035 3132 2088 3164 vel

1211 3173 1444 3215 argumentandi
1448 3172 1588 3214 facultas
1609 3198 1619 3214 ,
1640 3173 1705 3217 sola
1714 3178 1794 3209 illius
1806 3179 1844 3212 de
1864 3190 1966 3217 azymo
1980 3190 2084 3214 contra

1213 3226 1328 3254 Graecot
1337 3220 1464 3263 sufficere
1475 3222 1581 3256 debeat
1604 3225 1781 3259 audieritas.
1809 3227 1979 3263 Consonat
1993 3231 2025 3263 in
2039 3234 2084 3265 O-

1212 3271 1353 3304 rientalis
1369 3273 1514 3306 Ecclefiae
1525 3274 1674 3309 Historia
1686 3276 1825 3319 Iacobus
1837 3278 2021 3313 Cardinalis
2041 3279 2083 3312 de

1214 3321 1359 3354 Vitriaco
1374 3346 1379 3352 .
1409 3323 1560 3357 Affirmat
1571 3335 1608 3358 ac
1620 3325 1819 3361 demonstrat
1833 3327 1999 3363 Christum
2011 3329 2083 3361 Do-

1212 3373 1338 3404 minum
1361 3374 1535 3407 confecisse
1558 3373 1591 3406 in
1611 3386 1751 3417 azymo,
1779 3389 1818 3412 ac
1836 3379 1960 3422 pergit:
1997 3377 2080 3411 Unde

1211 3421 1286 3456 hanc
1314 3421 1550 3466 confitetudt'nem
1573 3424 1692 3467 Apostoli
1724 3429 1902 3470 reliquerunt
1922 3423 2053 3465 Ecclefiae
2067 3451 2081 3468 ‚

1636 3476 1656 3510 S
1683 3477 1702 3508 s
1990 3475 2025 3511 (3·

2114 1724 2197 1765 Epist.
2226 1729 2243 1755 6
2245 1729 2273 1764 33

2109 2654 2192 2694 Epist.
2218 2669 2265 2694 44.

2187 2859 2263 2880 022.
