2352 3736
65 1009 196 1052 Epist-62,

66 1581 182 1622 ispius.

72 1886 135 1917 Lx.
147 1895 204 1922 e-t.

108 2822 114 2828 .
139 2806 186 2837 34.

406 151 462 181 DE
499 136 766 179 Lamounia
802 132 1109 177 EPISCOPORUM
1145 146 1196 173 ET
1219 132 1515 174 CLEizicoRuM
1550 141 1873 175 CONTINENTIA.
1919 147 1974 189 33

234 222 344 260 Etiam
365 218 543 262 postillam
563 215 621 250 sub
645 214 827 257 Justiniano
848 213 992 248 secundo
1004 211 1108 254 Syno-

232 270 293 305 dus
314 269 496 303 Trullana.
523 266 790 300 Neocaesateensis
813 265 908 307 porro
929 262 1049 296 Canon
1072 261 1107 294 in

230 319 291 355 illa
312 319 466 355 damnata
487 317 642 361 conjugia
675 315 772 358 quam
795 315 830 347 in
856 312 1109 346 fornicationem

235 371 300 405 fuit
322 368 539 406 clementior,
566 365 654 409 quod
677 363 855 399 honestatis
879 360 1110 405 &pudicitiae,

234 420 313 455 licet
325 418 449 454 nullam
463 418 649 457 veritatem,
676 423 785 448 tamen
795 412 938 455 aliquam
950 410 1110 446 haberent

237 470 434 514 imaginem.
462 466 616 500 Praeterea
626 474 694 497 non
708 462 749 496 de
763 461 1020 506 quibuscumque
1033 485 1044 501 ,
1056 460 1110 494 sed

236 520 279 555 de
305 520 382 554 solis
402 544 413 559 ,
440 517 496 559 qui
517 512 664 550 adversus
684 513 864 546 castitatem
887 511 1016 546 fuerant
1037 520 1112 544 ante

237 570 464 604 Diaconatum
485 563 648 608 protestati
671 587 682 602 ‚
708 561 905 605 Presbyteris
925 563 1018 607 agit:
1047 561 1111 594 Da·

238 630 308 655 tam
318 619 390 663 ipsis
401 616 563 650 licentiam
579 612 682 647 sancit
700 622 777 646 cum
787 613 858 646 solo
868 612 1045 646 diaconatu
1056 611 1112 645 du-

238 681 329 712 rare3
354 668 373 707 a
394 666 538 707 suscepto
559 662 788 705 presbyteratu
813 662 921 696 statim
940 660 1110 705 extingui.

238 710 359 754 Defieri
379 714 473 758 hujus
493 713 613 757 species
638 722 704 746 erat
726 724 813 746 nova
833 712 917 756 apud
931 711 1111 750 Ponticos,

237 769 322 804 acin
333 763 402 799 istis
414 763 596 808 protestatis
607 763 719 797 mereri
741 762 911 798 videbatur
924 759 1050 806 aliquid
1061 771 1113 793 ex·

237 815 412 853 curationis
432 826 469 848 ac
482 814 583 848 veniae
595 837 602 844 .
627 815 720 847 Hinc
732 814 844 847 mitius
853 813 1009 857 castigata
1019 837 1027 844 .

284 864 452 908 Objicitur
460 865 559 899 etiam
570 863 676 900 saneti
685 863 846 907 Cypriani
856 863 1025 897 adversum
1038 861 1114 895 Vir-

261 916 331 950 ines
349 913 434 950 foede
444 925 519 949 cum
533 914 695 948 Diaconis
705 912 960 951 concumbentes
973 911 1064 950 locus
1075 911 1110 945 in

235 966 356 1000 litteris
374 965 416 998 ad
435 964 661 1007 Pomponium
684 963 883 1006 Episcopum
917 962 1115 1005 Dionysien-

234 1017 322 1051 sem:
348 1015 443 1059 ,Quod
456 1013 532 1057 fiex
551 1013 610 1055 fide
621 1012 655 1057 se
667 1013 781 1055 Christo
797 1014 984 1052 dicaverint,
1006 1013 1116 1054 pudice

237 1064 359 1107 &caste
370 1064 434 1108 fine
454 1065 516 1098 ulla
526 1063 640 1106 fabula
658 1062 867 1107 perfi’verent.
893 1068 944 1098 Ita
958 1062 1059 1105 fortes
1082 1063 1116 1095 (²5

233 1115 356 1159 flabiles
374 1120 535 1158 praemium
548 1119 741 1158 Virginitatis
752 1113 943 1157 exspet‘lent.
969 1114 999 1146 Si
1015 1121 1116 1146 autem

235 1165 429 1210 perseverare
440 1166 541 1199 nolunt
556 1189 566 1205 ‚
588 1165 640 1197 vel
659 1164 860 1206 nonpoffunt‚
884 1165 988 1198 melius
1007 1162 1045 1202 est
1066 1172 1116 1195 nu-

239 1217 316 1252 bant
327 1241 339 1257 ,
364 1227 453 1258 quam
464 1221 496 1248 in
507 1220 601 1258 ignem
612 1214 727 1247 delic‘lis
734 1213 796 1256 suis
806 1216 919 1248 cadant
930 1238 937 1245 .
965 1212 1038 1247 Res
1036 1222 1116 1255 pon-

237 1265 304 1300 deo
326 1266 453 1300 sensum
470 1264 559 1299 hunc
570 1264 633 1298 effe
654 1265 671 1297 a
683 1265 798 1298 Sancto
810 1263 981 1307 Cypriano
992 1261 1118 1296 alienis-

238 1317 373 1350 simum.
400 1314 533 1349 Etenim
545 1313 568 1346 fi
581 1314 638 1347 ille
650 1314 745 1347 sacris
755 1338 765 1354 ,
792 1314 961 1349 continere
975 1312 1117 1348 nolenti-

238 1365 301 1400 bus
312 1374 448 1401 autnon
476 1363 678 1402 valentibus,
705 1363 886 1407 virginibus
907 1361 1115 1397 matrimonia

237 1415 358 1456 suasit,
383 1413 573 1448 manifestus
594 1414 655 1446 fuit
668 1410 860 1446 Christianae
881 1412 963 1456 legis
976 1411 1116 1454 praevari·

243 1474 358 1505 tator,
382 1472 588 1507 nequaquam
600 1461 708 1495 custos
727 1461 901 1496 &donor
927 1461 1115 1495 Obscurum

239 1514 307 1557 ejus
326 1514 438 1547 iocum
461 1521 628 1545 mutuatus
640 1511 685 1544 est
698 1511 829 1546 Sanetus
842 1511 1071 1553 Hieronymus
1083 1513 1115 1544 in

239 1562 390 1606 Epistola
421 1561 462 1596 ad
495 1560 742 1597 Demetriadem
766 1575 776 1594 .·
803 1562 942 1595 santium
963 1566 1117 1604 Virginum

239 1611 423 1654 Propositum
433 1612 634 1654 quarumdam
656 1623 714 1644 non
725 1611 797 1646 bene
803 1611 837 1655 se
847 1617 998 1655 agentium
1015 1623 1116 1645 nomen

239 1661 392 1704 infamat.
420 1661 539 1705 ,Quibus
559 1663 661 1703 aperte
684 1663 840 1695 dicendum
861 1662 920 1702 est,
946 1673 979 1695 ut
989 1671 1042 1695 aut
1066 1673 1118 1695 nu-

240 1712 318 1747 bant
330 1737 342 1753 ,
361 1708 423 1754 fise
433 1723 490 1746 non
498 1712 613 1754 poffunt
626 1718 788 1755 continere3
816 1722 869 1747 aut
879 1718 1070 1751 contineant,
1091 1711 1119 1753 fi

241 1762 348 1798 nolunt
367 1761 490 1796 nubere.
520 1761 674 1796 Elucidat
701 1762 777 1797 vero
797 1763 833 1796 in
855 1762 946 1797 libris
971 1763 1118 1796 adversus

242 1812 455 1857 Iovinianum
468 1836 479 1853 ,
506 1811 658 1855 Apostoli
680 1812 835 1852 verbum,
854 1811 884 1854 fi
901 1811 1034 1855 nupserit
1055 1817 1118 1846 Vir-

238 1874 279 1905 go
290 1886 301 1902 ‚
315 1873 371 1895 mm
379 1868 517 1905 peccavit
531 1886 541 1903 ,
565 1872 731 1905 exponens
745 1876 756 1896 :
782 1866 855 1897 Non
866 1863 918 1896 illa
930 1867 1018 1907 Virgo
1028 1887 1038 1903 ,
1053 1874 1119 1905 quae

260 1920 336 1946 emet
358 1914 416 1946 Dei
424 1912 512 1945 cultui
533 1913 702 1945 dedicavit.
730 1917 847 1946 Harum
868 1919 946 1947 enim
961 1913 1057 1956 fiqua
1069 1925 1120 1946 nu-

240 1958 358 2004 pserit,
382 1959 502 1995 habebit
521 1963 744 1996 damnationem
756 1987 767 2003 ,
794 1969 864 2005 quia
880 1969 1011 2004 primam
1028 1963 1120 2005 fidem

241 2059 360 2104 pftrint
376 2085 387 2102 ,
400 2073 457 2094 non
469 2070 532 2094 tam
545 2062 767 2105 adulteraesunt
779 2074 869 2104 quam
881 2063 1007 2103 incaestae
1020 2088 1027 2096 .
1057 2064 1120 2097 Eas

245 2122 318 2155 quae
329 2113 360 2145 se
371 2112 542 2147 continere
555 2113 676 2147 nolunt
685 2123 740 2146 aut
752 2124 820 2147 non
840 2114 969 2157 possunt
983 2114 1119 2148 affirmat

243 2172 319 2196 non
342 2161 414 2204 post
436 2186 448 2202 ,
474 2161 527 2196 sed
546 2171 622 2196 ante
643 2172 808 2206 acceptam
836 2164 1119 2199 consecrationem

245 2210 390 2246 debuisse
399 2211 520 2246 nubere
540 2236 546 2243 .
573 2212 701 2248 Eodem
715 2213 822 2247 'modo
834 2213 987 2257 Apostoli
1009 2215 1120 2247 locum

245 2270 418 2303 exponunt
441 2263 474 2295 in
493 2262 608 2297 litteris
628 2263 667 2296 ad
698 2263 850 2298 Lucaniae
871 2275 908 2297 ac
920 2264 1036 2298 Siciliae
1048 2263 1120 2306 Epi·

248 2355 422 2392 Viduitate
432 2360 563 2393 Sanstus
575 2361 796 2404 Augustinus,
817 2363 850 2396 &
861 2362 1005 2406 pluribus
1026 2362 1060 2396 in
1072 2363 1118 2397 lo-

247 2405 296 2439 cis
306 2406 439 2441 sanetus
451 2409 530 2451 Joan
536 2420 591 2443 nes
602 2410 854 2453 Chrysostomus
866 2436 872 2444 .

298 2455 391 2490 Idem
418 2468 528 2492 tamen
556 2459 760 2503 Augustinus
785 2462 820 2496 in
843 2462 927 2496 libro
949 2462 991 2497 de
1011 2464 1116 2497 santia

246 2504 452 2551 Virginitate
475 2506 601 2541 videtur
619 2509 712 2542 aliter
724 2512 860 2545 sentire:
889 2513 1002 2546 Multas
1019 2511 1119 2556 sacra·

246 2567 314 2589 rum
324 2559 478 2599 Virginum
488 2567 605 2590 revocat
616 2560 636 2592 ἆ
650 2558 800 2600 nubendo,
830 2573 888 2594 non
902 2575 985 2596 amor
993 2565 1120 2605 pracla-

246 2613 277 2639 ri
304 2605 441 2647 Propofiti
455 2632 464 2647 ‚
485 2605 543 2649 sed
551 2613 648 2649 aperti
667 2609 814 2643 dedecoris
825 2616 913 2644 tImor
924 2636 935 2652 ‚
961 2619 1083 2646 veniens
1098 2615 1118 2647 ἃ

245 2653 403 2697 superbia,
429 2668 489 2698 qua
503 2656 688 2698 formidatur
710 2666 804 2703 magis
814 2659 978 2695 hominibus
991 2662 1119 2706 displice*

250 2710 301 2744 ri,
326 2714 412 2748 quam
423 2709 501 2740 Deo.
523 2712 580 2741 11ae
590 2714 699 2752 igitur,
726 2722 793 2752 quae
817 2712 923 2744 nubere
936 2714 1059 2751 volum,
1085 2715 1119 2748 (⁸5

253 2753 318 2784 ideo
339 2766 392 2787 non
413 2756 548 2798 nubunt,
576 2763 646 2800 quia
664 2761 784 2800 impune
805 2773 862 2794 non
880 2763 994 2804 possunt
1014 2788 1023 2804 ‚
1052 2775 1119 2805 quae

252 2801 357 2833 melius·
380 2805 516 2840 nuberent
538 2832 548 2847 ,
575 2820 668 2850 quam
688 2820 838 2844 urerentur
860 2835 871 2851 ,
896 2814 931 2844 id
949 2812 1006 2853 est,
1031 2825 1118 2854 quam

251 2851 363 2883 occulta
381 2851 500 2891 flamma
520 2858 796 2901 concupiscentiaein
820 2860 885 2904 ipsa
894 2861 1119 2905 concupiscentia

252 2898 442 2939 vastarentur
461 2924 471 2940 ‚
495 2915 569 2944 quas
591 2915 714 2949 poenitet
738 2910 918 2952 Profiffiom's
943 2937 954 2952 ‚
980 2914 1014 2946 (5
1035 2919 1119 2957 piget

255 2960 307 2983 ⁶⁰7¹
325 2950 430 2989 effi0m's
444 2951 514 2993 ,ms
519 2958 672 2991 curretiam
681 2971 727 2992 cor
741 2961 877 3004 dirigant
887 2984 897 3000 ,
924 2964 958 2995 (θ’
972 2964 1028 2996 Dei
1039 2969 1119 2994 timo—

252 3011 290 3035 re
310 2998 412 3043 rurfict
431 3000 581 3035 libidinem
603 3013 746 3048 vincant,
770 3012 916 3044 emortuis
939 3013 1120 3053 deputandae

251 3047 325 3093 sunt
336 3073 347 3089 ,
366 3047 430 3090 five
442 3055 474 3083 in
489 3052 599 3085 deliciis
611 3066 698 3097 agam
712 3083 722 3098 ,
743 3058 805 3099 five
815 3066 847 3094 in
868 3061 1015 3095 laboribus
1031 3072 1120 3105 atque

248 3099 375 3141 ‚iejuniis
395 3100 477 3133 nulla
488 3103 582 3134 cordis
605 3106 770 3143 corredZIone
783 3109 958 3153 superfluis,
980 3113 1120 3156 &magis

256 3148 459 3190 ostentationi,
484 3161 575 3192 quam
596 3155 792 3188 emendationi
798 3158 1014 3200 servientibus.
1044 3163 1121 3195 Res-

255 3198 388 3241 pondeo
412 3199 521 3234 locum
534 3198 622 3235 hunc
645 3205 766 3246 exponi
779 3205 812 3238 in
824 3211 927 3248 primo
940 3210 1121 3256 Augustini

254 3248 402 3284 sermone
419 3246 460 3282 de
477 3253 647 3290 communi
670 3254 735 3287 vita
757 3254 959 3294 Clericorum
971 3274 991 3296 ,··
1009 3262 1122 3295 Malum

254 3296 294 3338 est
302 3298 405 3331 cadere
417 3299 436 3328 a
448 3300 590 3341 Propofito
606 3325 616 3341 ,
639 3300 697 3344 sed
701 3305 791 3344 pejus
803 3304 840 3343 est
854 3305 989 3347 fimulare
1000 3310 1123 3352 Propofi·

256 3354 339 3386 tum.
367 3348 496 3381 Clericus
518 3351 594 3383 duas
614 3363 661 3384 res
669 3352 808 3396 professus
820 3354 857 3394 est
869 3369 880 3389 .·
905 3357 1100 3394 Sanelitatem
1112 3384 1123 3400 ‚

255 3397 491 3436 &communiter
501 3402 626 3433 vivendi
641 3400 826 3443 societatem.
854 3407 936 3443 stab
957 3406 1006 3443 boc
1018 3410 1122 3452 Propo-

356 3445 461 3490 christ.
466 3451 543 3493 Lupi
553 3453 767 3492 Oper.Tom.IV.

236 928 259 962 g

243 2016 365 2045 irritem
376 2010 452 2053 fecit
464 2036 471 2044 .
499 2016 633 2055 Virgines
643 2036 654 2053 ‚
667 2024 734 2055 quae
743 2012 806 2054 post
821 2012 1059 2055 consecrationem
1073 2025 1124 2046 nu·

206 2326 212 2334 ·
249 2309 362 2350 scopos
371 2312 503 2346 Sanetus
513 2312 599 2356 Papa
612 2312 756 2347 Gelafius
766 2338 776 2354 ‚
804 2314 837 2347 in
852 2313 935 2346 libro
952 2313 993 2346 de
1004 2313 1118 2347 Sancta

1121 232 1130 647 ³

1163 210 1216 252 fito
1238 216 1392 252 ceciderit,
1419 214 1552 247 &extra
1569 227 1694 249 manens
1705 215 1838 250 Clericus
1848 215 1970 257 fuerit,
1997 218 2042 248 di-

1168 264 1277 295 midius
1299 263 1422 305 cecidit;
1447 262 1479 304 fi
1496 274 1564 297 vero
1585 270 1689 306 intus,
1717 265 1846 300 occulte
1870 267 2044 309 proprieta-

1170 313 1235 344 rius
1256 336 1268 351 ,
1293 311 1430 345 babuerit
1446 312 1679 355 fimulationem,
1707 325 1785 348 totus
1807 316 1909 350 cecidit
1934 341 1941 348 .
1968 317 2044 349 Ma-

1171 361 1294 394 nifestis
1306 362 1335 394 A
1340 362 1472 405 postatis
1496 365 1644 398 occultos
1657 364 1844 408 hypocritas
1866 366 1968 400 asserit
1980 366 2044 399 esse

1172 410 1315 454 pejoreS,
1341 413 1431 454 quod
1445 424 1559 456 nempe
1570 414 1697 457 justitiae
1722 414 1894 448 histriones
1904 417 1986 455 sint,
2012 415 2046 448 ὃς

1172 461 1305 504 peffimae
1324 462 1385 494 suae
1398 464 1545 505 nequitiae
1565 464 1687 499 addant
1699 463 1879 508 superbiam
1906 466 2045 499 &fimu-

1172 510 1348 545 lationem.
1375 512 1456 558 Qo
1468 514 1565 546 etiam
1587 515 1753 558 respexiffe
1763 515 1858 559 poffit
1879 515 1968 557 supra
1982 514 2049 547 lau-

1171 559 1264 595 datus
1290 560 1408 594 Canon
1446 562 1714 598 Neocaesareenfis
1739 591 1745 597 .
1783 562 2050 608 Presbyterorum

1176 611 1308 653 nuptias
1330 635 1342 651 ,
1369 622 1436 644 non
1465 612 1555 653 quod
1581 613 1702 646 validas
1728 616 1880 659 agnoscat
1899 639 1910 655 ,
1937 615 2050 648 mitius

1174 660 1269 703 punit
1295 660 1394 704 quam
1417 661 1671 696 fornicationem
1683 674 1739 696 aut
1751 665 1946 699 adulterium
1959 689 1969 704 ,
1996 663 2051 698 sed

1173 710 1262 753 quod
1284 721 1429 753 apertum
1442 709 1652 746 Attentatum
1675 713 1790 747 sentiat
1800 716 1861 747 effe
1872 716 1994 748 crimen
2011 714 2051 747 le-

1176 761 1245 793 vius
1269 784 1280 800 ,
1306 761 1404 803 quim
1425 761 1605 804 Epicurum
1631 763 1739 797 vivere
1760 787 1771 803 ,
1797 763 1831 796 <Sc
1852 765 1959 798 virum
1984 766 2053 798 san-

1174 812 1260 844 etum
1272 809 1432 844 simulare.
1459 812 1503 845 Et
1515 824 1556 846 ex
1571 813 1639 855 ipso
1656 813 1747 855 loqui
1766 812 1905 847 omnino
1923 814 2052 848 videtur

1175 861 1210 893 in
1245 858 1516 903 Apostolicorum
1536 860 1643 897 haerefi
1670 865 1804 898 Sanctus
1826 861 2053 905 Epiphanius,

1175 909 1329 955 sacrilega
1350 913 1536 954 quatumvis
1549 913 1706 948 sacrarum
1720 915 1928 957 personatum
1942 923 2007 946 mat
2014 914 2056 945 ri-

1175 960 1287 994 monia
1309 961 1467 995 damnans
1489 962 1676 1006 rigidiffime
1700 988 1711 1003 ‚
1738 973 1834 1007 atque
1855 962 2054 1007 adjungens:

1175 1012 1281 1044 Verum
1301 1012 1405 1045 melius
1427 1011 1466 1052 eft
1479 1014 1630 1053 ‚iudicium
1654 1016 1745 1056 quam
1768 1016 1941 1047 damnatio.
1969 1017 2056 1045 Nam

1176 1065 1244 1102 qui,
1270 1070 1304 1094 ut
1326 1072 1363 1094 ne
1372 1063 1459 1104 apud
1474 1061 1603 1097 homines
1612 1070 1645 1097 in
1673 1064 1834 1106 infamiam
1846 1064 2056 1104 adducantur,

1175 1110 1250 1143 clam
1253 1110 1391 1153 stuprum
1396 1120 1580 1155 perpetrant
1590 1138 1602 1154 ,
1630 1115 1799 1155 Monasticae
1809 1120 1887 1148 vite
1907 1115 1961 1147 vel
1968 1118 2058 1147 conti-

1178 1166 1286 1196 nentiae
1290 1159 1439 1204 sponsione
1451 1174 1508 1196 non
1525 1162 1559 1207 Je
1571 1166 1658 1207 apud
1674 1164 1806 1198 hominer
1827 1164 1958 1208 obligant
1970 1188 1981 1204 ,
2003 1161 2061 1206 sed

1177 1212 1262 1252 apud
1273 1214 1366 1246 Deum
1378 1235 1389 1252 ‚
1413 1218 1464 1256 qui
1487 1215 1521 1247 Θ
1534 1215 1642 1249 occulta
1653 1213 1793 1259 cognoscit
1804 1239 1814 1255 ,
1840 1215 1915 1248 &in
1925 1215 2059 1247 adventu

1173 1258 1225 1303 suo
1234 1260 1403 1305 universam
1414 1274 1533 1298 carnem
1545 1265 1722 1309 redarguet,
1747 1270 1780 1298 in
1791 1265 1899 1308 quibus
1925 1264 2062 1298 videlicet

1178 1309 1299 1352 quisque
1315 1320 1500 1354 peccaverit.
1529 1317 1600 1358 ,Quo
1609 1318 1686 1349 circa
1707 1315 1808 1359 satius
1820 1314 1857 1356 est
1879 1327 1935 1349 uno
1943 1322 2062 1356 peccato

1175 1359 1306 1402 sequcim
1326 1363 1467 1403 pluribus
1490 1365 1685 1408 adstringere.
1712 1368 1812 1398 Satius
1826 1365 1882 1405 est,
1908 1365 1988 1397 abia
2001 1375 2064 1396 cur-

1178 1412 1264 1443 riculo
1282 1413 1443 1453 exciderit,
1463 1415 1572 1454 palam
1580 1414 1634 1454 fibi
1646 1426 1766 1448 uxorem
1795 1416 1934 1458 legitimis
1948 1419 2062 1454 nuptiis

1178 1461 1361 1502 adjungere,
1386 1472 1420 1492 ac
1436 1461 1501 1501 post
1521 1467 1730 1504 virginitatem
1752 1465 1833 1505 longo
1849 1464 2009 1496 intervallo
2016 1461 2064 1504 su-

1177 1509 1275 1551 scepta
1291 1514 1474 1551 poenitentia
1486 1515 1590 1543 iterum
1601 1510 1734 1553 Ecclefiae
1746 1514 1924 1545 reconciliari
1942 1526 1948 1545 z
1977 1516 2065 1553 Utpor

1178 1568 1207 1592 te
1230 1564 1281 1601 qui
1305 1561 1339 1593 (5
1354 1568 1507 1601 peccatum
1530 1562 1710 1604 admiserit,
1739 1564 1772 1596 (⁸3¹
1788 1561 1949 1605 prolapsus
1965 1562 2065 1603 fuerit

1178 1604 1372 1652 &infrallm
1384 1634 1395 1649 ‚
1420 1611 1453 1642 ὁ·
1475 1610 1648 1655 obligatione
1671 1614 1807 1646 vulneris
1832 1622 1906 1655 opus
1929 1612 2065 1652 babeat,

1182 1668 1215 1692 ut
1228 1670 1286 1691 non
1298 1660 1411 1693 occultis
1426 1667 1458 1693 in
1471 1663 1536 1694 dies
1547 1663 1654 1705 emtffae
1664 1665 1684 1695 ᾱ
1699 1663 1823 1696 Diabolo
1834 1665 2067 1705 nequitiaejacu·

1181 1710 1221 1741 lis
1241 1707 1407 1751 saucietur.
1434 1711 1545 1745 Etiam
1568 1711 1631 1747 hoc
1655 1714 1746 1747 sensu
1760 1713 1843 1748 dicit
1870 1714 1934 1747 effe
1949 1713 2067 1746 melius

1182 1759 1300 1793 nubere
1317 1761 1414 1804 quim
1426 1761 1474 1795 uri
1491 1775 1502 1796 :
1532 1762 1665 1806 Utique
1677 1763 1797 1798 nubere
1811 1788 1821 1803 ,
1840 1764 1875 1797 ὃς
1890 1762 2066 1806 postmodo

1183 1811 1408 1852 poenitentiam
1431 1823 1547 1856 agere,
1574 1815 1672 1856 quam
1689 1814 1734 1848 ob
1747 1813 1914 1857 produaas
1938 1812 1978 1847 ad
1993 1814 2066 1846 vitae

1181 1859 1278 1893 finem
1304 1861 1437 1896 secretas
1461 1864 1674 1898 scortationes
1696 1864 1805 1899 addici
1839 1864 1878 1898 ad
1900 1872 2067 1906 perpetuas

1181 1909 1355 1953 gehennas.
1383 1913 1466 1958 Qae
1477 1914 1623 1948 doctrina
1637 1926 1677 1948 an
1690 1915 1831 1949 omnino
1845 1913 2067 1958 irreprehensi-

1183 1958 1256 1994 bilis
1268 1961 1329 1999 fit,
1353 1972 1421 1995 non
1444 1973 1531 1998 caret
1546 1965 1713 2008 scrupulo.

1232 2009 1396 2054 objicitur
1406 2013 1505 2048 etiarn
1516 2015 1651 2050 Sanetus
1665 2016 1872 2061 Augustinus
1885 2016 1917 2049 in
1930 2014 2014 2049 libro
2025 2013 2066 2048 de

1181 2061 1283 2095 sane‘ia
1300 2061 1488 2104 Viduitate,
1517 2063 1669 2108 Apostoli
1692 2066 1732 2100 de
1746 2066 1838 2101 sacris
1856 2066 1974 2101 Viduis
2002 2077 2067 2099 ver-

1182 2110 1282 2153 bum,
1308 2112 1431 2148 Nubere
1454 2116 1582 2156 volum,
1610 2117 1780 2162 insigniter
1803 2127 1973 2158 exponens
1993 2139 2003 2154 ,
2032 2116 2067 2148 &

1180 2172 1334 2206 pergens:
1361 2164 1482 2198 Habent
1504 2167 1724 2200 damnationem
1738 2190 1748 2206 ,
1775 2172 1914 2208 quoniam
1931 2170 2066 2207 primam

1176 2211 1271 2252 fidem
1294 2218 1413 2246 irritam
1429 2214 1563 2255 fecerunt
1586 2239 1596 2255 ,
1622 2216 1675 2256 etfi
1692 2227 1749 2248 non
1772 2216 1904 2248 nubendo
1925 2240 1934 2254 ,
1962 2225 2065 2248 tamen
2084 2205 2118 2234 C*
2132 2216 2163 2242 9·

1182 2261 1306 2294 volendo
1319 2287 1325 2293 .
1354 2267 1426 2295 Non
1436 2270 1508 2306 quia
1525 2264 1579 2307 ips
1573 2277 1598 2297 ae
1609 2267 1661 2298 vel
1669 2267 1778 2299 talium
1789 2271 1903 2307 nuptiae
1915 2265 2066 2298 damnan-

1183 2311 1232 2343 dae
1235 2313 1434 2351 judicantur,
1454 2312 1513 2354 sed
1533 2316 1696 2348 damnatur
1709 2315 1849 2358 Propofiti
1865 2314 1960 2356 fraus
1973 2339 1983 2355 ,
2011 2317 2066 2348 da-

1181 2369 1302 2393 mnatur
1309 2360 1415 2402 fraffla
1428 2368 1491 2396 voti
1499 2362 1576 2404 fides
1589 2389 1599 2404 ,
1626 2366 1792 2398 damnatur
1817 2378 1874 2398 non
1888 2363 2029 2407 sufteptio
2041 2367 2063 2398 ὰ

1181 2409 1253 2443 bono
1262 2410 1415 2452 inferiori,
1438 2410 1498 2454 sed
1517 2420 1607 2446 ruina
1626 2415 1725 2447 cibono
1735 2414 1901 2458 superlori.
1930 2416 2063 2448 Proinde

1183 2465 1231 2502 qui
1243 2462 1346 2494 dicunt
1370 2462 1476 2494 talium
1498 2470 1623 2505 nuptias
1636 2476 1692 2497 non
1711 2465 1762 2508 effi‘
1782 2470 1925 2507 nuptias,
1945 2463 2004 2506 sed
2012 2473 2065 2506 po·

1184 2516 1246 2543 tius
1257 2512 1407 2545 adulteria
1421 2537 1429 2552 ‚
1456 2523 1513 2545 non
1524 2514 1598 2546 mihi
1612 2517 1755 2548 videntur
1772 2514 1854 2558 satis
1868 2516 1953 2548 acuta?
1972 2527 2007 2548 ac
2021 2517 2066 2547 di-

1182 2562 1305 2603 ligenter
1314 2561 1488 2603 confidet-are
1499 2565 1575 2605 quid
1583 2566 1704 2598 dicant.
1734 2566 1830 2599 Fallit
1840 2577 1886 2598 eos
1900 2564 2062 2606 similitudo

1183 2615 1324 2645 veritatis
1351 2637 1357 2643 .
1385 2615 1470 2655 ,Quia
1491 2620 1570 2647 enim
1592 2617 1756 2659 conjugium
1789 2615 1899 2655 Christi
1920 2612 2060 2649 dicuntur

1182 2660 1284 2704 eligere
1307 2686 1317 2701 ‚
1342 2674 1533 2705 quoecumque
1554 2664 1725 2705 Christiana
1741 2665 1904 2709 sanc‘litate
1929 2677 1986 2698 non
2009 2677 2061 2697 nu-

1182 2709 1255 2743 bunt
1267 2736 1277 2751 ‚
1302 2712 1370 2746 hinc
1385 2724 1630 2756 argumentantur
1642 2717 1765 2757 quidam
1785 2717 1919 2749 dicentes
1930 2741 1939 2755 ‚
1967 2718 1987 2748 5
1989 2723 2000 2747 i
2012 2720 2060 2747 vi-

1182 2772 1214 2792 ro
1226 2759 1278 2803 suo
1300 2767 1373 2795 vivo
1385 2787 1396 2803 ,
1423 2774 1491 2805 quae
1513 2766 1602 2798 alteri
1613 2766 1696 2798 nubit
1711 2790 1722 2805 ‚
1747 2767 1887 2800 adultera
1900 2765 1937 2805 est
1949 2790 1960 2805 ‚
1986 2770 2059 2797 vivo

1183 2821 1251 2853 ergo
1271 2811 1401 2852 Christo,
1433 2819 1479 2846 cui
1499 2826 1576 2847 mors
1597 2817 1677 2848 ultra
1690 2827 1747 2848 non
1769 2818 1940 2849 dominatur
1953 2839 1963 2854 ,
1990 2825 2059 2856 quae

1184 2863 1349 2904 conjugium
1360 2865 1423 2904 ejus
1441 2866 1590 2907 elegerat,
1610 2864 1639 2907 fi
1646 2865 1758 2899 homini
1781 2866 1867 2899 nubit
1882 2890 1892 2905 ,
1919 2866 2058 2898 adultera

1183 2910 1240 2950 est.
1268 2913 1320 2945 Ex
1340 2913 1399 2946 ista
1413 2916 1699 2958 argumentatione
1719 2916 1856 2949 affirmat
1877 2913 2059 2957 sequiquae·

1185 2962 1260 2995 dam
1283 2963 1435 2996 absurda:
1464 2964 1568 3012 Qod
1590 2967 1682 2999 sacrae
1696 2965 1812 2999 Viduae
1833 2963 1980 3004 Christus
1991 2963 2061 2997 Do·

1185 3012 1294 3045 minus
1313 3013 1349 3045 sit
1371 3025 1438 3047 non
1464 3018 1607 3056 primus,
1634 3016 1687 3049 sed
1707 3015 1877 3057 dumtaxat
1898 3010 2058 3046 secundus

1186 3062 1318 3096 maritus
1331 3088 1341 3103 ‚
1368 3063 1439 3099 imo
1456 3066 1494 3099 ,ἀ
1506 3064 1631 3099 adulter
1653 3063 1832 3106 conjugatae
1852 3061 1998 3096 mulieris
2019 3061 2059 3096 de

1186 3112 1292 3145 mariti
1314 3114 1407 3146 venia
1428 3115 1667 3147 continentiam
1689 3112 1855 3146 voventis.
1883 3112 1977 3145 Hinc
1993 3123 2061 3156 per-

1187 3160 1234 3204 git
1249 3173 1256 3192 :
1268 3164 1456 3203 ‚Quapropter
1470 3174 1525 3194 non
1531 3162 1642 3203 possum
1654 3163 1771 3203 quidem
1781 3163 1872 3197 dicere
1882 3163 1903 3194 ἃ
1916 3161 2058 3204 Proposito

1187 3211 1297 3243 meliori
1315 3209 1438 3252 lapsas,
1460 3210 1489 3251 fi
1503 3209 1676 3253 nupserint,
1700 3209 1848 3252 faeminas
1871 3211 1923 3255 effe
1944 3213 2059 3245 adulte-

1187 3265 1233 3292 ria
1244 3285 1255 3300 ,
1276 3271 1331 3293 non
1344 3262 1478 3302 conjugia
1488 3285 1499 3302 ‚
1519 3257 1576 3302 sed
1578 3261 1671 3302 plane
1682 3271 1739 3294 non
1750 3261 1954 3296 dubitaverim
1963 3262 2058 3295 dicere

1186 3308 1285 3352 lapsus
1309 3311 1454 3342 &rumas
1473 3322 1493 3342 a
1507 3308 1637 3350 castitate
1653 3309 1815 3353 sanatori,
1841 3323 1909 3355 quae
1931 3319 2057 3345 vovetur

1189 3362 1266 3399 Deo,
1291 3358 1343 3402 effe
1353 3360 1510 3393 adulteriis
1518 3363 1633 3402 peJ'ores
1647 3385 1654 3392 .
1681 3364 1750 3395 Haec
1769 3364 1834 3395 ideo
1857 3359 1992 3405 disputo,
2020 3370 2055 3391 m

1188 3409 1364 3450 arbitreris,
1388 3410 1439 3446 vel
1449 3407 1597 3452 secundas
1620 3417 1745 3453 nuptias
1772 3411 1823 3455 esse
1845 3417 1979 3448 crimen,
2004 3409 2059 3453 vel,

1628 3460 1659 3496 E
1937 3466 2010 3503 quat

2076 1097 2174 1130 Haetefi
2185 1103 2234 1127 ὄπ.

2075 1139 2123 1169 l.6.
2143 1140 2173 1170 Sc
2185 1149 2209 1173 7-
