2352 3736
87 1823 242 1861 (Σάκα-55·

92 3221 244 3255 L.10.c.10.

724 127 761 170 S.

258 217 459 256 perantiorem
469 212 571 252 vidit,
598 211 694 243 altera
700 212 760 253 lege
769 209 832 252 post
849 210 998 242 diluvium
1020 206 1157 269 potesta-‘i

260 273 320 296 tem
336 262 443 304 erfecit
451 261 586 295 omnibus
598 260 756 304 vescendi.
785 263 912 301 Propter
934 259 1010 292 hanc
1033 244 1157 299 conces·¹

254 311 361 353 fionem
374 314 485 354 reliqua
496 317 586 344 etiam
596 312 746 344 animalia
754 309 930 352 quibuslibet
957 307 1032 351 vesci
1057 316 1145 349 coepe-

261 373 332 395 runt
345 385 351 394 .
379 367 428 395 Ita
439 364 482 395 leo
491 368 664 395 carnivorus
676 361 714 394 ab
724 372 756 394 eo
774 368 899 400 tempore
904 359 971 399 fuit
983 383 993 398 ,
1021 360 1055 392 Θ·
1074 368 1158 390 mor--

262 418 354 445 ticina
374 414 509 445 vultures
535 411 695 454 observant
710 435 718 442 .
752 414 817 442 Nec
826 415 908 442 enim·
927 410 961 440 id
985 413 1123 449 temporis
1135 431 1146 447 ,

262 468 456 505 quoprimum
480 462 648 495 oriebantur
671 460 838 499 animalia,
879 468 991 491 terram
1013 459 1146 491 vultures

261 511 543 554 circzcmsiiellabant
554 536 565 552 ‚
591 520 624 544 ut
635 512 680 543 ad
682 510 799 552 pastum
825 510 973 542 cadavera
996 506 1161 568 conseque-¹

563 143 653 171 DE
835 126 1168 170 LEONIS

1240 126 1475 170 Noui
1545 129 1842 173 Acr1s.'
1910 136 2007 188 '355

1209 208 1339 241 Saturni
1365 207 1476 242 saecula
1504 207 1579 241 sunt
1599 217 1681 240 vana
1701 205 1877 242 Poetarum
1896 207 2076 252 figmenta,-

1208 267 1350 291 attamen
1371 270 1440 292 non
1464 267 1576 292 carent
1594 257 1687 292 omni
1705 258 1939 291 fundamento.
1965 258 2076 292 Sacras

1208 307 1421 342 Hebraeorum
1441 308 1564 341 litteras
1588 317 1645 341 aut
1666 307 1857 341 traditiones
1878 307 1928 341 illi
1949 307 1982 341 in
2006 308 2078 342 suas

1211 368 1311 400 nugas
1325 356 1697 400 passimtranflulerunt.
1725 357 1779 391 De
1799 358 1954 400 primaevo
1977 358 2078 402 usque

1208 405 1247 439 ad
1261 406 1421 441 diluvium
1433 408 1559 442 mundo
1572 407 1681 441 scribit
1691 407 1726 441 in
1738 405 1802 441 suis
1815 408 1906 450 super
1925 408 2078 443 Genefim

1208 457 1436 499 quaestionibus
1460 458 1496 491 Β.
1517 458 1681 492 Alcuinus
1701 457 1858 491 Flaccus:
1888 460 1933 490 An
1961 459 2079 499 pluvia
2094 453 2231 493 Q·¹35·

1207 517 1277 540 ante
1292 509 1440 541 diluvium
1451 507 1538 550 efflent
1550 508 1570 538 ?·
1591 507 1780 551 Respondeo‚
1807 508 1930 540 videtur
1939 511 1995 540 non‘
2002 506 2081 552 fuis-

262 572 366 596 rentur
377 587 387 603 ‚
408 561 465 605 sed
474 568 512 595 in·
515 567 615 603 pratis
625 562 795 593 alimoniam
817 559 991 600 quaerebant
1006 582 1012 589 .
1041 557 1084 589 Et
1101 555 1160 588 Ar.
1203 555 1228 598 s
1222 568 1237 589 e
1248 582 1254 588 .
1286 560 1369 600 ,Quia
1380 568 1468 590 arcus
1480 568 1536 589 non
1549 566 1615 590 erat
1627 581 1638 597 ,
1664 556 1763 597 nisiex
1774 559 1868 590 radiis
1875 559 1896 589 5
1897 558 1949 591 olis
1971 559 2005 591 &
2026 558 2079 592 hu-

262 611 365 645 belem
379 611 472 645 fuisse
493 610 679 653 opilionem
703 607 935 653 objicientibus
954 606 1146 648 respondet:

262 664 342 695 Scire
353 661 438 694 debes
445 661 588 702 pecudum
600 671 703 696 curam
716 666 873 693 inventam
881 655 980 699 fuisse
995 654 1146 695 vestimen-

257 722 360 744 «torum
375 708 462 752 causa
475 734 486 750 ‚
512 710 758 751 quemadmodum
769 715 803 742 in
815 712 950 742 oratione.
959 717 1036 739 nona
1046 705 1082 738 de
1090 703 1146 747 [εκ

263 762 381 795 dierum
390 759 524 801 operibus
537 758 750 802 chrysostomus
758 764 859 800 inquit
870 782 878 789 .

315 810 359 843 Et
371 809 447 844 huic
458 809 689 843 alimentorum
699 807 877 842 mutationi
898 807 992 841 causa
1014 805 1148 850 affigna-

265 861 344 893 tura
358 860 453 893 variis
466 861 552 892 varia
566 883 573 891 .
601 859 724 900 Glycas
746 857 893 900 adsignat
920 855 1077 899 majorem
1096 854 1148 889 de-

265 911 388 952 pravati
401 908 546 942 hominis
559 907 842 950 intemperantiam
854 931 861 939 .
890 906 933 938 Et
943 905 1018 939 sane
1037 905 1149 940 multi-

262 960 382 1001 plicata
407 958 442 991 &
452 955 492 991 ad
500 957 660 1001 originale
670 955 781 992 addita
794 956 932 999 plurima
945 954 1079 989 actualia
1091 955 1150 988 cri-

263 1009 355 1041 mina
366 1016 516 1041 naturam
529 1008 668 1041 nostram
681 1008 802 1050 semper
812 1004 1026 1049 depravarunt
1038 1009 1073 1039 in
1086 1006 1149 1039 for-

263 1059 363 1091 tiores
378 1056 545 1091 libidines.
573 1057 720 1091 Eandem
744 1058 874 1090 causam
895 1055 1028 1089 adducit
1049 1056 1084 1089 in
1106 1055 1150 1089 se-

263 1107 376 1141 cundo
388 1107 538 1141 adversus
550 1106 759 1150 Iovinianum
772 1105 857 1140 libro
870 1107 1149 1147 S.Hieronymus.

261 1157 542 1192 Primaevimundi
562 1156 796 1190 abstinentiam
816 1154 925 1190 laudat
940 1180 950 1195 ‚
988 1167 1025 1189 ac
1047 1156 1149 1198 prose-

263 1208 392 1251 quitur:
421 1206 524 1250 Posteai
544 1207 651 1238 videm
677 1209 781 1245 Deus,
822 1207 902 1248 qued
925 1206 1079 1248 diligenter
1104 1206 1146 1237 ad

264 1259 412 1290 malitiam
429 1252 504 1299 eſset
523 1255 687 1297 appofitum
694 1267 739 1289 cor
750 1255 876 1288 hominis
889 1255 929 1288 ab
943 1253 1151 1297 adolescentia,

263 1307 300 1340 (ν
330 1304 453 1348 spiritus
476 1309 540 1347 ejus
561 1313 593 1338 in
616 1306 665 1338 his
681 1315 856 1348 permanere
877 1317 933 1338 non
949 1303 1071 1347 posset,
1101 1317 1150 1347 qui

263 1366 350 1389 erant
373 1368 437 1389 caro
452 1380 464 1395 ‚
481 1363 579 1397 vopera
600 1362 701 1389 carnis
727 1357 842 1389 diluvio
862 1357 1093 1394 condemnavit,
1118 1356 1151 1388 (τ

263 1407 482 1446 audaciffimam
506 1406 654 1439 hominum
671 1407 797 1450 gulam,
833 1407 920 1438 dedit
939 1411 980 1437 eis
1001 1407 1151 1439 licentiam

264 1458 512 1490 comedendarum
533 1461 687 1494 carnium,
710 1464 743 1488 ut
753 1457 822 1488 dum
826 1454 881 1495 fibi
903 1456 1068 1497 intelligunt
1090 1455 1150 1488 lice-

265 1517 297 1538 re
311 1512 409 1539 omnia
418 1529 428 1545 ,
455 1519 511 1540 non
523 1504 681 1547 defiderent
695 1515 870 1550 magnopere
881 1505 959 1546 quod
967 1504 1074 1536 licebat
1083 1526 1093 1541 ‚
1115 1515 1151 1536 ne

264 1557 443 1590 mandatum
468 1564 618 1590 verterent
648 1563 681 1588 in
714 1554 834 1596 causam
862 1557 1125 1594 praevaricationis
1142 1577 1148 1584 .

264 1605 413 1652 Qidam
435 1605 586 1639 adversus
596 1603 782 1647 ptimaevum
793 1603 985 1637 mandatum
999 1602 1148 1637 videntur

262 1655 432 1689 attentasse
442 1666 554 1689 carnes
564 1679 574 1694 ‚
592 1665 689 1697 atque
702 1656 745 1687 ita
756 1654 991 1695 cataclysmum
1003 1653 1152 1686 advocas·

260 1704 316 1738 se:
343 1705 376 1737 ὅ(
400 1705 476 1739 huic
505 1704 729 1747 afimililapsu
741 1701 962 1745 praeservandae
986 1701 1149 1734 infirmita-

262 1753 287 1786 ti
311 1753 437 1788 videtur
461 1756 552 1788 Deus
571 1764 681 1786 carnes
702 1752 886 1786 indulfiffe.
922 1752 1022 1785 Hanc
1051 1752 1147 1794 ipsam

262 1804 391 1838 causam
404 1803 558 1843 adducit,
584 1803 702 1836 &cum
729 1803 792 1836 alia
816 1801 990 1845 conjungit
1011 1801 1045 1834 in
1060 1813 1149 1844 *quae-

261 1852 421 1888 stionibus
432 1855 524 1897 super
547 1853 699 1887 Genesim
729 1850 983 1886 Theodoretus:
1010 1855 1081 1884 Mox
1097 1852 1147 1886 ubi

260 1908 342 1937 Deus
351 1902 480 1947 ereasset
492 1903 636 1935 hominem
646 1927 657 1942 ‚
684 1903 768 1935 dedit
779 1908 806 1935 ei
817 1911 907 1936 terrae
922 1901 1069 1943 fruc‘lur,
1095 1906 1144 1944 ju-

260 1955 333 1988 bens
355 1955 442 1987 illum
461 1951 537 1995 vesci
548 1951 654 1993 fruc‘lu
666 1950 815 1994 seminum
834 1955 868 1985 (τ
892 1952 1032 1985 arborum
1044 1977 1051 1985 .
1080 1953 1146 1993 Post

260 2005 409 2037 diluvium
421 2012 520 2036 autem
531 2004 662 2042 majores
674 2003 717 2035 illi
730 2004 851 2035 delicias
860 2007 940 2035 muni
937 2002 992 2044 ,ῆι-ἒ
1003 2004 1146 2046 largitur,

254 2054 366 2094 jubens
387 2054 513 2085 occidere
535 2052 723 2085 &comedere
745 2052 881 2085 volatilia
894 2076 904 2091 ,
931 2055 965 2085 (9
979 2054 1120 2085 natatilia
1133 2078 1143 2094 ,

262 2105 295 2136 (⁸2⁸
320 2101 467 2142 terrestria
488 2103 655 2141 animalia,
691 2101 830 2142 affle‘lum
851 2101 959 2142 affec‘lu
982 2102 1123 2144 repellens
1135 2127 1144 2142 ,

261 2154 295 2186 ό·
308 2153 413 2186 leviori
423 2163 532 2186 curans
540 2157 715 2195 graviorem
731 2177 737 2182 .
765 2153 944 2185 Praevidens
957 2158 1036 2185 enim
1065 2155 1143 2185 Deus

261 2202 391 2236 homines
403 2207 435 2235 in
444 2211 610 2235 extremam
621 2203 805 2235 dementiam
823 2200 958 2244 delapsos
971 2227 981 2242 ,
1009 2201 1071 2235 haec
1083 2214 1141 2235 om-

263 2258 315 2285 nia
322 2261 380 2294 pro
403 2255 470 2284 Dils
492 2250 665 2291 babituros,
688 2250 819 2293 permisit
848 2253 962 2285 illorum
984 2249 1061 2294 esum
1074 2276 1085 2291 ,
1111 2261 1143 2285 ut

262 2301 347 2341 istam
357 2307 540 2344 impietatem
551 2300 693 2334 cohiberet
705 2326 712 2333 .
739 2303 860 2334 Summa
879 2307 957 2335 enim
970 2300 1092 2344 insania
1105 2302 1142 2342 est

263 2353 388 2385 adorare
405 2343 486 2393 quod
492 2352 667 2385 comeditur.
694 2351 860 2394 Loquitur
877 2363 919 2385 ex
949 2351 1107 2386 sententia
1130 2377 1140 2393 ‚

263 2412 334 2444 quae
345 2402 509 2436 existimat
519 2401 644 2435 nullam
655 2401 730 2435 ante
742 2401 903 2435 diluvium
925 2401 1021 2435 fuisse
1037 2401 1141 2436 idolo-

262 2450 391 2485 latriam
407 2477 413 2484 .
440 2450 565 2486 Verum
578 2450 671 2485 hasce
690 2452 800 2485 causas
820 2453 938 2485 refutat
951 2474 961 2490 ,
985 2451 1019 2484 <Sc
1038 2452 1135 2486 aliam

262 2500 398 2535 adducit
411 2502 444 2534 in
456 2501 605 2546 vigesima
628 2501 760 2544 septima
783 2503 875 2545 super
895 2501 1047 2535 Genesim
1066 2503 1136 2536 Ho—

262 2551 354 2585 milia
367 2552 396 2585 S.
409 2552 549 2594 loannes
565 2550 817 2594 Chrysostomus
831 2576 843 2592 ,
864 2551 998 2586 laudans
1010 2553 1140 2587 Divinae

262 2599 443 2642 Maiestatis
463 2600 505 2635 ad
527 2602 605 2635 Noe
627 2600 719 2635 verba
732 2627 742 2642 ‚
770 2614 807 2635 ac
829 2612 985 2645 pergens:
1026 2608 1083 2636 Hic
1103 2602 1140 2642 est

262 2655 384 2682 initium
396 2651 578 2684 edendarum
591 2657 741 2683 carnium.
771 2656 884 2685 Nonut
895 2650 972 2694 ipsos
997 2653 1042 2684 ad
1062 2663 1135 2685 ven·

265 2703 323 2731 tris
345 2699 505 2740 ingluviem
524 2708 611 2741 paret
636 2702 669 2734 ὼ·
692 2700 835 2739 instruat,
857 2700 913 2743 sed
934 2706 1004 2742 quia
1028 2713 1064 2734 ex
1074 2700 1138 2744 ipſss

267 2752 334 2781 Noe
346 2756 410 2780 erat
417 2747 658 2800 sacrificaturus
683 2752 792 2784 &Deo
797 2756 916 2794 gratmr
941 2751 1079 2793 aelurus,
1106 2761 1138 2784 ut

264 2808 304 2831 ne
327 2788 482 2830 videamur
502 2809 522 2829 a
542 2795 711 2839 consecratis
732 2800 817 2842 quast
838 2800 999 2842 abstinere.
1026 2804 1137 2835 Idcirco

266 2848 372 2879 edendi
377 2846 408 2888 f
409 2847 557 2880 :cultatem
567 2849 713 2887 concedit,
741 2850 775 2881 Θ
786 2853 877 2884 valde
885 2849 998 2892 securos
1016 2853 1135 2885 reddit.

270 2896 389 2930 Verum
405 2907 508 2939 neque
530 2895 596 2929 haec
615 2897 699 2930 ratio
722 2897 908 2932 concludit.
940 2901 1075 2935 Etenim
1093 2913 1136 2935 et-

267 2945 330 2980 iam
342 2947 476 2989 primaevi
493 2945 642 2980 homines
654 2947 730 2980 Deo
742 2948 967 2981 sacrificarunt
969 2950 1137 2992 animalia,

268 3007 326 3029 nec
339 3007 446 3030 tamen
461 3008 502 3029 ex
514 2997 584 3038 ipfis
595 2991 846 3039 participarunt.
870 2998 982 3032 Omne
1003 3008 1080 3033 tunc
1096 3003 1137 3036 sa-

266 3046 426 3079 crificium
439 3056 504 3080 erat
518 3045 762 3080 holocaustum.

314 3094 490 3136 Michaelis
501 3096 612 3138 Glycae
632 3096 792 3129 rationem
815 3095 928 3140 probat
949 3098 983 3131 in
1008 3099 1137 3136 laudato

265 3142 412 3178 adversus
426 3145 635 3186 Iovinianum
648 3158 744 3189 opere
756 3147 853 3180 eriam
867 3149 1138 3191 SHiemnymus,

264 3204 301 3227 ac
313 3194 589 3236 insuperinfinuat
601 3196 716 3229 aliam:
748 3196 924 3229 Diaearchus
939 3203 971 3229 in
984 3198 1067 3230 libris
1089 3212 1137 3232 an-

265 3245 481 3285 tiquitatum&
491 3244 680 3287 defiriptione
694 3250 819 3279 Graeciae
832 3245 924 3287 refert
933 3245 989 3288 sub
1000 3250 1134 3291 saturno,

264 3295 299 3328 id
308 3293 346 3333 esi
360 3318 371 3332 ,
397 3304 481 3326 aureo
502 3293 627 3336 saeculo,
654 3307 716 3329 cum
736 3301 833 3329 omnia
855 3296 957 3329 humus
972 3298 1133 3341 funderet,

265 3344 378 3377 nullum
389 3344 496 3375 comedi
518 3354 645 3377 ecarms
656 3369 666 3384 ‚
690 3345 746 3387 sed
755 3345 904 3389 universos
919 3349 1024 3390 vixisse
1037 3348 1137 3393 frugi-

268 3393 321 3427 bus
347 3395 380 3426 (e-
399 3399 494 3433 pomis
511 3417 519 3431 ,
548 3406 612 3435 quae
621 3393 726 3436 sponte
745 3404 822 3429 terra
840 3397 1000 3442 gignebat.
1029 3399 1134 3435 Aurea

368 3443 468 3483 Christ.
477 3446 549 3485 Lupi
562 3446 778 3486 operamus.

1208 608 1292 639 mida
1303 608 1396 640 nube.
1425 606 1519 646 Potest
1532 616 1630 640 autem
1638 606 1724 648 fieri,
1749 617 1782 640 ut
1803 620 1840 641 ex
1864 613 1938 640 roris
1960 608 1994 641 Θ
2008 607 2079 648 fon-

1207 662 1299 697 tium,
1338 662 1436 689 icutin
1461 659 1614 699 AEgypto,
1642 663 1809 700 irrigatione
1830 666 1910 690 terra
1924 657 2098 699 foecunda-³

1207 716 1307 738 retur.
1334 705 1479 746 Pluviae,
1507 707 1620 744 venti,
1647 707 1759 746 nives,
1785 707 1919 749 aliaeque
1941 707 2082 742 elemen-

1209 765 1317 788 torum
1329 756 1532 799 tempestates
1543 754 1674 797 pessime
1684 766 1803 789 vexant
1814 768 1851 789 ac
1861 756 2012 792 deterunt
2025 769 2085 792 no-

1210 804 1270 839 stra
1282 816 1417 848 corpora
1429 834 1437 839 .
1463 804 1601 838 Istorum
1615 803 1701 838 nihil
1715 829 1726 845 ,
1748 805 1801 839 sed
1814 805 1910 840 nobis
1932 807 2084 841 fovendis

1210 855 1467 889 commodiffima
1481 865 1560 889 tunc
1573 857 1694 898 semper
1705 855 1798 890 fuiffe
1814 855 1927 890 omnia
1948 856 2086 890 elemen·

1209 915 1262 946 ta,
1290 905 1395 948 plures
1407 906 1583 949 Scriptores
1593 907 1771 940 affirmant.
1800 906 1843 939 Et
1863 904 1942 940 hinc
1964 906 2085 950 primat-

1212 956 1244 989 vi
1257 955 1407 990 homines
1421 957 1521 990 vitam
1543 955 1584 990 ad
1607 956 1701 990 mille⁴
1718 956 1782 991 fere
1802 968 1906 991 annos
1921 963 2083 1000 protraxe-

1211 1017 1304 1040 runt.
1331 1006 1444 1041 Aliam
1468 1006 1567 1050 hujus
1592 1007 1637 1041 rei
1659 1008 1788 1041 causam
1808 1006 1941 1041 adducit
1961 1007 1997 1040 in
2020 1007 2083 1042 suis

1213 1058 1306 1099 super
1330 1056 1481 1090 Genefim
1514 1058 1757 1091 commentariis
1787 1055 1930 1100 Ephrem
1961 1059 2084 1101 Syrus,

1212 1118 1312 1150 agens
1322 1106 1364 1140 de
1374 1106 1476 1149 ejecto
1494 1106 1583 1140 extra
1604 1106 1790 1141 Paradisum
1813 1107 1966 1142 Adamo:
1994 1109 2085 1141 Beni·-

1202 1161 1313 1199 guttas
1324 1166 1412 1198 atque
1417 1162 1524 1201 gratia
1537 1156 1574 1196 est
1580 1164 1741 1198 perpetuus
1757 1155 1862 1200 scopus
1884 1161 1947 1190 Deo
1958 1182 1965 1189 .
1994 1157 2086 1191 Habi-

1213 1213 1355 1240 tationem
1363 1206 1420 1249 ipſs
1425 1207 1550 1240 dederat
1562 1212 1597 1239 in
1608 1205 1755 1250 Paradiso
1764 1232 1775 1248 ‚
1797 1205 2084 1249 sedpraevara'catus

1214 1256 1269 1296 est.
1296 1256 1410 1300 Rursus
1424 1259 1490 1300 ergo
1501 1256 1624 1300 extrufit
1645 1258 1761 1290 Paradi
1775 1269 1811 1296 o,
1833 1255 1892 1300 sed
1910 1264 1942 1290 in
1963 1264 2087 1301 propino

1215 1317 1267 1347 quo
1281 1331 1288 1338 .
1314 1308 1372 1340 Sed
1387 1309 1420 1341 ὁ*
1430 1306 1669 1349 hicperditifflmi
1680 1306 1811 1341 homines
1821 1309 2010 1350 deliquerant
2021 1331 2031 1347 ‚
2051 1310 2086 1342 <9

1214 1361 1264 1398 qui
1283 1358 1382 1398 juxta
1405 1356 1585 1400 Paradisum
1608 1356 1802 1398 habitarent,
1838 1359 1958 1401 indigni
1986 1356 2089 1401 evase-

1213 1413 1303 1438 runt.
1333 1411 1416 1440 Arcae
1426 1412 1516 1451 igitur
1529 1413 1690 1449 imperavit
1702 1432 1713 1448 ‚
1739 1413 1816 1441 eain
1829 1412 1998 1442 Armeniam
2021 1410 2087 1443 illos

1212 1461 1349 1496 portavit
1369 1481 1377 1489 .
1418 1456 1533 1491 Latius
1551 1457 1585 1490 in
1609 1456 1693 1491 libro
1716 1457 1757 1491 de
1777 1456 1928 1492 Paradiso
1949 1459 2088 1501 exponit

1215 1505 1352 1546 Moyses
1365 1504 1548 1549 Barcepha:
1576 1508 1634 1539 Alii
1645 1505 1816 1546 existimant
1827 1508 1943 1540 tndeex
1965 1519 2020 1550 quo
2040 1509 2088 1541 de-

1212 1555 1339 1595 liquerat
1349 1555 1481 1587 Adamas
1494 1579 1506 1596 ,
1532 1556 1565 1587 (⁵5
1574 1567 1612 1588 ex
1625 1556 1770 1599 Paradiso
1779 1556 1885 1598 fuerat
1894 1559 2065 1590 eliminatus
2076 1582 2088 1598 ,

1212 1602 1300 1646 usque
1313 1605 1357 1637 ad
1368 1606 1515 1638 diluvium
1526 1606 1665 1640 mortales
1685 1618 1784 1640 omnes
1797 1606 1924 1649 mansisse
1934 1612 1967 1640 in
1977 1619 2013 1641 ea
2030 1617 2088 1641 ter-

1211 1664 1246 1684 ra
1257 1677 1268 1692 ,
1298 1665 1367 1695 quae
1378 1664 1464 1686 trans
1477 1660 1622 1688 oceanum
1632 1660 1740 1689 circum
1753 1655 1932 1699 Paradisum
1942 1658 2090 1699 exstabat,

1212 1701 1287 1735 banc
1298 1705 1389 1744 vero,
1413 1715 1508 1746 quam
1527 1716 1578 1737 nos
1591 1706 1661 1745 jam
1671 1704 1811 1740 babemus
1826 1731 1837 1748 ,
1863 1714 1976 1739 terram
2000 1710 2095 1741 adid

1210 1750 1298 1794 usque
1312 1762 1427 1796 tempus
1433 1753 1533 1797 fuisse
1543 1765 1672 1788 vacuam
1689 1756 1812 1798 prorsus
1840 1755 2027 1798 bominibus,
2053 1759 2090 1792 o·

1210 1801 1375 1846 desertam.
1405 1804 1473 1837 Illos
1486 1815 1583 1838 omnes
1597 1806 1713 1839 diluvio
1734 1806 1850 1839 obrutos
1868 1815 1991 1848 propter
2014 1814 2090 1840 vitae

1210 1855 1554 1897 impuritatemperiiffe,
1581 1860 1713 1890 unoNoe
1736 1861 1801 1890 viro
1816 1855 1969 1897 justocum
1989 1857 2090 1890 trihus¹

1208 1904 1308 1938 liberis
1332 1915 1422 1947 atque
1442 1905 1611 1948 conjugibus
1631 1905 1802 1948 superstite,
1842 1914 1874 1940 ut
1896 1908 2000 1949 reliqui
2020 1916 2090 1942 tunc

1201 1954 1317 1996 fuerint
1332 1953 1387 1998 soli
1412 1955 1471 1987 odlo
1492 1956 1651 1988 mortales.
1682 1960 1831 1989 Caeterum
1853 1961 1921 1989 Noe
1941 1959 2042 1990 cedros
2054 1964 2087 1991 in

1207 2006 1260 2038 illa
1279 2028 1291 2045 ,
1315 2017 1384 2047 quae
1394 2006 1474 2038 ultrei
1495 2016 1630 2039 oceanum
1650 2005 1710 2047 est,
1738 2014 1818 2039 terra
1833 2005 1971 2050 sevisse,
1997 2015 2086 2050 atque

1207 2066 1244 2087 ex
1256 2056 1316 2087 illis
1329 2057 1500 2088 arcamillic
1519 2054 1680 2099 struxisse,
1708 2067 1796 2099 eaque
1820 2057 1919 2090 vedios
1942 2057 2001 2089 oc‘lo
2020 2057 2085 2098 istos

1207 2104 1336 2138 homines
1349 2129 1359 2144 ,
1383 2107 1474 2139 cumci
1487 2107 1600 2139 diluvio
1607 2104 1726 2148 servati
1738 2105 1856 2149 essent,
1882 2119 1920 2141 ex
1945 2109 1997 2140 illa
2023 2111 2085 2141 Pa-

1207 2153 1418 2199 radifiregione
1430 2161 1461 2188 in
1474 2155 1550 2189 hanc
1561 2156 1685 2195 nostram
1693 2155 1868 2200 pervenisse
1878 2183 1888 2199 ‚
1915 2169 1972 2191 non
1982 2167 2082 2192 autem

1200 2205 1328 2245 pedibus
1352 2210 1444 2239 maris
1469 2208 1582 2239 vadum
1598 2206 1798 2250 pertranfiffe.
1827 2208 1865 2241 In
1878 2207 1955 2249 illa,
1982 2220 2082 2252 quam

1205 2253 1303 2288 hodie
1314 2253 1455 2289 dicimus
1468 2255 1699 2291 Americanarn
1714 2257 1844 2291 Indiam
1855 2282 1866 2298 ,
1894 2268 1975 2293 terra
2000 2267 2083 2293 uter-

1204 2315 1267 2347 que
1280 2305 1424 2349 Scriptor
1438 2308 1574 2340 affirmat
1585 2308 1678 2341 fuisse
1699 2307 1906 2342 Paradisum.
1936 2309 1980 2342 Et
1999 2308 2082 2343 certe

1204 2355 1262 2389 ista
1285 2355 1396 2400 Regio
1418 2356 1464 2390 est
1486 2357 1586 2391 totius
1607 2356 1722 2392 mundi
1745 2358 1935 2393 fertilissima
1956 2385 1962 2390 .
2002 2359 2082 2401 Ejus

1209 2405 1293 2439 solas
1316 2405 1471 2440 Paradiso
1492 2407 1614 2441 vicinas
1637 2418 1739 2451 partes
1769 2408 1896 2443 addunt
1927 2407 2082 2443 habitasse

1210 2456 1377 2497 primaevos
1387 2456 1457 2500 post
1470 2456 1595 2500 lapsum
1606 2456 1771 2497 homines,
1807 2471 1844 2493 ac
1858 2470 1926 2493 non
1947 2460 2006 2492 nisi
2026 2470 2082 2502 per

1205 2505 1367 2539 diluvium
1392 2507 1511 2540 venisse
1533 2508 1568 2540 in
1603 2508 1796 2542 Armeniam
1816 2532 1826 2547 ‚
1865 2508 1943 2543 hinc
1964 2509 2083 2552 disper-

1205 2556 1256 2588 sos
1276 2555 1310 2588 in
1323 2554 1453 2597 Asiam,
1481 2555 1650 2596 Africam,
1685 2559 1718 2591 &
1751 2560 1918 2602 Europam
1935 2585 1943 2591 .
1983 2559 2081 2593 Certe

1204 2605 1312 2639 inisto
1324 2606 1465 2648 clymate
1475 2607 1570 2649 poffit
1580 2607 1673 2641 fuisse
1697 2608 1789 2650 plena
1810 2609 1986 2643 clementia
2009 2620 2080 2642 om-

1203 2655 1296 2689 nium
1321 2655 1579 2690 elementorum.
1608 2656 1764 2701 Iosephus
1790 2658 1960 2692 Antonius
1986 2658 2079 2692 Gon-

1200 2704 1288 2738 zalez
1301 2713 1402 2747 nuper
1415 2706 1591 2748 publicavit
1601 2707 1875 2748 dissertationem,
1903 2720 1966 2751 qua
1979 2719 2077 2742 cona-

1201 2765 1252 2787 tur
1263 2753 1482 2789 demonstrare
1495 2756 1680 2799 primaevam
1703 2766 1817 2791 terram
1830 2769 1917 2792 nunc
1930 2760 2013 2798 effe,
2039 2757 2074 2791 δε

1202 2804 1340 2838 nostram
1352 2802 1544 2847 hodiernam
1556 2805 1637 2840 olim
1659 2807 1757 2841 fuisse
1782 2807 1891 2841 Mare.
1920 2809 2004 2843 Haec
2027 2808 2075 2841 in⁴

1200 2854 1314 2898 digent
1335 2853 1440 2899 longo
1458 2855 1625 2890 examine.
1667 2856 1839 2903 Qudquid
1864 2859 1922 2899 fit,
1948 2867 2073 2893 certum

1199 2905 1242 2937 est
1255 2905 1368 2940 omnia
1379 2905 1540 2939 elementa
1552 2908 1615 2940 effe
1625 2906 1751 2941 diluvio
1772 2918 1921 2951 corrupta
1940 2933 1951 2950 ,
1987 2906 2074 2942 ideo-

1200 2965 1262 2996 que
1273 2954 1352 2988 redit}
1366 2955 1472 2998 pergit
1492 2954 1609 2990 Beatus
1632 2956 1814 2991 Alcuinus:
1844 2963 1907 2991 Cur
1927 2957 1990 3001 esus
2009 2969 2073 2992 car-
2090 2967 2147 3007 Q
2162 2969 2228 3000 1222

1200 3010 1281 3036 nium
1299 3004 1361 3045 post
1382 3006 1532 3038 diluvium
1555 3005 1664 3039 homini
1683 3009 1867 3047 conceditur,
1893 3010 1928 3042 (5*
1949 3020 2007 3042 non
2017 3018 2071 3042 an-

1199 3054 1269 3086 teti)
1305 3053 1476 3096 Respondeo
1490 3077 1500 3092 ‚
1529 3063 1653 3097 propter
1676 3053 1931 3105 infoecunditatem
1960 3066 2069 3099 terrae,

1199 3114 1231 3137 ut
1241 3103 1401 3143 aestimatur
1413 3127 1423 3143 ,
1437 3105 1470 3137 (ε’
1481 3103 1606 3137 bominis
1611 3105 1814 3149 fragilitatem
1830 3134 1836 3140 .
1866 3108 1976 3143 Etiam
1987 3119 2069 3152 quae-

1200 3154 1264 3192 rit,
1290 3165 1347 3186 cur
1370 3153 1410 3186 de
1432 3154 1589 3197 primaevis
1612 3154 1805 3191 hominibus
1826 3159 1917 3193 Deus
1927 3157 2067 3199 dixerit,

1202 3201 1377 3245 Disperdam
1386 3214 1431 3236 eos
1442 3214 1506 3236 cum
1527 3213 1630 3244 terra,
1657 3206 1690 3239 &
1714 3208 1902 3251 respondet:
1930 3210 2066 3242 Tradunt

1201 3253 1334 3285 Doc‘iores
1345 3262 1435 3286 terrae
1446 3261 1571 3298 vigorem
1582 3256 1616 3288 (θ’
1631 3255 1860 3296 foecunditatem
1879 3259 1963 3303 longe
1984 3258 2065 3298 infir

1198 3308 1315 3334 miorem
1325 3300 1387 3344 esse
1394 3303 1456 3344 poli
1479 3306 1645 3346 diluvium,
1670 3309 1761 3348 ᾳιιιῐηι
1781 3310 1879 3349 ante,
1905 3311 1939 3342 (y
1958 3308 2063 3339 idcirc&

1199 3351 1241 3383 boi
1243 3353 1360 3384 mnibus
1373 3364 1492 3387 carnem
1513 3356 1619 3388 edendi
1639 3356 1786 3389 licentiam
1805 3360 1854 3399 esft’
1875 3359 2001 3393 datam,
2029 3356 2062 3388 (ν

1199 3404 1268 3436 ante
1291 3403 1437 3439 diluvium
1455 3403 1606 3446 frucffibus
1625 3412 1715 3439 terrae
1731 3406 1908 3450 solummodd
1921 3404 2063 3447 vic‘litaffiy

1529 3453 1562 3487 Y
1589 3466 1612 3497 y
1662 3467 1682 3492 2
1930 3453 2017 3499 homl·⁴
