2352 3736
39 2048 103 2082 Lib.
124 2051 167 2078 18.

411 131 466 163 DE
501 118 691 161 SIMONIAE
728 127 936 170 emmam,
974 129 1023 157 ET
1059 124 1198 158 vAitns
1235 125 1294 154 AD
1327 124 1448 155 IPSUM
1483 125 1806 157 SPECTANTIBUS·

218 205 354 240 bitetut·
382 201 466 247 Qae
478 201 591 234 omnia
611 199 650 232 ad
662 197 939 243 quadragesimum
959 195 1090 230 Trulla-

216 264 318 293 num,
343 249 384 286 ad
394 251 535 295 septimae
552 249 680 293 synodi
704 249 856 293 quintum
880 247 1086 282 &decimum

214 312 365 340 nonum,
384 299 418 334 &
441 300 482 335 ad
495 299 868 342 Constantinopolitanae
891 298 925 330 in
949 293 1089 338 Aposto-

213 353 326 387 lorum
337 351 478 385 Ecclesia
490 349 616 394 Synodi
638 351 764 394 sextum
776 349 948 382 Canonem
969 344 1091 389 largius

213 398 564 446 exponit-Theodorus
585 399 776 437 Balsamon,
801 395 882 430 reste
904 406 1015 429 tamen
1038 392 1091 428 ad-

218 451 298 486 dens
317 451 416 492 illos,
441 451 498 494 qui
520 449 618 493 ampli
640 445 826 490 patrimonii
852 446 900 491 sui
915 445 1038 479 intuitu
1051 443 1092 478 ad

218 500 420 536 Monasteria
450 501 547 543 recipi
570 496 717 535 ambiunt
752 496 785 529 &
817 495 873 539 qui
894 495 956 530 isto
992 494 1093 529 titulo

218 550 399 585 admittunt
420 575 431 591 ‚
456 547 657 585 damnandos
682 544 722 578 de
756 545 905 580 Simonia
925 570 932 577 .
959 545 1092 588 Excipit

218 600 344 635 &reste
354 601 448 640 illos,
474 598 529 641 qui
540 596 587 639 jus
599 595 840 634 Fraternitatis‚
865 595 898 629 id
909 595 953 629 est
968 619 979 635 ,
1005 595 1062 638 qui
1074 594 1092 627 a

218 651 283 685 suae
303 647 500 694 profeffionis
519 644 723 679 Monasterio
742 646 938 689 migrantes,
963 645 1013 687 jus
1037 645 1092 689 ali-

218 697 426 735 mentationis
446 695 487 729 ab
505 696 573 730 alio
599 704 713 729 emunt
733 695 936 729 Monasterio
965 708 977 728 .·
1003 696 1092 739 quod

217 749 270 793 jus
281 747 362 783 istud
372 745 411 779 sit
421 745 561 780 omnino
573 745 767 789 temporale.
792 745 997 792 Qaeomnia
1024 757 1091 778 non

218 799 323 833 solum
344 795 378 829 in
402 795 588 830 Coenobitis
609 819 621 835 ,
646 795 700 828 sed
720 795 755 828 ὅ(
775 793 811 827 in
835 793 1019 829 Cellulariis
1039 796 1092 828 seu

217 844 436 882 Anachoretis
448 844 596 883 obtinere
616 845 704 888 idem
714 845 861 894 Scriptor
884 842 1000 888 merito
1012 845 1094 879 affir-

217 905 302 932 mat.

375 1146 721 1202 CAPUT
789 1148 936 1198 XVI,

321 1290 385 1334 An
397 1285 481 1333 dati
497 1284 562 1333 vel
573 1288 713 1353 accepti
734 1282 760 1331 ιὶ
776 1285 992 1332 simoniacis

461 1355 614 1406 Ordines
615 1356 697 1419 fint
707 1353 834 1407 validi
849 1352 870 1409 ἓ

326 1493 478 1529 Domino
500 1493 612 1528 nostro
634 1492 745 1536 JESU
767 1492 980 1528 CHRISTO
1008 1516 1018 1532 ,
1044 1489 1100 1535 qui

340 1542 566 1578 columbarum
591 1543 796 1584 venditores,
822 1544 1029 1586 ipsorumque
1052 1551 1105 1574 ca-

219 1591 355 1628 thedras
372 1593 406 1627 δε
417 1594 542 1627 mensas
554 1592 671 1635 dejecit
694 1604 731 1627 ac
742 1593 836 1636 ejecit
856 1591 874 1625 ὲ
885 1593 1009 1635 templo
1021 1616 1032 1632 ,
1054 1599 1102 1624 et-

219 1642 290 1677 iam
310 1642 546 1686 Episcoporum
559 1643 742 1676 nostrorum
756 1667 765 1682 ‚
792 1643 825 1676 &
838 1642 1029 1685 quorumvis
1050 1641 1077 1673 F
1080 1641 1102 1673 i-

220 1691 344 1727 delium
354 1692 421 1727 Dei
432 1691 519 1726 dona
531 1692 742 1727 vendentium
755 1701 811 1726 aut
822 1692 1003 1726 ementium
1016 1716 1025 1731 ‚
1040 1690 1103 1723 Ec-

220 1740 333 1777 clesias
352 1743 385 1776 ὅ(
397 1742 542 1782 animas,
573 1743 641 1776 imo
653 1742 846 1777 Provincias
858 1754 895 1776 ac
911 1752 1009 1786 regna
1022 1741 1108 1774 inte·

220 1803 281 1836 gra
303 1792 403 1826 everti
413 1800 469 1825 aut
494 1792 688 1835 periclitari,
714 1791 795 1826 recte
806 1792 846 1827 ad
858 1792 964 1826 varios
983 1790 1101 1834 scripsit

221 1840 404 1885 Gregorius
414 1841 557 1886 Magnus
567 1865 575 1873 .
605 1842 739 1875 Etenim
754 1841 1051 1887 Longobardorum
1066 1841 1099 1873 in

222 1888 318 1924 Italia
339 1890 434 1925 robur
445 1903 482 1925 ac
508 1891 645 1926 tutelam
666 1892 760 1925 fuisse
771 1891 1007 1927 Modiciensem
1025 1892 1100 1925 San·

222 1939 412 1981 &iJoannis
437 1941 633 1982 Ecclesiam,
660 1941 746 1975 &ab
770 1942 836 1985 ipsa
856 1940 1041 1976 Simoni-ace
1054 1951 1100 1974 or·

215 1987 335 2024 dinata
361 2000 499 2033 regnum
519 1991 661 2034 ipsorum
683 1991 778 2025 fuisse
799 1993 945 2024 eversum
969 1991 1101 2024 testatur

219 2037 404 2082 Eutropius
423 2062 431 2071 .
467 2038 653 2075 Eadredum
677 2064 688 2080 ,
727 2040 816 2083 quod
841 2040 1097 2083 Dunelmensem

41 2096 108 2125 αρ’
124 2098 151 2125 9-
166 2086 197 2118 8:
219 2086 457 2133 Episcopatum
481 2088 498 2122 a
511 2090 606 2134 Rege
624 2089 769 2131 emisset,
796 2090 888 2124 fuisse
909 2090 1013 2124 aDeo
1035 2100 1100 2132 per-

47 2140 92 2160 10·

53 3285 103 3320 ΕΡ·
121 3292 164 3316 20.

219 2139 347 2173 cussum
359 2147 456 2182 atque
466 2139 611 2173 occisum
623 2139 731 2173 scribit
752 2140 887 2176 Simeon
899 2139 1099 2173 Dunelmen-

222 2188 279 2221 fis.
305 2188 338 2222 A
350 2189 459 2224 nescio
471 2200 537 2233 quo
552 2189 700 2224 Ecclesiae
712 2190 890 2225 Gallicanae
910 2190 1098 2224 Simoniaco

222 2236 387 2281 Episcopo
410 2250 577 2280 nunquam
600 2240 761 2272 nominari
783 2240 923 2282 potuisse
945 2239 1098 2282 Spiritum

220 2285 377 2320 Sanctum
391 2311 402 2326 ,
427 2289 519 2331 supra
543 2289 637 2323 nobis
656 2288 740 2323 dixit
752 2290 884 2322 Sanctus
906 2288 1019 2322 Petrus
1033 2288 1098 2321 Da-

223 2336 348 2369 miani.
375 2335 545 2378 Ejusmodi
570 2339 718 2381 exempla
742 2338 929 2381 suntlonge
942 2338 1096 2381 plurima.

152 2378 163 2390 ''
216 2385 407 2419 „Simoniam
418 2385 517 2430 aliqui
538 2387 619 2420 olim
631 2388 852 2421 existimarunt
864 2388 946 2421 adeo
969 2386 1098 2422 detesta-

220 2434 323 2469 bilem
343 2459 354 2475 ,
380 2443 415 2468 ut
426 2447 560 2470 omnem
572 2435 589 2469 a
607 2437 796 2471 Simoniaco
815 2437 929 2472 datum
948 2438 1000 2471 vel
1012 2448 1098 2472 accev

221 2495 316 2529 ptum
333 2484 590 2518 Ecclesiasticum
613 2485 777 2521 Ordinem
803 2498 858 2521 aut
882 2486 1020 2531 quodvis
1046 2489 1099 2522 Sa-

217 2546 427 2569 cramentum
453 2534 627 2577 judicarint
650 2536 713 2570 esse
736 2537 863 2570 irritum
890 2549 928 2571 ac
952 2538 1098 2571 nullum.

223 2582 324 2618 Hauc
336 2584 455 2618 divino
478 2585 549 2627 Jure
570 2587 762 2620 censuerunt
773 2588 836 2621 effe
856 2598 985 2630 poenam
997 2587 1100 2621 Simo-

227 2633 287 2666 niae
299 2658 306 2665 .
332 2634 464 2668 sanstus
476 2634 682 2679 Augustinus
695 2648 760 2670 non
774 2636 792 2669 a
806 2637 875 2671 solo
889 2637 1097 2681 Baptismate,

229 2680 284 2712 sed
305 2684 401 2718 etiam
421 2684 439 2718 a
461 2684 722 2721 Confirmatione
748 2687 782 2721 ὅ(
804 2686 931 2721 Ordine
952 2688 1096 2731 imprimi

229 2726 437 2784 characterem
451 2734 658 2772 indelebilem
672 2761 682 2775 ‚
707 2737 853 2781 adeoque
864 2738 964 2771 etiam
986 2738 1027 2772 ab
1041 2736 1100 2771 hae-

227 2786 339 2833 reticrs
348 2778 421 2812 data
432 2792 537 2818 tenere
550 2807 560 2823 ‚
570 2787 603 2820 δε
614 2787 776 2820 exsufflari
791 2800 858 2820 non
874 2789 977 2829 posse,
1001 2788 1096 2822 docet

228 2825 422 2882 lucldlffim&
439 2829 472 2861 in
484 2832 604 2876 scriptis
629 2836 691 2870 suis
701 2837 869 2871 adversum
884 2838 1074 2871 Donatistas
1089 2863 1094 2870 .

227 2875 338 2909 Etiam
350 2877 368 2910 a
379 2878 494 2911 Sancto
506 2879 675 2919 Ambrosio
686 2886 811 2921 laudata
823 2887 979 2929 Capuana
992 2888 1096 2930 Syno-

226 2923 294 2982 dus.
309 2936 378 2959 non
401 2925 508 2960 solum
528 2931 792 2976 rebaptizationes
809 2961 821 2977 ,
847 2936 901 2971 sed
922 2938 956 2971 ὅ(
978 2938 1095 2971 reordi-

226 2985 381 3032 nationes
398 2975 535 3012 damnat
556 3003 568 3018 ‚
592 2993 723 3027 eamque
743 2988 978 3021 confirmarunt
1001 2988 1093 3021 tertia

228 3023 491 3070 Carthaginensis
504 3052 515 3067 ‚
539 3028 574 3061 &
595 3029 763 3070 Trecenfis
783 3037 842 3071 sub
867 3038 991 3080 Joanne
1012 3040 1093 3071 osta-

227 3085 271 3107 vo
282 3098 290 3106 .
316 3074 521 3110 Mattianum
534 3102 544 3116 ,
556 3079 727 3115 Naxitanae
738 3086 771 3117 in
779 3087 910 3128 Illyrico
922 3087 1007 3122 urbis
1020 3088 1093 3132 Epi-

227 3123 360 3166 scopum
373 3149 385 3165 ,
409 3125 465 3169 qui
475 3126 516 3160 ab
528 3127 660 3164 Bonoso
672 3130 863 3169 Photiniani
884 3138 997 3171 erroris
1018 3138 1093 3180 Epi·

225 3174 327 3216 :scopo
349 3184 424 3209 ante
449 3176 693 3213 damnationem
715 3181 883 3219 ordinatos
911 3186 1093 3221 reordinare

223 3222 416 3257 suadebatur
426 3224 445 3258 ὲ
455 3225 590 3262 Rustico
603 3228 933 3274 Pseudo-Presbytero
945 3259 956 3274 ‚
966 3247 1092 3279 compe·

224 3273 309 3307 scuit
321 3273 532 3313 Innocentius
544 3279 680 3321 primus.
693 3280 736 3314 Et
748 3282 788 3315 ad
800 3283 957 3325 joannem
970 3285 1093 3319 Raven-

225 3334 276 3356 nae
287 3322 541 3367 Metropolitam
551 3351 562 3366 ‚
587 3329 687 3371 quiin
698 3329 828 3364 Histrio
851 3333 949 3367 trium
962 3334 1092 3376 Capitu-

222 3371 332 3409 lorum
355 3373 523 3410 schismate
533 3375 700 3414 ordinatos
721 3379 905 3416 reordinare
916 3383 1044 3421 volebat.
1055 3396 1091 3419 ex

323 3423 433 3465 christ.
448 3429 527 3468 Lupi
538 3431 622 3469 Oper.
636 3431 712 3464 Tom-
722 3434 770 3465 IV.

1879 128 1945 166 99

1151 194 1259 228 nescio
1276 193 1365 237 cujus
1376 193 1505 228 alterius
1517 194 1672 237 Episcopi
1693 194 1843 240 exemplo
1854 220 1866 235 ,
1891 196 2010 239 scripfit

1152 243 1329 288 Gregorius
1346 244 1491 289 Magnus
1512 255 1520 275 ε
1549 243 1626 285 Abfit
1644 246 1663 276 ὰ
1684 245 1782 285 vestra
1803 246 2013 280 Fraternna'te
2032 256 2088 288 Lib.
2113 267 2139 285 2,

1145 293 1183 334 fic
1188 293 1293 336 sapere
1307 319 1313 325 .
1336 296 1355 326 5
1356 300 1415 327 icut
1425 299 1504 327 en'im
1514 293 1685 335 baptizatus
1692 293 1783 336 fimet
1794 307 1851 328 non
1870 296 1953 330 debet
1962 301 2017 328 ite·
2033 299 2082 335 Ep.
2101 305 2146 332 32·

1135 339 1138 342 ’
1151 354 1217 375 rum
1230 343 1401 384 baptizari,
1428 350 1472 377 ita
1482 350 1534 386 qui
1546 342 1726 386 consecratus
1747 344 1785 384 est
1791 343 1884 386 semel
1893 372 1903 387 ,
1931 352 1962 379 in
1974 357 2020 379 eo·

1153 393 1218 425 dem
1228 394 1330 425 ordine
1342 398 1449 425 iterum
1470 405 1525 426 non
1549 394 1635 427 debet
1650 393 1821 437 consecrari.
1851 396 1895 428 Et
1906 396 2019 430 Maxi-

1190 453 1244 476 um
1266 442 1492 476 Salonitanum
1514 443 1547 476 in
1562 443 1728 478 Dalmatia
1748 444 2020 487 Metropolitam,

1155 493 1188 525 ὅ(
1199 492 1387 526 Simoniaco
1398 493 1538 537 ingressu
1559 494 1591 526 &
1601 494 1665 528 alia
1678 494 1780 529 multa
1793 491 2021 538 praevaricatio-

1155 552 1195 575 ne
1217 540 1448 582 foeffisfimum,
1478 553 1546 575 non
1569 554 1624 584 per
1643 545 1942 584 reordinationem,
1969 543 2025 577 sed

1156 603 1209 635 per
1220 593 1321 626 solam
1333 591 1560 635 poenitentiam
1571 594 1727 635 reparavit
1738 595 1826 629 idem
1839 594 2025 639 Gregorius.

1156 644 1309 677 Sanctum
1329 643 1408 676 item
1428 639 1644 682 Ardiardum,
1671 642 1927 678 Namnetensem
1950 644 2029 687 Epi-

1157 693 1308 735 scopum,
1334 692 1391 734 qui
1413 691 1595 725 aGislardo
1617 692 1742 726 intruso
1763 693 1936 728 Britonum
1953 694 2029 737 Epi-

1157 743 1256 785 scopo
1277 741 1448 775 ordinatos
1468 741 1667 775 reordinarat
1688 767 1698 783 ‚
1724 743 1864 786 graviter
1883 743 2031 786 culpavit

1158 791 1318 826 Nicolaus
1332 791 1474 824 Primus.
1503 790 1710 834 Apertiffima
1721 793 1794 825 sunt
1807 791 1874 826 haec
1891 794 2033 828 testimo·
2050 803 2098 838 Ep,
2116 802 2165 834 56.

1160 842 1213 875 nia
1224 866 1231 873 .
1258 842 1307 875 lta
1319 852 1432 875 omnes
1446 866 1456 881 ,
1479 841 1502 874 fi
1515 843 1665 875 Sanctum
1679 841 1883 886 Cyprianum
1910 843 1944 875 ὃς
1956 844 2034 876 San-

1159 894 1246 927 dum
1259 891 1487 925 Firmilianum
1499 902 1574 925 cum
1595 892 1738 934 ipsorum
1749 891 1938 935 sequacibus
1949 892 2034 925 exci-

1161 943 1248 986 pias,
1275 942 1397 975 senfiffe
1409 940 1491 976 olim
1514 941 1663 976 Ecclefiae
1674 942 1853 983 Doctores,
1872 941 1967 985 possit
1991 940 2036 975 fa-

1160 992 1221 1027 cile
1232 991 1378 1026 ostendi.
1406 992 1497 1038 Qia
1507 1000 1617 1026 tamen
1636 992 1675 1026 de
1690 992 1851 1037 baptismo
1865 991 2037 1035 praesertim

1162 1042 1367 1088 Augustinus
1377 1041 1523 1085 loquitur
1533 1067 1543 1083 ,
1569 1042 1702 1084 quidam
1713 1043 1898 1077 mediorum
1909 1041 2040 1076 saeculo-

1163 1104 1235 1127 rum
1254 1092 1432 1136 Episcopi,
1457 1091 1526 1125 imo
1547 1092 1581 1126 δε
1605 1092 1752 1127 Romani
1775 1093 1959 1127 Pontifices
1984 1090 2040 1125 hic

1164 1142 1360 1177 haefitarunt.
1388 1142 1515 1176 Cunsta
1537 1141 1578 1175 ab
1601 1139 1776 1184 haereticis,
1808 1141 2042 1182 schismaticis,

1163 1192 1344 1238 degradatis
1365 1201 1421 1226 aut
1438 1192 1734 1227 excommunicatis
1758 1192 1922 1226 Ministris
1945 1191 2041 1229 data,

1165 1253 1272 1286 praeter
1291 1241 1440 1277 Chrisma
1458 1243 1492 1277 ὃς
1505 1242 1709 1287 Baptismum
1722 1268 1734 1283 ,
1759 1244 1966 1278 Sacramenta
1977 1251 2042 1274 cre-

1164 1291 1316 1327 diderunt
1327 1294 1389 1327 esse
1400 1293 1488 1327 irrita
1509 1294 1544 1327 δε
1555 1291 1754 1327 exsufflanda
1769 1318 1776 1325 .
1802 1292 1937 1326 Etenim
1953 1289 2046 1334 quod

1166 1342 1314 1377 Ceddam
1325 1342 1559 1377 Eboracensem
1574 1342 1868 1387 Archiepiscopum
1883 1367 1893 1383 ,
1913 1343 1932 1376 a
1942 1342 2046 1374 Wine

1165 1392 1322 1428 Ventanae
1334 1393 1477 1426 civitatis
1490 1392 1654 1436 Episcopo
1671 1393 1860 1428 Simoniaco
1884 1392 2049 1426 consecra-

1164 1452 1236 1477 tum
1247 1466 1258 1482 ,
1282 1442 1445 1477 resacrarit
1456 1440 1658 1475 Theodorus
1669 1442 1913 1476 Cantuarienfis
1932 1438 2048 1474 Archi-

1164 1494 1353 1536 episcopus,
1379 1489 1488 1525 scribit
1512 1489 1708 1534 Radulphus
1729 1489 1770 1524 de
1783 1490 1917 1524 Diceto.
1944 1490 2047 1523 Wine
2067 1485 2201 1514 Afl·⁶⁶⁶'

1164 1543 1389 1576 Simoniacum
1404 1564 1416 1580 ,
1444 1540 1476 1573 &
1489 1538 1636 1574 Ceddam
1663 1540 1878 1575 {Theodoro
1900 1540 1993 1574 fuiffe
2005 1551 2051 1574 re·

1164 1593 1403 1630 consecratum,
1426 1588 1500 1624 licet
1514 1590 1610 1623 istam
1628 1592 1758 1624 causam
1783 1590 1898 1625 diserte
1917 1602 1986 1624 non
1999 1601 2050 1623 ex-

1164 1642 1302 1686 primat,
1329 1640 1479 1675 adfirmat
1500 1641 1534 1673 in
1561 1639 1752 1685 Anglorum
1775 1641 1926 1674 Historia
1949 1642 2050 1674 etiam

1165 1691 1358 1725 venerabilis
1369 1690 1457 1724 Beda
1472 1716 1478 1722 .
1491 1692 1618 1725 Omnes
1628 1690 1708 1724 item
1720 1702 1774 1734 per
1790 1692 1949 1725 intrusum
1962 1690 2052 1725 Pon-

1165 1741 1287 1776 tificem
1317 1740 1577 1775 Constantinum
1603 1741 1773 1776 ordinatos
1801 1742 1990 1785 Episcopos
2011 1742 2046 1775 δε

1166 1792 1312 1826 Clericos
1326 1790 1442 1825 fuiffea
1456 1789 1620 1834 Stephano
1633 1801 1748 1834 quarto
1761 1791 1965 1825 reordinatos
1976 1816 1986 1832 ‚
2002 1801 2051 1824 at-

1165 1853 1228 1885 que
1241 1842 1408 1875 exsufflata
1420 1842 1531 1875 omnia
1548 1866 1559 1882 ‚
1587 1852 1694 1884 praeter
1705 1841 1856 1875 Chrisma
1880 1842 1912 1875 &
1925 1841 2050 1884 Baptis-

1166 1903 1278 1932 mum‚
1309 1891 1351 1926 ab
1366 1891 1434 1925 istis
1459 1889 1534 1925 data
1550 1892 1757 1926 Sacramenta
1774 1917 1784 1933 ‚
1810 1891 1923 1926 multis
1948 1892 2047 1925 refert

2068 1677 2100 1706 L.
2111 1687 2141 1712 4.
2160 1686 2186 1707 ς.
2199 1688 2225 1706 2,

2069 1719 2101 1747 L.
2111 1726 2137 1754 3.
2149 1726 2193 1748 c-z.
2203 1723 2228 1746 δ’.

1166 1943 1199 1976 in
1215 1942 1309 1985 hujus
1322 1943 1387 1975 vita
1411 1940 1597 1975 Anastafius
1614 1941 1892 1977 Bibliothecarius
1907 1966 1913 1974 .
1943 1941 2050 1989 Qod

1166 1992 1265 2025 etiam
1276 1991 1450 2025 Formosus
1462 1989 1647 2026 Portuensis
1667 1992 1844 2036 Episcopus
1857 2017 1868 2034 ‚
1894 1992 1971 2037 quia
1994 2002 2050 2035 per

1168 2042 1328 2084 joannem
1353 2043 1505 2075 octavum
1516 2040 1733 2087 degradatus,
1759 2043 1839 2077 dum
1860 2044 1893 2077 in
1908 2042 2049 2076 Pontifi-

1164 2102 1236 2125 cem
1248 2091 1366 2125 elee'tus
1378 2091 1464 2131 fuit,
1491 2091 1628 2136 seipsum
1649 2092 1760 2127 denuo
1780 2091 2045 2134 sacrarijusserit,

1164 2141 1266 2184 aliqui
1286 2141 1465 2175 affirmant.
1493 2143 1618 2175 Omnes
1642 2142 1877 2176 itemaLeone
1906 2143 2046 2180 ossava,

1164 2202 1260 2233 quem
1283 2190 1364 2225 laica
1377 2191 1514 2224 Ottonis
1537 2191 1631 2234 primi
1654 2191 1860 2234 Imperatoris
1887 2191 2047 2225 violentia

1166 2241 1324 2275 intrusum
1346 2239 1500 2273 dicebant
1524 2241 1623 2283 aliqui
1644 2265 1655 2280 ,
1680 2241 1851 2276 ordinatos
1876 2241 1970 2275 fuisse
1991 2252 2046 2284 per

1164 2292 1323 2334 Joannem
1345 2289 1579 2324 duodecimum
1601 2291 1805 2325 reordinatos
1821 2316 1832 2331 ,
1861 2291 1971 2326 scribit
1997 2291 2047 2324 Si·
2100 2305 2104 2321 κ

1163 2339 1310 2385 gobertus
1321 2340 1576 2374 Gemblacensis.
1609 2341 1796 2385 thuidem
1811 2342 1934 2376 Leonis
1947 2341 2043 2383 hujus
2064 2365 2116 2393 An.
2132 2369 2187 2401 965

1162 2392 1254 2424 causa
1279 2391 1419 2424 omnino
1443 2390 1570 2425 videtur
1594 2401 1662 2425 non
1685 2392 1778 2426 fuisse
1803 2404 1892 2436 aequa
1915 2417 1922 2424 .
1952 2392 2044 2426 Nam
2191 2385 2197 2393 '

1162 2441 1314 2474 sanetum
1337 2440 1504 2480 Leonem,
1531 2452 1630 2484 quem
1651 2454 1711 2476 nos
1734 2454 1860 2476 nonum
1873 2443 2016 2476 dicimus
2031 2467 2041 2482 ,

1163 2491 1196 2530 in
1210 2491 1314 2524 Sansti
1326 2490 1498 2525 Lanfranci
1514 2492 1582 2525 vita
1592 2491 1679 2525 Milo
1693 2492 1863 2534 Crispinus
1877 2516 1887 2532 ,
1915 2493 1949 2526 ὃς
1963 2493 2043 2526 Bec-

1162 2541 1261 2574 cenfis
1284 2541 1478 2575 Monasterii
1494 2539 1686 2575 Chronicon
1709 2542 1894 2576 constanter
1921 2554 2041 2576 vocant

1160 2593 1310 2625 odiavum
1333 2616 1339 2622 .
1367 2592 1419 2624 De
1441 2591 1558 2625 eodem
1582 2591 1679 2626 habet
1712 2592 1790 2626 liber
1815 2593 2038 2627 pontificalis:

1161 2643 1219 2674 Leo
1229 2642 1352 2674 aaavus
1367 2667 1376 2681 ,
1402 2644 1549 2685 quivulgb
1561 2654 1654 2676 nonus
1669 2651 1828 2685 perperam
1854 2650 2038 2676 nominatur.

1160 2690 1334 2738 Qidquid
1356 2692 1392 2724 sit
1418 2716 1429 2732 ‚
1457 2692 1547 2726 istius
1576 2692 1743 2727 ordinatos
1769 2694 1874 2727 dietus
1899 2694 2038 2736 Joannes

1159 2741 1267 2785 coegit
1280 2741 1319 2774 ad
1333 2739 1417 2775 hanc
1429 2742 1680 2776 Profeffionem:
1706 2746 1800 2777 Pater
1810 2755 1889 2777 meus
1902 2741 2037 2782 nihtlfibi

1159 2790 1261 2823 habuit
1273 2815 1284 2831 ,
1311 2790 1387 2824 nibil
1396 2791 1469 2824 mibi
1482 2793 1566 2825 dedit
1580 2818 1585 2823 .
1614 2793 1769 2836 Stephani
1786 2794 1889 2838 quarti
1903 2794 1936 2826 in
1949 2793 2037 2825 Con-

1159 2841 1291 2874 stantini
1314 2843 1424 2875 intrusi
1437 2843 1607 2876 ordinatos
1618 2844 1805 2886 exemplum
1829 2845 1860 2877 se
1874 2844 1960 2885 sequi
1974 2842 2037 2878 fuit

1159 2891 1351 2934 protestatus
1371 2917 1378 2924 .
1408 2891 1559 2926 Errorem
1583 2895 1708 2927 secutus
1727 2894 1772 2927 est
1802 2894 1834 2927 δε
1854 2891 2036 2934 Stephanus

1158 2942 1331 2984 septimus,
1358 2953 1474 2976 omnes
1496 2942 1538 2976 ab
1563 2942 1776 2978 Antecessore
1798 2945 1854 2976 suo
1866 2941 1929 2982 jam
1947 2941 2034 2975 dicto

1157 2992 1317 3025 Formoso
1336 2994 1541 3027 consecratos
1560 2993 1672 3027 denuo
1694 2993 1905 3026 consecrans.
1935 2992 2033 3024 Innu-

1157 3052 1278 3074 meram
1301 3042 1539 3085 Episcoporum
1553 3067 1562 3082 ,
1584 3043 1871 3083 Presbyterorum,
1898 3052 1934 3074 ac
1953 3041 2032 3074 Dia-

1156 3102 1317 3124 conorum
1342 3092 1589 3125 multitudinem
1610 3091 1702 3124 fuisse
1723 3091 1938 3125 reordinatam
1962 3115 1972 3130 ‚
1998 3092 2031 3125 &

1156 3150 1287 3173 omnem
1300 3140 1419 3182 ubique
1433 3141 1566 3173 Clerum
1578 3140 1616 3173 ad
1635 3141 1722 3174 idem
1734 3141 1857 3174 facinus
1879 3140 2032 3183 adjuvan-

1156 3190 1234 3224 dum
1261 3201 1298 3222 ac
1333 3190 1577 3233 propagandum
1604 3189 1789 3231 juramentis
1823 3191 2029 3231 adstrictum,

1156 3240 1305 3274 adfirmat
1316 3237 1473 3271 Auxilius
1485 3238 1654 3282 Presbyter
1665 3264 1675 3279 ,
1703 3240 1758 3283 qui
1771 3241 1804 3274 ὃ(
1818 3241 1883 3283 ipse
1894 3241 1933 3274 ad
1949 3252 2032 3274 reor-

1155 3289 1359 3323 dinationem
1378 3287 1574 3330 postulatus,
1601 3289 1715 3334 insigni
1738 3291 1908 3324 volumine
1923 3291 2031 3324 osten·-

1155 3338 1202 3372 dit
1216 3339 1379 3380 utriusque
1390 3337 1543 3381 Stephani
1555 3340 1673 3372 fastum
1687 3340 1778 3374 fuisse
1801 3341 2004 3375 temerarium
2016 3363 2027 3377 ,

1156 3388 1297 3432 avitique
1327 3387 1490 3433 dogmatis
1521 3401 1559 3423 ac
1584 3391 1681 3423 moris
1712 3390 2028 3469 praevaricatorium,

1551 3439 1586 3473 N
1638 3451 1659 3477 2
1901 3438 1978 3470 &i-
