2352 3736
560 206 630 237 ΒΕ
666 192 854 236 Reom
892 191 1272 234 Anrtsr1·TUM
1309 184 1763 235 Noumariontt

76 283 142 312 122.
165 284 221 309 c.6
248 278 280 310 &
295 274 469 309 Rebuffus.
500 273 543 308 Et
563 273 696 317 quidem
719 271 917 316 Rudolphus
941 271 1118 312 Imperator

247 336 306 359 aut
326 325 487 368 certeejus
509 323 627 368 posteri
640 323 908 357 consuetudinem
922 320 1013 353 istam
1026 330 1121 353 auxe-

249 385 340 410 runt.
367 374 468 422 Qod
489 375 578 409 enirn
604 373 731 408 Alberti
755 369 962 414 Imperatoris
974 367 1120 412 precibus

250 426 391 460 Ecclesia
404 426 586 459 Basileensis
596 423 719 458 dederit
737 430 799 454 tres
813 418 1005 454 Praebendas
1015 442 1025 457 ‚
1052 420 1121 452 scri-

250 476 299 509 bit
324 475 357 509 in
381 478 443 509 suis
468 474 654 509 Annalibus
668 470 820 505 Albertus
851 468 1120 513 Argentinenfis.

250 526 354 559 Erant
367 538 473 569 preces
481 533 606 559 armatae
616 548 627 564 ,
653 520 694 554 de
703 520 821 564 quibus
832 519 1052 553 Parifienfium
1065 516 1123 550 Ar-

250 575 418 619 chipraesul
432 575 546 609 Petrus
556 573 596 607 de
607 573 721 605 Marca
735 583 742 602 ε
770 571 944 606 Guilielmus
956 568 1124 608 Benedibli,

249 627 449 659 celeberrimus
468 620 709 668 jurisconsultus
732 646 743 661 ‚
779 622 910 662 affirmat
930 629 1032 662 preces
1053 620 1124 651 illas

250 676 398 719 babuisse,
424 672 570 707 &babere
591 671 715 713 debuiffi·
737 677 801 703 vim
811 675 927 712 imperii
937 671 1020 711 apud
1027 672 1124 700 Cano-

251 734 328 760 uicos
348 723 514 756 Eledlores.
543 723 587 756 Et
598 722 685 756 lucet
707 733 748 755 ex
762 720 930 754 formulari
953 717 1122 761 Rudolphi

250 772 452 817 Imperatoris
473 772 620 815 Epistola
642 786 649 804 :
683 774 829 804 Teneatur
851 771 1009 802 admittere
1032 792 1040 799 .
1068 768 1124 802 Et-

248 825 336 859 enim
359 822 511 866 antiquus
531 822 576 856 est
598 822 722 856 versus:
750 820 805 861 Est
832 830 916 852 orare
934 822 1047 851 Ducum
1059 816 1125 860 spe-

246 880 304 908 cies
316 873 446 905 violenta
448 870 575 913 jubendi
588 896 595 903 .
617 872 730 919 Qare
743 869 904 911 eiusmodi
929 880 1035 912 preces
1060 867 1123 901 Ca—

245 922 444 956 nonicarum
470 922 666 955 electionum
690 921 722 954 δε
742 919 961 954 collationum
981 917 1123 952 libertati

245 982 445 1017 repugnare,
472 983 510 1005 ao
532 971 686 1006 inducere
706 969 898 1004 elestionem
922 980 977 1012 per
987 967 1123 1002 abusum

246 1022 355 1056 Laicae
374 1021 540 1065 potestatis
554 1046 566 1062 ‚
590 1033 657 1054 non
670 1020 715 1054 est
734 1019 953 1053 dubitandum
965 1044 972 1051 .
1002 1019 1124 1052 Earum

246 1083 358 1107 tamen
380 1071 586 1105 consuetudo
608 1071 711 1105 erevit
722 1069 920 1112 pedetentim
933 1093 943 1108 ,
969 1069 1001 1103 ec
1015 1069 1123 1111 serpsit

247 1122 289 1156 ad
313 1122 429 1166 Regna
451 1122 564 1156 omnia
586 1134 595 1154 z
622 1121 718 1155 etiam
741 1119 783 1153 ad
806 1118 974 1153 Abbatum
996 1118 1031 1152 ὃς
1051 1118 1127 1161 Epi-

246 1173 420 1216 scoporum
440 1171 611 1205 electiones
636 1195 643 1202 .
672 1168 765 1217 Qin
789 1169 823 1202 δε
845 1170 926 1212 ipsas
948 1167 1124 1211 probarunt

247 1221 377 1256 Sanflio
398 1220 593 1266 pragmatica
623 1221 658 1254 &
683 1218 835 1262 Synodus
850 1219 1048 1252 Basileensis.
1076 1218 1122 1250 Ita

247 1272 367 1306 callida
389 1270 547 1315 iniquitas
571 1270 719 1304 adversus
740 1269 885 1310 quemvis
905 1267 1052 1302 Ecclesiae
1065 1268 1126 1300 Ca-

247 1331 373 1355 nonem
385 1321 507 1364 semper
518 1320 596 1355 facit
607 1330 662 1354 aut
673 1319 788 1362 reperit
799 1319 935 1361 primam
949 1316 1106 1361 irrependi
1116 1341 1123 1347 .

248 1371 294 1405 Et
318 1371 452 1415 cogitur
470 1370 613 1405 Ecclesia
633 1368 846 1404 diffimulare.
874 1369 918 1402 Et
933 1368 1047 1402 haecest
1059 1378 1124 1400 una

248 1431 291 1454 ex
316 1421 413 1454 causis
428 1444 439 1459 ‚
464 1420 508 1454 ob
518 1431 597 1463 quas
619 1421 652 1454 in
665 1420 719 1452 sua
741 1418 999 1452 cumFrancisco
1019 1416 1124 1459 primo

249 1470 452 1503 Francorum
462 1470 554 1514 Rege
563 1467 773 1504 Concordata
795 1467 866 1509 Leo
885 1466 1029 1502 decimus
1040 1466 1126 1501 Ron-

249 1520 335 1554 tifex
346 1519 473 1553 facilior
484 1519 644 1555 consensit
655 1544 662 1558 ,

78 543 207 580 R.1301.

73 739 102 769 I.-
113 741 138 768 6⁷
149 747 171 768 c.
181 750 208 776 9.

396 1793 743 1843 CAPUT
813 1794 972 1841 VIII.

361 1930 625 1998 „Expediamur
637 1935 757 1981 variae
782 1930 985 1997 quaestiones
996 1965 1009 1977 .

342 2069 470 2103 Uaestio
482 2071 584 2113 prima
594 2071 639 2104 est
653 2094 664 2110 ,
690 2069 759 2104 ana
778 2070 924 2115 Regibus
935 2068 1121 2113 postulanda

364 2119 508 2164 eligendi
528 2120 660 2154 licentia
672 2120 852 2155 adversetur
872 2121 964 2153 sacris
977 2119 1124 2153 Canoni-

382 2170 441 2203 bus
463 2172 496 2204 &
520 2169 749 2204 Ecclefiasticae
775 2170 917 2204 libertati
940 2172 952 2203 ?
979 2170 1125 2211 Respon-

246 2218 311 2252 deo
332 2219 508 2254 adversari.
536 2220 668 2254 Etenim
690 2220 838 2254 Brunoni
853 2220 1043 2253 Trevirensi
1066 2219 1122 2251 Ar·

246 2267 454 2312 chiepiscopo
479 2293 489 2308 ‚
522 2271 661 2304 Henrici
698 2271 807 2313 quinti
833 2268 1038 2310 Imperatoris
1066 2279 1123 2310 pro

245 2318 484 2360 componendis
493 2319 686 2353 investiturae
698 2319 811 2354 litibus
832 2319 871 2352 ad
885 2317 1070 2351 Paschalem
1083 2318 1124 2351 se·

245 2368 393 2401 cundum
406 2368 439 2401 in
452 2368 577 2401 Gallias
587 2369 714 2413 Legato
728 2393 739 2409 ‚
777 2369 943 2402 licentiam
960 2367 1051 2401 istam
1063 2369 1124 2401 effe

245 2417 504 2459 antiquissimum
523 2417 653 2461 Imperii
678 2418 726 2461 jus
744 2420 933 2461 peroranti,
958 2417 1043 2460 apud
1067 2416 1126 2451 Su-

245 2468 371 2510 getium
395 2467 559 2501 Abbatern
583 2468 613 2500 in
631 2469 695 2501 vita
718 2467 998 2502 LudoviciGroffi
1020 2468 1124 2510 Regis

244 2518 445 2550 Francorum
457 2518 621 2559 respondit
635 2516 780 2551 laudatus
801 2517 955 2551 Pontifex
970 2516 1125 2558 Ecclefiam
1142 2514 1145 2531 ι

242 2565 367 2610 prenoso
371 2570 399 2611 J
404 2564 450 2610 esu
461 2566 573 2607 Christi
590 2565 735 2610 sanguine
745 2567 931 2608 redemptam
955 2566 1124 2599 &liberam
1141 2539 1146 2589 l

247 2615 430 2653 constitutam
442 2641 453 2656 ,
481 2618 559 2650 nullo
580 2618 663 2649 modo
682 2623 787 2650 iterato
810 2618 948 2650 ancillari
964 2624 1098 2656 voportere
1111 2630 1121 2649 .-

250 2665 282 2694 Si
292 2669 468 2706 Imperatore
484 2665 639 2709 inconsulto
653 2668 817 2700 Praelatum
843 2668 944 2710 eligere
957 2677 1014 2698 non
1020 2666 1100 2708 posfit
1111 2691 1121 2706 ‚

251 2711 359 2754 caffara
378 2716 485 2756 christi
508 2724 600 2750 morte
620 2740 630 2756 ,
657 2725 684 2750 ei
702 2715 853 2759 serviliter
871 2716 1045 2759 subiacere.
1077 2717 1120 2750 Et

251 2759 396 2796 Abbates
419 2776 484 2798 non
507 2766 546 2800 ad
558 2766 657 2800 solam
678 2766 801 2811 Regis,
828 2766 881 2800 sed
903 2766 943 2800 ad
968 2766 1119 2809 Episcopi

251 2810 553 2854 insuperjuffionem
563 2816 641 2859 eligi
653 2815 818 2850 mandavit
829 2815 905 2850 ante
924 2816 1036 2850 Caroli
1049 2816 1119 2848 Ma·
1133 2845 1135 2848 .

250 2861 313 2904 gni
340 2861 457 2894 faciem
486 2863 633 2903 synodus
663 2866 959 2901 Francosordiensis
977 2891 984 2898 .
1013 2866 1056 2899 Et
1084 2866 1119 2898 in

251 2909 385 2943 laudato
398 2911 538 2953 superius
557 2912 597 2946 de
616 2915 827 2950 electionibus
849 2917 1035 2960 fragmento
1048 2915 1120 2948 Flo·

82 2972 157 3002 Can.
172 2980 212 3004 17,

252 3009 473 3043 Ministerium
492 3011 584 3043 suum
601 3009 769 3048 dumtaxat
787 3015 902 3049 debere
923 3015 1097 3058 adjungere
1109 3039 1118 3054 ,

253 3070 321 3091 nou
347 3059 504 3101 praeferre.
534 3060 573 3092 Ei
598 3060 704 3101 nihil,
731 3063 764 3096 &
781 3065 912 3106 quidem
936 3076 991 3108 per
1012 3065 1118 3097 indul-

252 3109 398 3153 gentiam
416 3110 450 3143 de
468 3110 738 3143 consuetudinem
751 3135 761 3150 ‚
788 3115 937 3160 asseverat
957 3125 1118 3157 compete-

253 3170 287 3191 re
308 3181 318 3195 ‚
343 3158 398 3191 nisi
421 3158 523 3192 solum
551 3160 639 3192 fastae
660 3160 828 3194 electionis
853 3162 1008 3196 assensum
1029 3188 1036 3195 .
1078 3164 1119 3195 Et

254 3208 431 3241 Ecclesiam
452 3207 711 3243 Normandicam
732 3234 742 3249 ,
767 3209 847 3243 dum
877 3210 1020 3245 Abbates
1055 3213 1119 3245 sine

254 3257 369 3300 praevia
389 3258 443 3290 sua
464 3256 596 3292 licentia
614 3259 692 3303 eligi
716 3261 853 3302 permifit
864 3259 1047 3294 Richardns
1059 3263 1118 3303 pri-

253 3317 326 3341 mus
348 3307 423 3340 Rex
447 3304 654 3351 Anglorum,
680 3308 697 3341 ὲ
721 3320 837 3353 magna
856 3310 1006 3344 servitute
1028 3310 1119 3345 fuiffe

255 3357 423 3391 liberatam
435 3356 518 3390 dixit
529 3356 624 3391 nobis
643 3358 731 3401 supra
745 3371 784 3392 ex
805 3359 905 3392 totius
927 3358 1119 3403 Anglicanae

256 3407 405 3441 Ecclefiae
422 3407 513 3440 sensu
535 3405 711 3441 Matthaeus
730 3409 909 3442 parisiensis
927 3434 933 3441 .
962 3409 1005 3443 Et
1029 3410 1118 3453 supra

254 3455 421 3493 iaudatum
439 3455 583 3499 Philippi
609 3455 750 3501 Augusti
784 3459 886 3493 simile
913 3459 1117 3505 privilegium

351 3506 456 3546 christ.
473 3510 550 3549 Lupi
562 3511 647 3549 Oper.
659 3510 793 3542 Tom.1V.

1890 202 1981 249 145

1184 270 1334 304 maximis
1367 270 1431 304 suis
1452 269 1654 304 libertatibus
1684 271 1806 313 semper
1828 271 2056 305 annumeravit

1188 320 1326 354 Ecclesia
1359 320 1579 356 Atrebatenfis
1598 346 1605 353 .
1635 321 1804 368 animo
1830 321 1977 355 adversus
1999 321 2058 354 Pa·

1186 367 1299 403 schalis
1320 371 1453 404 secundi
1477 370 1647 405 &Calixti
1664 369 1818 409 secundi,
1844 372 1899 413 qui
1910 370 2058 406 Vezelia-

1186 420 1313 453 censem
1331 419 1491 454 Abbatem
1516 421 1554 454 de
1566 420 1680 464 praevia
1691 419 1912 454 Cluniacensis
1923 421 2057 455 licentia.

1185 469 1367 505 &consilio
1386 470 1466 514 eligi
1491 479 1727 514 praeceperant,
1754 470 1891 504 Decreta
1914 471 1953 503 ad
1977 471 2057 504 Gui-

1186 520 1333 553 lielmum
1355 519 1476 553 laudati
1489 519 1722 554 Vezeliacenfis
1741 519 1936 554 Monasterii
1950 518 2058 555 Abba-

1185 580 1250 603 tem
1261 595 1269 609 ‚
1284 569 1394 603 scribit
1408 570 1441 601 in
1454 568 1542 601 illius
1553 568 1724 604 Chronico
1734 569 1921 604 Alexander
1930 571 2057 605 tertius.»

1185 623 1349 652 statuimus
1370 627 1403 651 ut
1414 617 1543 655 vestrum
1564 618 1773 657 Monasterium
1792 619 1989 661 Cluniacsnfis
2000 624 2060 653 Ec·

1181 668 1271 710 'c‘lefiae
1294 675 1326 701 in
1338 669 1416 701 nullo
1433 669 1551 710 penitus
1562 666 1718 710 subjacere
1739 670 1845 703 debeat
1858 695 1869 711 ,
1895 672 1931 705 Ca·
1950 669 2060 704 elemo-

1185 731 1252 752 nem
1270 724 1315 751 ita
1337 718 1461 752 liberam
1477 726 1532 759 per
1544 722 1643 750 omnia
1662 716 1798 750 habeatis
1813 744 1822 758 ‚
1842 730 1876 752 ut
1886 722 2060 754 cluniacen·
2078 728 2137 761 μοι,
2168 738 2235 765 572·

1178 768 1252 809 sium
1271 767 1422 801 Abbatum
1441 766 1584 807 consilium
1606 765 1810 809 velconsenfias
1827 771 1903 800 nullo
1923 772 2007 803 modo
2015 783 2060 804 re-

1186 825 1323 860 quiratur
1348 843 1355 850 .
1385 818 1474 865 Qia
1497 828 1612 860 nempe
1635 829 1703 851 non
1728 816 1827 851 solius
1850 819 1941 851 Laici
1968 844 1977 858 ‚
2007 820 2059 854 sed

1185 868 1294 902 omnis
1304 866 1452 902 extranei
1465 880 1527 902 con
1533 869 1638 901 sensus
1657 867 1769 911 praevie
1779 868 1962 911 requirendi
1975 868 2061 902 debi-

1186 929 1256 952 tum
1272 918 1317 950 est
1341 918 1456 962 jugum
1466 918 1550 952 durae
1568 918 1749 952 servitutis.
1778 917 1820 951 Et
1833 916 1912 952 hinc
1922 920 2061 958 merito,

1186 969 1220 1002 &
1231 967 1420 1002 sanffiffime
1442 969 1524 1001 olim
1535 967 1576 1002 ad
1596 967 1877 1002 Tarraconensem
1891 967 2063 1011 Archiepi-

1188 1020 1337 1062 scopum,
1370 1020 1563 1061 caeterosque
1574 1017 1684 1062 Regni
1703 1019 1750 1052 sui
1765 1018 1944 1062 Episcopos
1957 1044 1967 1058 ,
1995 1018 2063 1052 Ab·

1189 1068 1298 1109 bares,
1323 1069 1505 1107 &aliarum
1530 1068 1745 1102 Ecclesiarum
1767 1070 1920 1103 Restores
1942 1069 2063 1113 scripsit

1188 1118 1301 1152 Petrus
1320 1119 1395 1153 Rex
1419 1118 1612 1162 Aragoniae:
1641 1122 1715 1162 Regi
1737 1123 1846 1162 Regum
1868 1142 1878 1157 ,
1900 1127 1957 1161 per
1979 1130 2063 1162 quem

1188 1172 1280 1211 Reges
1292 1178 1420 1211 regnant
1432 1193 1442 1209 ,
1453 1174 1651 1207 reverentiam
1663 1168 1794 1201 debitam
1804 1168 1978 1202 exhibentes
1991 1194 2002 1209 ,
2028 1170 2063 1202 (5

1186 1217 1279 1261 spons
1274 1231 1299 1252 ae
1310 1221 1374 1259 ejus
1385 1241 1395 1257 ,
1415 1217 1529 1260 sam‘lae
1540 1219 1675 1251 videlicet
1691 1217 1825 1259 Ecclefiae
1839 1242 1850 1258 ,
1875 1224 2022 1262 integram
2031 1219 2066 1249 li-

1188 1269 1329 1301 bertatem
1347 1267 1519 1311 conservare
1544 1268 1674 1301 volentes
1686 1293 1697 1308 ,
1720 1270 1868 1310 peffimam
1885 1267 2067 1311 consuetudi·

1189 1330 1254 1351 nem
1275 1321 1294 1350 ῐι
1307 1317 1388 1350 nobis
1409 1317 1550 1352 haelenus
1573 1317 1800 1360 conservatam,
1826 1331 1887 1360 qua
1899 1319 2066 1353 clemonem

1192 1370 1389 1402 Praelatorum
1405 1367 1469 1409 fine
1491 1367 1581 1408 nostro
1590 1366 1698 1408 confilio
1719 1369 1753 1402 Θ
1776 1366 1888 1410 affenfic
1909 1370 2067 1410 procedere

1189 1430 1244 1450 non
1250 1418 1497 1460 permittebamus
1511 1441 1522 1456 ,
1538 1429 1636 1450 amore
1649 1421 1707 1451 Dei
1734 1420 1768 1450 67
1780 1416 1898 1459 sanHae
1912 1417 2046 1458 Ecclesr‘ae
2058 1442 2070 1457 ‚

1189 1470 1284 1510 &pro
1294 1468 1420 1500 remedio
1429 1474 1539 1498 animae
1551 1466 1654 1506 nostrae
1666 1490 1677 1505 ,
1698 1474 1860 1507 parentum
1881 1465 2039 1506 nostrorum
2054 1491 2066 1507 ‚

1186 1519 1373 1551 relaxamus.
1405 1514 1691 1550 Consuetudinem
1710 1514 1803 1549 istam
1829 1516 1949 1550 fatetur
1975 1517 2068 1551 fuisse

1189 1567 1352 1611 pessimam
1365 1591 1372 1597 .
1399 1565 1444 1598 Et
1457 1564 1535 1598 binc
1553 1565 1637 1598 inter
1649 1575 1785 1605 omneS,
1813 1576 1897 1608 quos
1917 1567 2070 1602 Decreta-

1190 1617 1272 1652 libus
1295 1617 1363 1651 suis
1386 1615 1567 1660 Gregorius
1588 1626 1696 1649 nonus
1718 1615 1852 1650 inseruit
1876 1641 1886 1657 ‚
1913 1617 2070 1651 Canones

1187 1670 1296 1703 nullus
1319 1666 1405 1701 hanc
1426 1665 1697 1702 consuetudinem
1717 1665 1868 1711 Regibus
1889 1668 2065 1712 permittit.

1186 1718 1354 1770 Qinimo
1368 1716 1409 1751 de
1422 1717 1563 1753 Ecclesia
1577 1717 1804 1754 conventuali
1818 1717 1996 1753 Patronata
2011 1718 2071 1752 sta-

1187 1772 1249 1804 tuit
1264 1769 1332 1803 illic
1345 1769 1500 1804 Clemens
1513 1770 1627 1804 tertius
1639 1785 1651 1804 :
1676 1775 1713 1803 In
1723 1771 1924 1804 conventuali
1943 1768 2070 1811 Ecclesia
2090 1777 2148 1809 Lib,
2160 1786 2185 1815 3‚
2204 1779 2255 1810 tit-¹

1188 1831 1243 1852 non
1259 1819 1391 1853 etea‘liont
1406 1820 1691 1861 Praelatifaciendae
1703 1845 1713 1861 ‚
1735 1820 1795 1863 sed
1796 1822 1867 1861 jam
1875 1819 1974 1861 faHae
1987 1818 2070 1853 bone·
2091 1823 2134 1857 38.
2145 1828 2170 1851 c·
2181 1828 2227 1857 ις,

1180 1870 1257 1911 flius
1272 1872 1397 1903 Patroni
1403 1870 1565 1912 postulatur
1590 1869 1736 1914 assensus.
1763 1870 1834 1905 Soli
1845 1868 2012 1909 Patrono,
2037 1871 2070 1904 δε

1188 1919 1320 1964 quidem
1333 1931 1422 1964 aegrae
1435 1920 1583 1963 indulget
1595 1921 1690 1954 istam
1702 1919 1937 1955 authoritatem
1946 1946 1954 1952 .

1238 1970 1351 2005 Altera
1363 1971 1497 2014 quaestio
1510 1971 1554 2004 est
1566 1993 1576 2009 ‚
1601 1971 1678 2017 Qa
1690 1971 1861 2005 occasione
1876 1971 1927 2005 vel
1938 1983 2005 2015 quo
2018 1983 2072 2006 co-

1187 2020 1254 2054 lore
1265 2021 1374 2065 Reges
1395 2020 1487 2054 istam
1507 2019 1741 2055 authoritatem
1763 2021 1965 2056 invaserint?
1994 2023 2074 2056 Res-

1187 2069 1317 2112 pondeo
1351 2070 1498 2104 colorem
1535 2071 1568 2104 in
1601 2070 1840 2105 Vezeliacensis
1872 2071 2071 2105 Monasterii

1185 2120 1380 2154 fundatione
1403 2121 1554 2164 assignari
1575 2119 1594 2152 ὲ
1610 2121 1758 2154 Gerardo
1780 2120 1917 2155 Comite
1938 2146 1950 2162 ‚
1979 2132 2072 2155 man·

1185 2170 1285 2202 dante
1296 2170 1364 2212 ejus
1378 2168 1543 2203 Abbatem
1557 2170 1679 2212 semper
1690 2169 1767 2214 eligi
1782 2195 1792 2209 ‚
1820 2181 1884 2202 cum
1907 2176 2074 2215 interroga-

1184 2223 1260 2252 tione
1280 2218 1433 2260 &confilio
1451 2217 1620 2261 sanllorum
1631 2223 1783 2252 Virorum.
1812 2220 1866 2253 Ex
1891 2221 2073 2265 antiquiffi-

1185 2280 1242 2302 mo
1266 2268 1356 2302 enim
1380 2279 1471 2302 more
1485 2268 1614 2302 viduata
1635 2269 1802 2309 Ecclesia,
1830 2280 2006 2314 antequam
2028 2272 2072 2306 ad

1185 2318 1379 2353 electionem
1403 2318 1557 2362 procedat
1589 2343 1598 2358 ,
1626 2318 1735 2353 audire
1766 2319 1848 2354 solet
1871 2321 2070 2365 Metropoli-

1186 2378 1275 2409 tam,
1302 2369 1431 2402 vicinos
1443 2369 1643 2411 Episcop0s‚
1672 2369 1841 2411 Abbates,
1869 2382 2009 2405 necnon
2035 2372 2070 2406 &t

1186 2419 1270 2453 alios
1292 2419 1376 2452 viros
1412 2418 1586 2461 prudentes
1613 2419 1645 2452 &
1667 2420 1793 2454 sanstos
1815 2445 1822 2452 .
1847 2419 2066 2456 Provincialis

1189 2468 1431 2511 Metropolitae,
1443 2476 1562 2502 vacans
1573 2468 1832 2513 Metropolitana
1846 2471 1990 2505 Ecclesia
2002 2471 2069 2505 Pri-

1188 2519 1267 2552 mati
1291 2527 1346 2551 aut
1358 2516 1548 2551 Patriarchae
1571 2518 1694 2553 solebat
1706 2532 1743 2553 ac
1760 2520 1899 2554 debebat
1912 2521 2067 2566 Episcopi

1188 2569 1234 2602 sui
1249 2578 1389 2602 mortem
1415 2579 1492 2602 mox
1504 2568 1672 2609 intimare,
1701 2569 1927 2615 postulareque
1945 2572 2068 2616 eligen-

1187 2618 1221 2651 di
1240 2617 1406 2652 licentiam
1422 2642 1431 2657 ,
1461 2630 1520 2652 nec
1542 2629 1611 2652 non
1630 2620 1663 2652 &
1683 2620 1883 2664 Episcopum
1910 2620 2066 2656 Visitato-

1186 2679 1274 2709 rem,
1297 2669 1354 2712 qui
1369 2669 1519 2702 elestioni
1544 2669 1682 2704 direflor
1703 2669 1893 2713 praesideret.
1921 2671 2065 2705 Italucet

1185 2728 1226 2750 ex
1234 2718 1381 2761 plurimis
1394 2719 1515 2762 Magni
1529 2718 1683 2763 Gregorii
1698 2720 1850 2763 Epistolis
1860 2746 1870 2760 ,
1897 2732 1937 2754 ex
1949 2719 2065 2754 Adria-

1185 2768 1219 2800 ni
1234 2769 1328 2811 primi
1353 2767 1393 2801 ad
1406 2768 1564 2802 Carolum
1588 2769 1754 2814 Magnum
1767 2770 1912 2813 Epistola
1932 2768 1972 2804 de
1982 2771 2065 2804 anti-

1183 2829 1246 2861 qua
1266 2819 1505 2851 consuetudine
1526 2819 1730 2853 Ravennatis
1762 2819 1909 2854 Ecclefiae.
1928 2844 1938 2859 ‚
1964 2821 1997 2854 &
2020 2831 2061 2854 ex

1184 2867 1351 2901 Gallicani
1375 2868 1616 2910 Episcopalium
1641 2871 1890 2912 promotionum
1912 2870 2061 2903 formulis

1183 2917 1267 2960 apud
1295 2917 1450 2961 Jacobum
1473 2918 1681 2952 Sirmondum
1702 2946 1709 2952 .
1738 2920 1830 2953 Hinc
1851 2931 1930 2963 ergo
1953 2920 2061 2964 Reges

251 2970 305 2993 rus
324 2959 481 3003 Magister
506 2961 552 2993 ait
573 2961 697 3005 Regem
729 2966 764 2999 in
785 2965 953 3000 elee‘tionis
981 2968 1118 3009 negotio
1144 2969 1280 3016 feriam
1318 2968 1349 3001 se
1363 2992 1373 3007 ,
1399 2968 1486 3011 quod
1516 2967 1669 3012 Episcopi
1690 2970 1723 3002 ὃς
1742 2969 1889 3002 Abbates
1911 2969 1972 3002 sint
1994 2971 2061 3003 avi-

1163 3017 1252 3063 }tum
1280 3028 1347 3060 non
1371 3018 1470 3051 solius
1498 3017 1645 3051 Ecclesiae
1676 3042 1688 3058 ,
1714 3018 1767 3051 sed
1801 3019 1835 3050 ὅς
1859 3017 2059 3061 Reipublicae

1181 3063 1364 3100 membrum
1390 3091 1400 3106 ‚
1427 3066 1600 3101 voluerunt
1623 3067 1656 3099 in
1678 3068 1822 3108 ipsorum
1843 3067 2058 3104 electionibus

1181 3116 1284 3149 audiri
1301 3139 1307 3145 .
1336 3116 1379 3147 Et
1390 3115 1524 3155 quidem
1539 3117 1767 3149 Rornanorum
1779 3116 1944 3160 Augusti,
1966 3119 2055 3162 quod

1182 3163 1352 3199 vastissima
1367 3165 1441 3197 estet
1454 3165 1586 3206 Imperii
1599 3165 1723 3204 moles,
1750 3166 1859 3207 quoad
1880 3168 1981 3202 solam
1994 3170 2056 3203 ele-

1181 3216 1325 3249 stionem
1343 3212 1602 3247 Patriarcharum
1625 3226 1662 3248 ac
1673 3214 1854 3249 Primatum
1875 3216 2055 3261 Episcopo-

1181 3276 1274 3303 rum,
1301 3263 1515 3296 Barbarorum
1538 3274 1645 3298 autem
1670 3264 1780 3308 Reges
1801 3267 1910 3308 quoad
1924 3268 2055 3311 Episco-

1182 3326 1240 3358 pos
1262 3312 1455 3346 &Abbates
1474 3322 1606 3347 omnes.
1635 3313 1764 3357 thuia
1785 3317 1884 3350 etiam
1907 3319 2053 3352 nomina-

1181 3363 1284 3397 tionis
1305 3362 1360 3395 fibi
1386 3362 1435 3405 jus
1455 3362 1670 3407 arrogabant,
1697 3364 1905 3400 Canonicam
1929 3368 2053 3400 elestio-

1183 3424 1256 3446 nem
1268 3413 1461 3445 censuerunt
1483 3413 1545 3446 esse
1558 3414 1649 3447 suum
1661 3413 1822 3458 singulare
1834 3416 2028 3450 beneficium
2040 3440 2052 3456 ,

1183 3464 1320 3503 ideoque
1342 3473 1397 3506 per
1407 3462 1577 3507 singulares
1589 3475 1697 3508 preces
1709 3466 1842 3510 singulis
1858 3463 1980 3500 vicibus
1994 3465 2053 3500 im-

1603 3513 1640 3546 T
1936 3514 2005 3559 plo-
