2352 3736
382 139 473 199 358

353 226 481 264 Verum
494 235 565 260 mos
585 220 644 256 iste
661 222 759 257 etiam
781 218 868 266 apud
880 220 1010 254 Gra-cos
1030 228 1101 254 nou
1120 219 1183 254 fuit

303 277 511 317 universalis.
539 273 673 307 Etenim
694 272 864 307 adversum
885 266 1091 304 Christianos
1114 269 1184 303 An-

302 329 475 367 tiochenos
485 349 496 365 ‚
522 324 540 358 ὲ
552 322 674 366 quibus
685 322 811 356 hircina
823 319 892 363 ejus
903 319 1003 355 barba
1021 316 1184 355 derideba-

303 392 376 418 tur,
402 373 513 409 scribit
523 374 559 408 in
570 374 794 416 Misopogone
817 371 997 414 Imperator
1022 369 1183 413 Julianust

890 131 1554 184 DISSERTAT,10.

1245 223 1367 257 moniis
1387 247 1394 254 .
1434 224 1589 260 Affirmat
1609 247 1620 263 ,
1656 226 1733 263 licet
1753 239 1795 263 ex
1816 232 1914 266 caufis
1943 233 2123 277 improbet·,·

1245 272 1341 306 isthic
1355 274 1448 307 fuifle
1459 275 1563 318 plures
1575 276 1696 320 ubique
1707 277 1868 313 Rasorum
1879 281 2024 318 officinas
2033 309 2040 317 .

1293 324 1360 369 Qi
1367 335 1386 356 n
1401 325 1469 358 imo
1479 327 1520 359 de
1530 327 1726 369 Imperatore
1739 327 1895 362 Heraclio
1905 327 2013 365 scribit
2022 334 2125 368 Geor-

1244 372 1316 416 gius
1328 374 1497 409 Cedrenus
1513 389 1522 409 .·
1551 378 1705 410 Heraclius
1716 377 1813 411 barba
1820 378 1883 420 fuit
1889 380 1954 412 lata
1965 389 2053 422 atque
2058 392 2126 424 pro-

302 435 354 464 Ne
373 424 528 470 quisquam
549 424 690 465 existimet
702 433 748 455 me
760 432 798 455 lx
818 421 972 456 771άῖθᾶὶῖἶο
989 420 1038 462 isto
1051 419 1185 465 gra'vius
1243 426 1309 457 lixa
1321 448 1333 463 ‚
1355 424 1414 468 sed
1421 422 1692 468 Imperatorfad'us
1704 430 1849 471 extemplo
1859 438 1970 462 comam
1979 433 2105 465 totondit
2114 456 2128 473 ,

300 481 490 513 commoveri.
518 473 584 517 Ipse
594 479 674 508 enim
694 470 813 516 causam
834 481 1004 516 praetereo‚
1030 477 1082 514 qui
1099 470 1187 505 hirco-

299 527 467 570 rumst’mile
486 533 618 557 mentum
635 535 727 567 gero,
752 524 817 556 cum
835 524 934 566 poffim
955 523 1006 556 hoc
1032 523 1110 557 laeve
1122 523 1188 566 gla-

299 576 442 621 brumque
462 574 566 616 efficere
579 599 590 615 ‚
615 576 701 617 quale
712 572 821 606 babent
833 573 959 616 formosi
971 578 1058 616 pueri
1082 573 1188 617 amnesi

277 670 280 674 ι
299 641 359 673 que
369 629 505 661 mulieres
518 652 528 668 ,
555 632 587 658 in
598 625 704 668 quibus
718 633 828 658 natura
849 624 920 666 inest
939 624 1079 657 amabilis
1103 625 1189 657 decor

297 678 501 718 &venustas.
530 680 618 709 Nam
628 687 681 709 vos
693 681 725 708 in
740 673 887 717 J‘eneo‘lute
906 674 1003 715 vestra
1028 681 1118 708 etiam
1139 686 1188 708 ve-

293 728 368 771 stros
380 729 501 763 Liberos
512 730 675 760 imitamini
689 751 698 765 ‚
710 727 744 759 (5
753 733 809 767 pro
818 725 871 765 ista
881 725 979 765 vestra
992 726 1190 765 delicatifflma

297 774 368 817 vita
379 806 390 823 ,
415 776 792 820 &fimpliciffimisfortaffe
799 774 927 808 moribus
941 800 952 815 ‚
972 774 1102 816 studiose*
1113 777 1192 810 illud

294 833 435 878 glabrum
452 829 582 872 facitis,
609 829 642 861 (ν
656 832 754 860 virum
766 837 825 859 non
835 833 868 859 ut
886 837 937 870 ego
945 836 982 859 ex
1000 832 1089 870 genis
1101 852 1112 867 ‚
1132 825 1191 869 sed

296 880 446 925 eufronio
458 879 621 920 ostenditis.
652 876 695 910 Et
719 876 820 909 infra:
851 875 1029 917 Omnesfint
1045 876 1187 918 for-most,

292 939 426 976 proceri,
448 929 573 975 glabri,
599 926 806 961 &imberba
836 926 890 960 De
904 925 1090 960 Gentilium
1111 926 1187 961 Phi·

295 982 444 1027 losophis
456 979 563 1015 scribit
577 979 610 1011 in
625 977 727 1021 prima
740 976 903 1011 Oratione
914 975 954 1009 de
969 976 1096 1010 Divina
1108 975 1187 1012 Pro-

295 1033 441 1069 videntia
472 1027 712 1063 Theodoretus
735 1040 742 1059 :
781 1024 1017 1069 Philosbphorum
1044 1025 1187 1061 Phalanx

292 1085 388 1128 pallio
412 1081 498 1122 albo,
526 1077 670 1112 &barbae
690 1078 890 1119 prolixitate,
917 1078 951 1111 &t
966 1082 1076 1118 capitis
1097 1079 1187 1119 capil-

295 1138 360 1169 litio
385 1128 605 1175 Philosophiam
627 1134 768 1162 metitur.
799 1126 952 1168 Cyrenfis
975 1127 1016 1161 ad
1044 1128 1185 1172 Euphra·

294 1195 362 1220 tem
391 1183 570 1227 Episcopus
592 1179 655 1213 fuit
682 1176 918 1212 Theodoretus
938 1202 949 1218 ,
976 1178 1118 1221 speetans
1143 1178 1185 1213 ad

293 1231 556 1270 Patriarchatum
580 1226 850 1263 Antiochenum.
881 1228 924 1261 Et
943 1226 1023 1262 dum
1034 1227 1080 1262 ob
1101 1228 1183 1272 deje.

295 1288 361 1320 &as
373 1283 537 1326 Principis
547 1281 675 1315 Statuas
686 1276 826 1312 crudelia
838 1277 857 1311 ὲ
878 1288 1002 1322 magno
1022 1278 1184 1314 Theodo-

294 1335 341 1369 fio
353 1333 393 1368 ad
416 1334 519 1377 ipsam
541 1327 795 1366 Patriarchalem
819 1328 1000 1363 Civitatem
1021 1340 1181 1364 venerunt

293 1397 371 1420 cum
395 1382 526 1420 armatis
546 1378 778 1428 executoribus
802 1377 915 1413 Edicta
936 1403 947 1419 ‚
983 1379 1023 1413 ad
1048 1389 1181 1414 omnem

295 1436 457 1481 populum
479 1430 675 1469 declamavit
698 1430 839 1474 Joannes
861 1427 1117 1471 Chrysostomus
1127 1432 1182 1465 ad·

293 1487 361 1521 huc
374 1484 545 1528 Presbyter
557 1491 574 1515 :⁵
593 1481 648 1514 Ubi
659 1491 735 1514 nunc
754 1478 827 1522 sunt
844 1480 941 1521 pallia
949 1479 1095 1523 gestantes
1111 1506 1122 1521 ‚
1148 1482 1181 1515 er

291 1537 478 1581 profundam
499 1532 674 1574 ostentantes
697 1528 822 1563 barbam
837 1553 846 1569 ‚
877 1538 1063 1563 externorum
1084 1530 1181 1564 Philo·

291 1584 403 1630 sophi?
431 1590 542 1618 Omnes
570 1591 648 1615 nunc
671 1584 839 1613 Civitatem
862 1577 1048 1621 deseruerunt
1065 1606 1072 1614 .
1100 1581 1181 1614 Non

294 1649 351 1680 per
374 1636 493 1675 Cives,
521 1632 575 1667 sed
600 1631 711 1665 nescio
734 1639 816 1672 quos
837 1629 977 1662 advenas
987 1630 1089 1664 fuerat
1101 1632 1180 1664 facta

293 1687 433 1729 dejestio
455 1708 466 1723 ,
492 1683 632 1723 ideoque
653 1681 688 1712 &
709 1679 825 1711 Clerus
849 1679 882 1710 δε
904 1679 1044 1721 populus
1063 1680 1183 1712 animis

291 1737 358 1771 suis
384 1734 567 1769 infixerunt
581 1726 741 1772 Sapientis
763 1727 928 1760 monitum
943 1741 953 1761 .·
973 1727 1082 1772 Justus
1102 1728 1182 1769 confi-

292 1789 342 1822 dit
362 1794 396 1820 ut
420 1788 495 1818 Leo.
527 1778 724 1815 Constantes
746 1777 932 1811 manserunt
956 1777 990 1811 in
1013 1777 1183 1819 Civitate,

291 1838 359 1871 sese
370 1830 602 1878 expurgaturi,
629 1827 875 1870 &deprecaturi
891 1829 972 1861 iram
996 1827 1158 1872 Principis
1173 1856 1180 1862 .

287 1885 387 1933 'Quin
408 1885 443 1918 &
473 1892 591 1916 omnes
613 1890 669 1923 per
691 1878 800 1911 vicina
831 1877 954 1913 deserta
979 1889 1184 1914 commoran-

290 1942 342 1972 t'es
363 1931 527 1969 Monachi
551 1932 582 1964 se
602 1929 842 1971 adjunxerunt.
871 1926 918 1962 At
950 1928 1026 1963 vero
1047 1931 1184 1974 gentilis

290 1984 456 2031 sapientiae
479 1979 632 2015 animalia
646 2003 656 2019 ,
683 1978 773 2022 quod
797 1979 860 2011 suae
881 1978 959 2022 pelli
981 1990 1183 2022 metuerent,

290 2038 325 2072 se
345 2035 505 2070 dederunt
529 2032 564 2064 in
584 2031 698 2074 fugam
721 2054 728 2060 .
759 2028 852 2062 Hinc
879 2029 1023 2072 ipsorum
1050 2030 1184 2065 barbam

292 2086 399 2122 derisit
423 2081 689 2126 Chrysostomus.
730 2078 834 2124 Qod
863 2079 979 2121 nempe
1002 2079 1186 2115 Antioche-

291 2138 330 2172 ni
350 2135 452 2171 effent
474 2132 586 2177 paffim
597 2130 676 2171 ras1,
703 2139 759 2163 aut
770 2129 854 2163 tonfi
867 2129 907 2162 ad
931 2141 1042 2165 cutem
1056 2156 1063 2164 .
1092 2132 1185 2165 Hinc

292 2189 326 2223 ἃ
347 2187 581 2230 Imperatorem
605 2180 772 2224 Iulianum
799 2202 810 2218 ,
847 2180 905 2222 qui
931 2181 1031 2213 etiam
1054 2183 1187 2215 tonsura

291 2238 329 2272 δε
351 2237 436 2271 veste
456 2231 575 2268 ferebat
598 2233 629 2265 se
651 2226 891 2272 Philosophum
913 2255 923 2271 ‚
962 2232 1071 2265 omnis
1098 2232 1188 2266 Civi-

293 2288 371 2323 tatis
393 2283 623 2320 Christianitas
640 2291 737 2315 antea
762 2279 937 2314 deriserat.
966 2281 1060 2316 Hinc
1085 2283 1187 2327 pergit

295 2336 555 2380 Chrysostomus
580 2333 614 2366 in
636 2332 733 2365 tertio
755 2331 911 2364 Sermone
923 2331 965 2365 de
979 2332 1096 2366 Sancto
1112 2333 1189 2366 Pro-

295 2387 393 2432 pheta
415 2386 477 2431 Job
499 2398 510 2418 .·
537 2382 694 2426 oppressus
712 2383 741 2424 J
744 2381 777 2413 ob
798 2384 1034 2428 circumtotondit
1060 2393 1187 2415 comam.

297 2444 392 2473 Nunc
413 2443 492 2470 inter
510 2446 560 2468 nos
583 2433 683 2472 flentes
705 2433 791 2465 multi
816 2438 954 2464 nutriunt
980 2444 1108 2466 comam.
1136 2434 1189 2466 Ille

300 2497 397 2522 autem
419 2485 558 2529 abscidit.
591 2484 723 2526 ‚Qum-e?
750 2483 938 2515 ninimirum
961 2482 998 2522 est
1017 2481 1189 2525 propofitum

299 2543 326 2573 ei
347 2536 455 2580 quistet
468 2560 478 2575 ,
504 2544 536 2567 ut
558 2538 738 2566 contrariam
748 2538 780 2564 in
786 2531 922 2572 formam
932 2531 1087 2572 constituat
1105 2532 1189 2565 babi-

298 2596 375 2623 tum.
404 2586 459 2619 Ubi
481 2589 558 2616 enim
580 2582 738 2614 honoratur
757 2591 837 2613 coma
860 2606 871 2620 ,
903 2581 1019 2624 fignum
1041 2582 1130 2622 fletus
1150 2582 1188 2621 est

299 2639 437 2678 tonderi3
465 2634 514 2667 ubi
540 2635 612 2666 verb
634 2632 773 2664 tondetur
795 2654 805 2669 ,
827 2628 942 2674 fignum
963 2631 1050 2672 fletus
1073 2631 1111 2671 est
1132 2644 1189 2664 non

299 2689 438 2723 tonderi.
467 2683 575 2725 Ubique
594 2687 671 2714 enim
694 2682 713 2712 ἃ
732 2680 874 2720 flentibus
890 2686 1044 2714 contraria
1061 2679 1189 2723 sumitur

297 2738 401 2781 forma
413 2762 420 2768 .
447 2732 667 2778 Nequaquam
679 2730 718 2763 de
729 2730 913 2765 Occidente
926 2732 959 2765 δε
981 2731 1122 2764 Oriente
1144 2731 1191 2765 lo-

303 2792 434 2832 quitur,
462 2784 515 2818 sed
527 2782 648 2817 desolo
661 2781 821 2822 Oriente,
848 2790 946 2825 atque
959 2781 1004 2815 ita
1019 2780 1125 2815 lucide
1145 2782 1190 2815 af-

303 2839 408 2871 firmat
422 2835 504 2870 alios
518 2833 590 2866 istic
603 2832 694 2865 fuiffe
708 2832 792 2864 rasos
805 2855 815 2870 ,
842 2832 925 2865 alios
948 2830 1169 2875 longobarbos
1179 2856 1186 2863 .

301 2888 349 2921 Et
362 2889 395 2921 in
409 2883 571 2931 trigesima
586 2882 717 2924 septima
730 2883 821 2923 super
837 2880 1074 2924 Apostolorum
1089 2881 1189 2914 Astus

305 2937 460 2971 Homilia
482 2932 593 2968 scribit
621 2931 662 2965 de
690 2931 858 2964 Persarum
895 2930 1156 2973 exploratoribus
1179 2945 1188 2964 .-

305 2986 410 3030 Persae
434 2992 515 3020 nara
531 2981 651 3026 sublata
673 3003 683 3020 ‚
721 2981 754 3014 ὦ*
770 2981 883 3023 gladiis
905 2980 1103 3022 peculiaribus
1121 3005 1131 3020 ‚
1157 2982 1191 3014 δ’

309 3037 469 3070 barbaricis
489 3034 695 3068 calceamentis
721 3031 838 3071 dimiffls
864 3055 874 3071 ‚
912 3032 1007 3063 alieno
1027 3037 1059 3063 in
1085 3030 1189 3063 habitu

311 3089 464 3128 Regionem
476 3085 602 3126 nostram
614 3082 847 3126 ingrediuntur,
874 3081 907 3114 &
926 3080 987 3122 rasi
1002 3087 1034 3113 in
1055 3089 1188 3122 corpore,

312 3135 497 3174 &familiari
509 3137 611 3178 lingua
622 3133 767 3175 loquentes
780 3131 884 3165 bellum
910 3131 1068 3164 occultant.
1100 3130 1187 3164 Vici-

313 3194 391 3218 nam
404 3184 460 3217 fibi
471 3182 713 3223 Antiochiam,
740 3193 777 3215 ac
799 3182 925 3225 Syriam
948 3181 1048 3215 Persae
1072 3181 1188 3225 praeser-

311 3233 374 3268 tim
387 3233 615 3274 explorabant.
644 3233 737 3266 Hinc
756 3242 847 3266 erant
867 3231 964 3265 barba
988 3232 1060 3264 rasi.
1089 3231 1186 3278 Qod

314 3281 430 3325 nempe
442 3281 609 3314 Romanus
621 3281 716 3315 isthic
729 3281 936 3326 populusillo
946 3280 1108 3315 schemate
1129 3281 1190 3324 pasl

315 3334 371 3367 sim
383 3339 523 3365 uteretur
535 3352 542 3360 .
571 3329 672 3373 Qod
689 3332 788 3364 etiam
810 3341 889 3365 tunc
902 3331 998 3365 multi
1013 3343 1066 3374 per
1081 3331 1189 3375 AEgy·

315 3376 612 3428 ptum&Gentiles
633 3378 666 3409 ὃ(
689 3378 863 3414 Christiani
888 3381 1018 3414 barbam
1037 3381 1191 3419 raserint,

1196 2605 1202 2672 Ι

1245 485 1279 507 ac
1291 484 1424 509 mentum
1433 474 1526 517 roste,
1553 483 1604 519 qui
1625 477 1663 517 est
1685 483 1899 520 Imperatorum
1913 478 2035 513 habitus
2047 505 2056 513 .
2083 480 2130 518 Ee

1246 525 1286 560 de
1299 525 1496 568 Imperatore
1508 527 1690 571 Iustiniano
1703 529 1791 563 Fasti
1802 528 2021 564 Alexandrini
2034 541 2043 560 ι
2063 533 2095 575 J
2097 541 2129 564 u·

1240 578 1389 619 stinianus
1425 586 1491 611 erat
1522 587 1622 611 mento
1656 578 1742 622 rasus
1764 603 1774 618 ‚
1810 584 1873 614 ritu
1909 583 2125 614 Romanorum.

1247 631 1375 664 Omnes
1387 628 1475 662 enim
1497 629 1624 671 antiqui
1647 628 1875 664 Romanorum
1896 629 2063 674 Principes
2082 642 2130 665 ra-

1247 677 1367 713 debant
1392 677 1526 713 barbam
1547 703 1555 710 .
1594 677 1695 725 Qo‘d
1730 681 1851 723 primus
1885 680 1986 723 ipsam
2012 681 2129 715 aluerit

1249 728 1414 763 Adrianus
1436 754 1447 770 ‚
1473 726 1544 762 Dio
1566 729 1698 762 testatur
1719 754 1726 761 .
1753 729 1911 764 Rasuram
1932 729 1950 763 a
1976 731 2131 765 succeffo-

1247 779 1334 814 ribus
1356 779 1449 814 fuisse
1471 780 1667 822 resumptam
1689 778 1824 814 suadent
1841 779 2133 826 Antiochenorum

1248 829 1392 865 sarcasmi
1413 831 1448 863 in
1469 829 1635 872 Julianum
1658 854 1666 862 .
1705 830 1867 864 lnsuetam
1903 828 2044 873 Imperio
2066 832 2132 865 for-

1247 890 1333 915 mam
1353 880 1389 914 in
1407 880 1478 924 ipso
1500 880 1637 913 riserunt
1659 905 1666 912 .
1707 879 1751 913 Et
1782 879 1978 915 addursta‘de
2000 881 2132 924 Iuliano

1247 940 1284 964 ac
1306 929 1465 963 Heraclio
1493 930 1681 964 testimonia
1714 930 1872 964 evincunt
1899 931 2071 972 Iovianum
2095 931 2131 966 δε

1247 979 1447 1014 successores
1466 978 1509 1012 ad
1533 981 1671 1012 rasuram
1691 978 1831 1014 re'diiffe.
1862 981 1907 1014 Et
1925 979 2054 1015 duravit
2072 981 2131 1016 illa

1248 1031 1349 1074 usque
1371 1029 1412 1063 ad
1435 1027 1695 1062 Constantinum
1716 1039 1888 1072 quartum,
1915 1030 1957 1064 ab
1980 1030 2131 1074 imperia-

1248 1080 1288 1114 lis
1310 1080 1415 1114 barbae
1436 1089 1525 1112 novo
1543 1089 1634 1111 more
1653 1077 1774 1111 dictum
1796 1079 2007 1123 pogonatum
2029 1103 2040 1120 ,
2074 1082 2131 1116 seu.

1248 1130 1444 1164 Barbatum.
1475 1129 1551 1163 Scio
1575 1128 1616 1162 ab
1637 1127 1709 1161 aliis
1729 1128 1847 1162 adduci
1866 1129 1965 1163 aliam
1982 1130 2131 1174 agnomi-

1246 1181 1295 1215 nis
1317 1181 1445 1215 causam
1460 1192 1471 1213 .-
1497 1188 1531 1213 at
1551 1177 1618 1212 haec
1640 1178 1769 1212 videtur
1798 1178 1988 1213 fundatior.
2028 1179 2131 1214 Exin-

1243 1231 1505 1265 deSuccefsores
1526 1228 1637 1263 aluisse
1651 1237 1807 1273 putantur
1829 1226 1981 1263 barbam:
2009 1229 2134 1272 &pau-

1245 1281 1336 1315 latim
1360 1282 1392 1315 in
1415 1290 1550 1314 omnem
1574 1280 1734 1323 populum
1752 1278 1945 1313 traduxisse.
1973 1278 2137 1315 Sanehaec.

1245 1330 1467 1366 Alexandrini
1497 1327 1661 1364 Chronici
1675 1328 1770 1363 verba
1781 1353 1793 1369 ,
1817 1331 1891 1362 Ritu
1909 1333 2106 1364 Romanorum
2119 1354 2133 1371 ‚

1246 1382 1396 1416 videntur
1418 1391 1553 1414 omnem
1579 1378 1747 1424 designare
1773 1379 1931 1423 populum
1950 1403 1960 1412 .
1986 1380 2075 1414 Nam
2096 1381 2133 1416 δε

1244 1433 1374 1466 Arcana
1395 1430 1549 1474 Procopii
1570 1428 1704 1464 historia
1735 1429 1898 1464 Venetam
1930 1429 2135 1466 Circensium

1242 1482 1416 1516 factionem
1431 1491 1524 1515 notat
1536 1480 1577 1515 de
1595 1481 1705 1515 alieno
1717 1505 1728 1521 ,
1755 1491 1794 1513 ac
1816 1491 1885 1513 non
1909 1479 2067 1514 Romano
2078 1491 2135 1515 cae-

1243 1533 1333 1566 satiei
1355 1531 1469 1565 habitu
1495 1555 1505 1570 ‚
1532 1531 1565 1564 &
1587 1530 1678 1565 addit
1698 1529 1738 1564 de
1761 1529 1858 1564 barba
1878 1543 1890 1563 .·
1926 1533 2009 1563 Erat
2033 1538 2130 1565 memo

1242 1584 1276 1615 (π
1296 1583 1355 1614 alis
1377 1579 1512 1620 intonsis.
1541 1581 1675 1613 Interim
1692 1580 1879 1613 Graecorum
1892 1577 2007 1619 Euclio
2015 1580 2133 1625 logion

1242 1633 1423 1665 etiamnum
1447 1629 1546 1663 hodie
1570 1628 1666 1664 habet
1692 1627 1780 1662 hunc
1804 1630 1939 1662 titulum
1961 1644 1972 1662 .·
2021 1634 2134 1664 Oratio.

1242 1686 1273 1712 tn
1300 1681 1401 1713 barbae
1426 1679 1599 1720 abrafionem
1621 1705 1629 1712 .
1666 1680 1711 1713 Et
1747 1679 1855 1713 oratio
1880 1678 2052 1713 concludit
2087 1679 2135 1714 adl

1244 1731 1431 1775 Dominum
1459 1729 1569 1763 Deum
1591 1730 1678 1761 :ud
1702 1738 1784 1761 tuam
1804 1730 1930 1771 gloriam
1950 1728 2052 1763 barbae
2078 1730 2135 1763 de«

1245 1779 1362 1823 ronfioni
1383 1785 1566 1822 principium
1592 1779 1647 1811 dat
1670 1776 1777 1819 servus
1806 1787 1891 1811 tuus.
1921 1778 1965 1811 Et
1986 1778 2128 1821 Ioannes

1246 1831 1335 1864 Goar
1360 1826 1621 1865 commentatur:
1649 1833 1817 1862 Graecorum
1835 1826 2002 1869 juvenibus
2025 1852 2037 1868 ,
2072 1841 2129 1868 m,-

1242 1881 1367 1921 [lacibus
1388 1879 1522 1923 servatis
1542 1904 1553 1919 ‚
1590 1888 1721 1912 mentum
1743 1879 1849 1911 radere
1870 1876 2036 1921 consuetum
2057 1877 2096 1918 est
2116 1902 2133 1919 ,

1245 1933 1279 1965 (Ὗ
1298 1931 1335 1965 ab
1360 1943 1438 1964 anno
1464 1929 1601 1974 trigesimo
1621 1929 1744 1962 barbam
1771 1940 1886 1961 omnem
1898 1935 2044 1963 enutrire.
2071 1928 2132 1962 Ri-

1246 1992 1297 2016 tus
1317 1982 1479 2026 originem
1506 1980 1660 2025 habemus
1682 1979 1717 2012 in
1744 1977 1830 2012 libro
1855 1978 2023 2012 Levitici:
2065 1982 2133 2010 Ne-

1246 2043 1300 2074 que
1321 2038 1353 2065 in
1375 2032 1535 2065 rotundum
1556 2028 1752 2062 attondebitir
1771 2039 1883 2061 comam
1906 2052 1916 2067 ,
1942 2038 1993 2062 nec
2013 2028 2218 2067 radetis-20³9.
2237 2037 2281 2065 19.

1246 2082 1391 2115 barbam.
1420 2081 1474 2115 Ad
1499 2091 1568 2125 quae
1590 2075 1963 2113 verba'Theodoretus:
1989 2080 2080 2110 Moris
2091 2076 2130 2117 est

1246 2133 1331 2174 apud
1351 2136 1468 2164 Graecos
1497 2137 1600 2172 capita
1616 2138 1776 2172 puerorum
1801 2139 1857 2160 non
1877 2127 2052 2166 attondere,
2075 2125 2134 2170 sled

1240 2182 1334 2224 sinere
1345 2183 1466 2224 capillos
1474 2185 1611 2222 promitti
1623 2203 1632 2219 ,
1658 2181 1692 2213 ὢ*
1702 2178 1754 2211 hos
1763 2177 1863 2219 postea
1876 2176 2068 2211 Daemonibus
2081 2179 2134 2211 de-

1246 2234 1363 2266 dicare.
1392 2232 1471 2265 Mos
1496 2230 1558 2264 fuit
1584 2230 1685 2264 etiam
1705 2226 1790 2270 apud
1810 2228 1969 2271 quosdam
1997 2227 2133 2262 Germa-r

1249 2294 1307 2316 nos
1319 2305 1329 2314 .
1355 2282 1488 2316 Etenim
1505 2280 1547 2314 de
1561 2280 1666 2314 Cattis
1678 2278 1789 2312 scribit
1800 2278 1835 2311 in
1851 2276 1933 2311 libro
1947 2277 1988 2311 de
1999 2278 2133 2312 Germa-

1249 2344 1366 2367 norum
1378 2328 1724 2366 moribus-Cornelius
1746 2328 1910 2362 Tacitus:
1938 2332 1977 2361 Ut
1998 2332 2133 2369 primum

1245 2433 1319 2475 hoste
1331 2431 1403 2476 caeso
1424 2444 1530 2467 exuere
1554 2441 1655 2465 votum
1669 2455 1678 2470 ‚
1705 2430 1921 2472 obligatumque
1941 2432 2052 2462 virtuti
2073 2433 2133 2460 oris

1245 2483 1401 2517 habitum.
1429 2481 1715 2517 Solemnitonsura
1737 2489 1792 2513 aut
1818 2479 1922 2511 rasura
1943 2476 2133 2520 judicaban-

1245 2542 1399 2568 turantea
1413 2544 1482 2567 non
1494 2532 1555 2565 effe
1566 2531 1678 2575 digni.
1708 2530 1751 2563 Et
1764 2529 1848 2562 avita
1867 2525 2070 2562 consuetudo
2094 2524 2132 2559 in

1250 2586 1389 2618 Oriente
1401 2582 1569 2627 permansit
1580 2580 1672 2624 apud,
1681 2579 1900 2614 Christianos.
1930 2575 2040 2608 Etiam
2053 2574 2087 2607 hi
2099 2575 2134 2608 fi-

1231 2634 1298 2689 luis
1320 2635 1383 2668 suis
1405 2634 1439 2667 ἀ
1465 2633 1605 2676 primam
1633 2629 1761 2664 tonderi
1787 2636 1915 2660 comam
1937 2624 1971 2657 δε
1994 2625 2134 2666 primam
2174 2629 2179 2635 '

1250 2684 1380 2718 barbam
1404 2683 1470 2717 radi
1493 2681 1680 2716 solemniter
1705 2686 1858 2710 curarunt
1893 2685 1948 2716 per
1982 2671 2134 2708 Sacerdo-

1231 2728 1313 2782 ltem
1328 2759 1339 2774 ‚
1364 2735 1398 2767 &
1417 2733 1491 2765 istas
1515 2729 1672 2772 primitias
1695 2723 1874 2769 offerebant
1889 2723 2018 2757 Divina:
2032 2722 2135 2766 Maie-

1250 2784 1348 2823 stati,
1375 2791 1471 2823 atque
1482 2780 1526 2813 ita
1537 2778 1612 2811 illos
1629 2776 1721 2818 hujus
1733 2774 1862 2808 servitio
1875 2773 1992 2807 iterum
2010 2773 2134 2807 manci,

1231 2798 1389 2877 lpabant.
1419 2830 1474 2863 Est
1500 2830 1579 2863 ritus
1590 2825 1841 2868 antiquiffimus.
1870 2823 2003 2858 Etenim
2015 2820 2131 2863 dehoc

1232 2876 1400 2916 ²existimo
1422 2879 1513 2923 loqui
1537 2877 1753 2911 Ammianum
1773 2873 2003 2908 Marcellinum
2024 2897 2034 2912 ,
2073 2871 2132 2905 ubi

1250 2931 1438 2965 Diodorum
1468 2925 1694 2962 Alexandrinae
1724 2924 1873 2958 Ecclefiae
1905 2922 2131 2964 Presbyterum
2149 2938 2208 2970 Lib,
2237 2948 2284 2967 η-
2332 2932 2335 2935 Ὗ

1251 2983 1387 3025 affirmat
1411 2979 1504 3012 suiffe
1526 2979 1543 3012 a
1572 2976 1754 3022 gentilibus
1775 2973 1971 3008 trucidatum
1994 2996 2004 3011 ,
2042 2970 2132 3014 quod
2147 2988 2215 3017 cap.
2236 2982 2281 3007 28.

1247 3041 1403 3074 puerorum
1422 3035 1512 3062 cirros
1534 3028 1666 3061 licentius
1694 3027 1867 3059 detenderet
1887 3047 1898 3064 ‚
1933 3022 1976 3055 ad
2006 3023 2132 3054 Deorum

1251 3082 1386 3114 honorem
1407 3079 1580 3119 existimans
1599 3083 1765 3119 pertinere.
1794 3075 1875 3106 Haec
1914 3071 2009 3104 verba
2037 3095 2048 3111 ,
2085 3072 2135 3104 Ad

1253 3136 1377 3165 Deorum
1399 3128 1554 3169 honorem,
1580 3126 1755 3161 continent
1777 3132 1934 3167 paganam
1962 3121 2132 3154 Ammiani

1254 3180 1408 3224 phrasim.
1436 3177 1605 3212 Diodorus
1615 3178 1727 3214 enim,
1753 3174 1828 3207 licet
1851 3171 2017 3212 Asianus,
2044 3171 2132 3204 Gen-

1253 3232 1359 3266 tilium
1397 3231 1488 3264 Deos
1527 3225 1742 3262 detestabatur
1762 3247 1767 3254 .
1803 3222 1972 3255 Clericalis
1998 3222 2130 3255 tonsura

1254 3285 1372 3325 semper
1394 3282 1426 3314 δε
1447 3289 1522 3313 cum
1534 3277 1678 3311 studioso
1695 3273 1820 3307 delectu
1843 3296 1852 3310 ,
1879 3273 1912 3305 ὅς
1927 3283 1980 3314 pet
1993 3270 2077 3303 solos
2089 3268 2131 3323 E.-

1255 3333 1402 3374 piscopos
1424 3330 1486 3362 fuit
1505 3328 1587 3362 olim
1606 3326 1680 3360 data
1700 3348 1712 3364 ,
1741 3323 1880 3365 ideoque
1899 3321 2008 3364 paffim
2028 3327 2133 3351 omnl-

1235 3382 1314 3415 ¹bus
1337 3393 1389 3425 per
1416 3377 1604 3414 Diodorum
1626 3375 1700 3409 data
1724 3373 1850 3406 videtur
1871 3370 1963 3405 fuisse
1980 3368 2043 3410 jam
2069 3365 2133 3399 lau-

315 3435 400 3471 lucet
420 3441 463 3467 ex
491 3425 635 3466 adduffis
662 3424 840 3477 Clementis
863 3427 1079 3467 Alexandrini
1107 3430 1190 3466 testi·
1237 3433 1330 3488 ¹data
1356 3431 1397 3468 ab
1419 3427 1630 3472 Euchologio
1651 3450 1659 3459 .
1689 3421 1866 3459 Diodorus
1888 3417 2011 3453 videtur
2033 3417 2132 3451 etiam

2007 3478 2083 3511 ger-e

1245 2385 1427 2417 adoleverint
1439 2407 1449 2422 ‚
1474 2386 1584 2415 crinem
1596 2380 1776 2421 barbamque
1782 2376 1959 2420 ficbmittere
1969 2401 1980 2417 ,
2006 2388 2057 2411 nec
2078 2376 2135 2419 nist
2147 2373 2219 2410 C²P·
2235 2379 2283 2406 3¹·
