2352 3736
337 140 438 188 '288
717 140 1052 182 SANc‘Tr

278 223 392 259 scribit
411 236 419 256 :
448 227 528 265 Apta
538 231 605 254 tunc
613 226 668 255 erit
675 221 806 264 profeffio
819 223 1013 261 Virginitatis
1027 241 1037 257 ,
1058 229 1095 251 ex
1108 230 1162 260 quo

277 275 386 308 adulta
391 277 461 315 jam
472 281 549 304 aetas
561 272 612 315 effe
624 278 742 314 coeperit
758 295 769 311 ‚
796 272 830 302 <9⁰
841 280 877 301 ea
889 279 956 309 quae
965 266 1040 310 solet
1052 274 1158 311 nuptiis

278 333 354 367 apta
366 326 503 363 deputari
523 331 615 365 atque
635 321 791 365 perfec‘ta.
818 316 922 351 Porro
947 318 1050 361 puelli
1071 330 1162 363 quar-

277 373 475 413 to-decimo,
503 373 615 416 puellae
632 372 742 416 passim
756 366 957 402 duodecimo
967 379 1056 402 anno
1079 370 1163 403 fiunt

275 433 423 468 potentes
445 421 698 457 matrimonialis
717 420 824 462 operis
846 444 852 452 .
894 417 938 451 Et
962 417 997 452 hi
1023 419 1164 453 omnino

275 474 349 507 sunt
359 471 439 507 anni
461 472 624 517 legitimi,
651 470 692 504 de
712 468 832 514 quibus
853 468 940 512 apud
962 469 1071 503 Sansti
1093 469 1163 504 Ivo·

272 522 324 556 nis
349 523 528 557 Decretum
551 520 663 554 statuit
696 522 796 565 prima
820 518 974 563 synodus
1007 518 1163 564 Riculphi

272 570 523 616 Archiepiscopi
543 569 741 616 Moguntini
756 584 767 605 .·
792 573 825 604 51
836 576 904 613 quis
920 578 991 603 ante
1011 580 1106 602 annos
1127 570 1166 603 Ie-

269 628 391 666 girimos
402 618 573 664 tonsuratus
591 622 629 663 est
635 620 697 663 fine
706 619 839 665 consensu
858 629 1018 663 parentum
1025 618 1146 662 suorum
1156 646 1166 661 ,

273 675 309 707 o·
322 672 376 715 ipfi
380 681 526 714 parentes
539 677 623 705 intra
646 682 760 705 annum
783 683 841 704 non
858 669 892 714 se
910 672 1144 704 reclamaverint
1155 695 1167 712 ,

273 728 306 755 in
327 721 388 766 ipso
409 723 557 757 clericatu
572 730 768 765 permaneat.
794 725 826 755 si
849 723 920 754 vero
937 719 999 762 post
1020 720 1165 764 legitimos

274 784 368 806 annos
378 782 434 815 per
456 782 521 807 vim
540 773 658 807 clericus
678 773 785 815 sallus
804 772 860 812 est,
887 773 921 805 (2¹
942 770 1029 813 infra
1050 782 1165 804 annum

274 825 397 857 minime?
412 822 446 867 se
473 825 684 858 reclamaverit
705 849 715 864 ‚
746 828 779 856 in
801 823 938 856 clericatu
967 829 1164 863 permaneat.

274 875 321 908 Et
342 875 446 908 infra:
475 875 576 908 Hoc&
601 875 638 906 de
656 875 796 907 velandis
817 873 925 915 puellis
949 869 1166 914 observandum

275 924 332 964 est.
362 926 406 958 Et
431 925 570 959 secunda
592 923 734 967 ejusdem
756 923 925 965 synodus:
957 925 1102 964 Deinceps
1119 933 1166 954 ca-

276 976 412 1008 vendum
426 999 435 1014 ,
463 986 497 1008 ut
510 975 606 1008 nullus
617 976 779 1007 tondeatur
789 998 800 1015 ‚
827 972 885 1014 m‘si
889 979 921 1004 in
944 973 1078 1016 legitima
1093 981 1165 1006 aeta-

95 295 172 336 Cap.
189 298 220 327 64

98 646 172 679 Part.
202 652 228 676 ⁷·

96 692 159 721 cap.
182 687 224 712 26.

274 1034 305 1058 te
318 1049 328 1064 ‚
354 1024 560 1068 &spontanea
570 1025 745 1065 voluntate,
770 1025 823 1057 vel
838 1030 902 1057 c‘um
913 1020 1048 1066 consensu
1054 1031 1165 1064 paren·

274 1084 355 1107 tum.
385 1077 469 1122 Qae
483 1077 519 1109 fit
543 1075 690 1120 legitima
705 1100 715 1116 ‚
742 1086 778 1108 ac
792 1076 1006 1117 spontaneam
1018 1075 1166 1107 volunta-

274 1134 340 1158 tem
355 1124 477 1159 habens
497 1136 570 1160 aetas
591 1137 656 1159 non
681 1125 851 1169 exprimit:
878 1123 980 1170 Qod
1005 1123 1067 1157 alia
1088 1122 1164 1156 effet

274 1176 427 1210 masculis
441 1201 450 1216 ‚
464 1176 526 1210 alia
538 1176 708 1211 foemellis.
739 1176 782 1208 Et
795 1185 844 1209 res
857 1185 924 1208 erat
939 1184 1017 1208 nota
1029 1198 1036 1204 .
1059 1173 1164 1216 Ipsam

274 1226 386 1269 postea
409 1228 561 1270 expressit
591 1226 808 1260 Triburienfis
838 1223 993 1267 Synodus
1014 1237 1024 1256 .·
1062 1223 1165 1256 Puella

268 1275 300 1315 fi
313 1285 381 1309 ante
393 1278 543 1310 duodecim
554 1288 647 1310 annos
662 1282 764 1310 aetatis
784 1274 848 1318 suae
867 1273 970 1317 sponte
975 1272 1001 1316 s
996 1286 1034 1306 ua
1047 1272 1165 1316 sacrum

267 1324 323 1367 fibi
343 1329 480 1360 velamen
501 1326 626 1370 assumit
652 1350 663 1366 ,
697 1326 801 1368 poffint
821 1324 927 1365 statim
945 1331 1092 1366 parentes
1116 1325 1168 1357 vel

274 1385 388 1410 tutores
411 1380 477 1419 ejus
499 1379 533 1410 id
545 1377 670 1420 fadum
695 1381 816 1409 irritum
835 1373 938 1416 facere
959 1397 970 1415 ,
997 1373 1021 1410 Ε
1041 1376 1164 1408 volunt.

274 1431 313 1459 At
329 1425 356 1467 fi
376 1439 489 1461 annum
513 1429 547 1461 (ν
570 1429 648 1460 diem
681 1428 717 1459 id
735 1426 938 1466 diffimulando
946 1423 1141 1468 consenserint
1155 1448 1165 1463 ,

272 1479 397 1511 ulterius
419 1490 471 1512 nec
489 1477 556 1520 ipsa
580 1487 631 1510 nec
652 1475 709 1518 ipsi
718 1483 835 1508 mutare
846 1474 897 1507 hoc
908 1482 1067 1516 poterunt.
1096 1477 1165 1506 Por-

272 1530 305 1560 ro
310 1526 339 1568 fi
343 1528 502 1570 infortiari
516 1537 607 1561 aetate
617 1524 834 1567 adolescentula
855 1525 906 1557 vel
917 1522 1085 1566 adolescens
1106 1525 1166 1556 Deo

267 1575 387 1620 servire
417 1580 555 1621 elegerint
577 1602 588 1618 ,
620 1587 676 1609 non
705 1575 742 1615 est
758 1574 887 1616 potestur
916 1573 1093 1615 parentibus
1116 1572 1166 1605 boc

270 1627 477 1670 probibendi.
513 1627 609 1661 Istam
632 1624 828 1660 reclamandi
862 1624 1056 1666 potestatem
1087 1623 1164 1657 facit

271 1680 371 1713 etiam
398 1677 606 1722 pupillariurn
621 1676 803 1719 Virginum
816 1671 1073 1706 Mundiburnis.
1103 1673 1170 1704 Lu-

271 1728 347 1763 cide
382 1729 521 1762 affirmat
541 1725 718 1762 duodecim
745 1723 846 1757 aetatis
882 1732 988 1756 annos
1022 1721 1166 1754 sufficere

269 1779 313 1814 ad
339 1777 561 1823 profitendum
583 1802 590 1808 .
618 1775 665 1809 At
690 1773 767 1809 vero
793 1772 954 1807 inlitteris
978 1770 1020 1805 ad
1041 1771 1166 1805 Bellua·

180 1854 204 1874 ι,
271 1830 404 1864 censem
426 1828 649 1872 Episcopum,
675 1824 711 1858 in
738 1824 852 1857 litteris
872 1823 911 1856 ad
934 1822 1046 1856 nescio
1071 1831 1167 1863 quem

271 1878 509 1914 civitatensem
531 1875 742 1912 Canonicum
769 1872 958 1907 Alexander
970 1872 1104 1913 tertius,
1130 1883 1168 1905 ac

272 1930 309 1964 in
330 1929 448 1964 litteris
469 1928 508 1962 ad
530 1926 750 1960 Caffinensem
777 1923 943 1958 Abbatem
954 1922 1168 1957 Innocentius

272 1983 388 2015 tertius
411 1980 444 2012 in
466 1977 645 2021 professuro
675 1974 882 2009 adolescente
910 1972 1025 2008 diserte
1061 1973 1170 2017 exqui-

271 2041 348 2064 runt
370 2039 475 2063 annos
498 2027 682 2070 completos
706 2024 954 2068 quatuordecim
984 2048 993 2056 .
1029 2022 1168 2058 Exstant

274 2082 389 2116 litterae
410 2077 496 2123 apud
522 2077 881 2122 Gregorium'nonum
909 2073 967 2108 sub
992 2074 1090 2107 titulo
1129 2073 1169 2107 de

275 2128 551 2176 probationibus,
578 2129 611 2161 ὅ(
640 2125 824 2160 ιἰὼῑίωὶο
851 2125 893 2157 de
932 2123 1168 2169 Regularibus.

276 2182 439 2218 Emissam
460 2189 556 2214 antea
580 2176 808 2221 professionem
840 2173 1028 2208 Alexander
1063 2172 1171 2207 lucide

276 2233 427 2268 adfirmat
457 2231 519 2264 esse
547 2240 688 2263 vacuum
714 2235 927 2261 attentatum.
960 2224 1007 2259 At
1025 2223 1103 2258 vero
1121 2224 1171 2257 ln-

279 2282 455 2319 nocentius
488 2279 639 2323 rescripsit
666 2275 815 2311 Roberto
854 2275 1057 2319 Lingonensi
1082 2274 1169 2317 Epis-

281 2345 389 2377 copo:
417 2329 606 2376 ,Quaefivssi‚
633 2327 731 2361 utram
743 2329 787 2360 illi
804 2353 814 2366 ‚
845 2333 896 2369 qui
923 2332 955 2359 in
977 2330 1066 2358 annis
1081 2326 1170 2357 mino-

281 2386 366 2419 ribus
379 2383 526 2423 constituti
538 2386 729 2414 Novitiorum
751 2377 884 2410 habitum
897 2374 1109 2418 susceperunt,
1137 2376 1170 2408 (9⁸

282 2435 368 2477 infra
394 2445 506 2467 annum
520 2431 610 2474 falsa
623 2429 804 2473 postmodum
818 2426 987 2470 profeffione
1005 2453 1016 2467 ,
1044 2427 1088 2459 ad
1111 2423 1169 2468 sae-

284 2487 381 2518 culum
403 2483 476 2527 sunt
514 2481 624 2521 reversi
644 2506 654 2521 ,
690 2482 724 2513 Θ
758 2479 796 2511 ab
828 2476 983 2519 Episcopis
1016 2475 1081 2520 suis
1119 2474 1170 2508 hoc

280 2533 440 2580 scientibus
464 2534 507 2564 ad
522 2530 620 2574 sacros
643 2531 769 2562 Ordines
789 2526 861 2570 sunt
877 2532 1026 2568 promoti,
1048 2525 1168 2568 sustine-

286 2591 314 2619 ri
335 2583 461 2617 debeant
481 2587 514 2614 in
537 2582 596 2613 illis
620 2578 753 2619 Ecclefiz's
771 2577 938 2616 ministrare
961 2601 971 2616 ,
1006 2581 1038 2608 in
1064 2575 1169 2616 quibus

282 2636 402 2679 fuerint
414 2633 452 2666 ab
465 2630 573 2675 eisdem
585 2625 895 2671 Episcopisinstitutt.
926 2625 1090 2659 Robertus
1115 2624 1172 2657 du-

289 2685 437 2724 bitabat,
463 2694 504 2717 an
518 2681 618 2715 essent
643 2677 833 2721 Apostatae,
860 2676 999 2718 ideoque
1021 2674 1173 2719 irregula-

289 2747 356 2771 res¹
383 2734 428 2768 Et
449 2730 660 2767 Innocentius
684 2726 870 2771 respondit.-
899 2729 1024 2768 Propter
1046 2724 1096 2757 boc
1116 2737 1173 2757 non

287 2787 360 2832 sunt
372 2786 411 2819 ab
421 2782 488 2826 ipfis
501 2779 636 2821 Ecclefiz's
646 2779 809 2812 amovendi
823 2802 833 2818 ,
856 2774 914 2819 sed
922 2783 955 2809 in
969 2782 1005 2808 iis
1015 2776 1130 2818 possunt
1139 2775 1177 2807 l}-

293 2838 360 2870 bere'
372 2834 537 2876 ministrare
549 2856 560 2872 ,
586 2829 642 2872 m'fi
642 2829 726 2872 fort?
731 2828 893 2870 prudentia
902 2824 1088 2870 suppleverit
1101 2831 1132 2857 in
1143 2825 1174 2858 il-

293 2888 332 2919 lts
342 2896 478 2920 aetatem.
508 2882 587 2916 Hoc
598 2882 672 2915 casu
684 2881 797 2913 fastam
808 2887 884 2912 ante
896 2877 1080 2920 completos
1100 2886 1175 2917 qua-

295 2937 479 2972 tuordecim
501 2942 607 2968 annos
625 2929 853 2974 professionem
876 2926 973 2960 habet
996 2927 1123 2959 firmam
1143 2926 1176 2958 ὃ(

298 2998 396 3021 ratam
408 3013 415 3020 .
445 2987 487 3020 Et
497 2983 664 3027 adjungit:
687 2980 742 3013 Vel
745 2978 853 3023 saltem
862 2975 986 3018 tranfire
996 2976 1124 3008 debeant
1134 2975 1179 3010 ad

300 3039 440 3079 Regulam
458 3040 585 3078 priorem
607 3057 618 3073 ‚
654 3032 717 3064 cam
752 3028 807 3071 ipsi
838 3026 945 3070 absque
977 3025 1179 3068 protestatione

92 1460 130 1490 C.
160 1461 225 1488 1¹6.

93 1652 168 1688 Cap.
181 1658 230 1688 33.

91 1844 138 1953 000

151 1855 172 1954 «που...

105 2501 135 2529 L.
150 2501 241 2537 3.Ep.

108 2542 172 2569 116·

302 3088 458 3127 Religionis
481 3085 616 3118 habitum
642 3082 805 3125 affumendo
826 3102 837 3119 ,
870 3084 969 3110 vitam
998 3075 1181 3119 praesuman-

301 3144 352 3168 tur
379 3135 491 3176 voluisse
517 3144 631 3167 mutare
651 3157 660 3165 .
697 3130 808 3164 Etiam
836 3128 972 3162 istorum
992 3151 1004 3168 ‚
1045 3129 1079 3160 in
1115 3125 1182 3168 qui-

303 3184 364 3219 bus
391 3182 557 3226 prudentia
583 3192 710 3216 aetatem
737 3192 805 3215 non
834 3178 957 3222 supplet
976 3203 986 3218 ,
1022 3176 1186 3220 professio-

648 3232 812 3278 roirca
823 3228 925 3263 aetatis
934 3228 1075 3262 defectus
1086 3228 1184 3268 usque

304 3292 388 3318 tunc
414 3292 482 3314 non
503 3280 566 3312 fuit
586 3281 705 3313 vitium
725 3278 813 3314 certo
832 3278 1041 3312 substantiale
1062 3303 1069 3310 .
1105 3277 1184 3310 Fue-

308 3332 385 3367 runt
406 3329 500 3365 variae
520 3327 561 3361 de
582 3328 651 3369 ipso
674 3329 857 3362 sententiae.
886 3328 988 3362 Porro
1011 3327 1052 3361 de
1065 3326 1185 3362 Sancti·

306 3379 508 3418 monialibus
530 3377 641 3410 statuit
662 3376 702 3408 ad
724 3379 856 3409 titulum
869 3377 908 3409 de
925 3378 1093 3411 Eleffione
1123 3378 1186 3410 Bo-

129 3425 200 3462 <²2P·
220 3430 266 3460 43·
304 3431 447 3470 „isacius
482 3429 612 3466 oiiavus
636 3437 643 3458 :
669 3425 766 3458 Nulla
791 3427 928 3460 monialis
949 3451 960 3468 ‚
998 3426 1053 3468 nist*
1083 3427 1186 3461 duode-

306 3237 383 3268 'nem
395 3232 490 3265 habet
503 3242 620 3264 ratam.

1123 137 1462 182 Leours

1533 140 1795 202 Νοῑῖτῐ,

1223 227 1329 253 cimum
1339 231 1450 253 annum
1459 229 1607 264 peregerIt
1617 246 1628 263 ‚
1653 225 1819 267 &professa
1837 225 1936 266 suerit
1953 229 2041 263 tacite*
2061 229 2113 263 vel

1225 269 1332 313 expres
1328 273 1360 304 se*
1374 295 1384 311 ,
1408 273 1451 303 ad
1459 273 1626 315 eligendam
1636 273 1817 316 Abbatissam
1827 286 1893 308 cum
1904 279 1974 310 alus
1996 281 2110 312 admit-

1224 332 1326 355 tatur.
1356 322 1638 365 Palam'supponit
1648 322 1823 357 duodecim
1845 326 2027 369 completos
2052 341 2110 363 an-

1226 383 1286 405 nos
1326 371 1470 406 sufficere
1506 372 1623 416 puellis
1649 372 1691 407 ad
1716 373 1939 416 profitendum
1964 399 1972 407 .
2009 366 2110 421 Aimd

1223 421 1367 456 eundem
1404 422 1509 456 exstat
1543 423 1738 457 constitutio
1757 447 1769 463 ‚
1799 434 1862 466 qua
1898 424 2112 462 Innocentius
2129 419 2157 447 L·
2179 427 2202 454 3'
2221 417 2267 448 ‘stt

1225 482 1356 515 quartus
1378 471 1581 507 discretionis
1611 485 1716 507 annos
1740 474 1775 507 in
1797 473 1942 508 masculo
1963 475 2113 512 adfirmat
2133 468 2176 493 ¹4·
2197 469 2222 489 ‘³'
2249 469 2273 490 ¹¹

1227 523 1290 557 effe
1316 523 1497 566 completos
1528 523 1779 567 quatuordecim
1800 546 1812 562 ‚
1848 524 1884 558 δε
1927 534 2003 558 ante
2029 518 2116 569 ipsos

1226 585 1286 607 nec
1297 572 1441 615 expresse
1452 584 1511 607 nec
1522 574 1620 608 tacite
1636 575 1823 618 quempiam
1838 575 1925 617 posse
1947 575 2092 619 profiteri
2104 599 2114 610 .

1227 623 1277 656 Ex
1302 623 1422 667 quibus
1446 623 1599 657 omnibus
1622 625 1708 659 lucet
1731 649 1741 665 ‚
1767 624 1857 668 quod
1882 626 2035 659 Romana
2057 625 2117 660 Ec-

1224 673 1317 708 clefia
1336 674 1369 706 in
1400 674 1550 708 masculis
1576 676 1821 717 quatuordecim
1842 700 1854 715 ‚
1892 676 1931 709 in
1962 676 2116 710 foemellis

1227 723 1310 758 solos
1346 724 1523 758 duodecim
1554 735 1658 758 annos
1691 727 1814 769 semper
1834 726 2019 770 exquisierit
2038 750 2048 767 ‚
2080 727 2120 764 δε,

1225 774 1313 818 quod
1335 775 1486 818 usquead
1510 786 1662 818 quartum
1686 774 1920 810 Innocentium
1943 776 2117 820 prudentia.

1231 825 1264 858 in
1291 825 1443 859 masculis
1465 826 1607 868 potuerit
1643 826 1789 869 supplere
1808 835 1936 860 aetatem
1955 851 1963 858 .
2001 826 2046 859 Et
2068 826 2117 860 ita.

1228 874 1369 910 viximus
1400 877 1498 919 usque
1521 875 1563 909 ad
1600 876 1841 910 Sacrosand’tum
1875 874 2115 910 Tridentinum

1227 925 1420 959 Concilium
1432 949 1444 965 ,
1468 924 1558 968 quod
1568 926 1601 959 in
1615 936 1755 969 utroque
1770 927 1847 960 sexu
1858 926 1897 960 ad
1912 923 2115 969 profeffionis

1228 974 1438 1009 substantiam
1463 976 1636 1016 exquisivit
1669 976 1808 1011 sedecim
1843 978 2024 1020 completos
2058 989 2115 1010 an-

1229 1036 1306 1059 nos.
1334 1025 1428 1058 Hinc
1448 1024 1530 1057 item
1541 1024 1628 1058 lucet
1644 1026 1822 1061 Decretum
1837 1052 1847 1068 ,
1873 1038 1940 1069 quo
1968 1025 2118 1065 Caelesti-⁴

1229 1085 1288 1109 nus
1308 1076 1420 1108 tertius
1431 1072 1579 1108 laudatur
1601 1076 1768 1118 exquifisse
1789 1077 1978 1119 quindecim
1988 1082 2113 1116 annosg

1229 1137 1288 1159 nec
1304 1125 1337 1158 in
1351 1124 1446 1168 ipsius
1467 1124 1626 1158 Romana
1650 1125 1796 1159 Ecclesia:
1816 1127 1966 1159 transiisse
1985 1136 2110 1160 mores.

1231 1176 1355 1210 Eadem
1378 1174 1424 1208 est
1435 1174 1520 1208 ratio
1534 1175 1664 1209 Decreti
1676 1174 1792 1217 hujus,
1816 1174 1902 1219 quod
1914 1174 2012 1209 Otho
2037 1176 2115 1209 San-

1228 1227 1269 1260 έὶί
1297 1225 1433 1259 Nicolai
1454 1225 1488 1257 in
1515 1224 1680 1260 Tulliano
1699 1237 1825 1260 carcere
1845 1226 2018 1260 Diaconus
2040 1224 2116 1258 Car-

1227 1275 1368 1315 dinalis,
1395 1274 1548 1319 Gregorii
1574 1276 1655 1308 noni
1682 1287 1736 1319 per
1762 1275 1920 1321 Angliam
1946 1276 2116 1320 Legams,

1231 1328 1262 1359 in
1285 1325 1487 1360 Londinensi
1518 1325 1807 1360 Benedistinorum
1839 1326 2008 1360 Abbatum
2037 1336 2116 1359 con-

1228 1377 1423 1421 gregatione
1441 1373 1543 1408 edidit
1555 1374 1641 1419 apud
1669 1375 1864 1410 Matthaeum
1884 1375 2115 1409 parisiensem.

1230 1428 1342 1460 Nullus
1356 1436 1427 1459 ante
1440 1424 1606 1468 vigefimum
1621 1438 1734 1459 annum
1753 1428 1924 1468 completum
1944 1426 1989 1458 ad
2005 1421 2117 1467 profes-
2136 1448 2173 1478 Α.
2206 1457 2232 1477 ¹,
2242 1449 2278 1484 3²

1223 1476 1328 1518 fionem
1341 1501 1351 1516 ,
1378 1478 1412 1509 (u
1429 1478 1570 1508 decimum
1582 1489 1690 1509 nonum
1701 1477 1955 1518 adprobationem
1968 1482 2000 1508 in
2010 1479 2117 1508 Mona-
2161 1468 2170 1477 '
2224 1469 2236 1475 ⁵
2280 1468 2286 1475 ’

1223 1526 1343 1566 sterlum
1355 1527 1391 1559 de
1400 1536 1502 1559 caetero
1511 1529 1694 1560 admittatur
1704 1553 1711 1559 .
1733 1529 1767 1562 N
1771 1539 1807 1561 ec
1819 1528 1852 1560 in
1866 1527 1990 1572 Anglia
2001 1524 2117 1560 admis-

1231 1579 1299 1610 sum
1315 1577 1377 1609 fuit
1393 1587 1448 1608 aut
1461 1576 1638 1609 servatum.
2118 1604 2121 1609 .

1279 1626 1408 1664 Quarta
1421 1624 1556 1669 quaessio
1568 1625 1612 1658 est
1626 1650 1636 1665 ,
1663 1624 1720 1660 An
1734 1627 1821 1660 solus
1831 1627 1915 1661 olim
1934 1625 2030 1660 Pater
2047 1637 2115 1668 pir-

1233 1676 1323 1708 vulas
1339 1677 1408 1708 suas
1427 1675 1532 1718 proles
1544 1676 1686 1717 potuerit
1696 1677 1772 1711 Deo
1784 1689 1821 1711 ac
1836 1676 2046 1711 Monasteriis
2067 1675 2116 1708 of·

1232 1726 1313 1758 ferre
1333 1725 1351 1754 ,Ρ
1374 1723 1503 1757 Partem
1524 1726 1751 1760 affirmativam
1772 1726 1881 1760 suadet
1905 1727 1988 1760 ratio
2006 1725 2116 1769 parriae

1232 1773 1397 1818 potestatis
1412 1797 1421 1814 ,
1450 1784 1548 1817 quarn
1577 1775 1838 1818 &gentiliumec
1850 1775 2116 1809 Christianorum

1234 1826 1461 1859 Romanorum
1482 1824 1568 1869 leges
1578 1825 1637 1857 soli
1650 1825 1994 1868 Patriadscripserunt.
2021 1824 2116 1858 Hinc

1235 1876 1319 1909 solus
1331 1874 1427 1909 Pater
1439 1884 1564 1917 poterat
1574 1875 1697 1917 prolem
1710 1887 1750 1910 ex
1775 1875 1878 1910 causis
1899 1875 2037 1910 vendere
2059 1882 2117 1908 aut

1232 1920 1352 1959 donar‘e
1364 1926 1398 1959 in
1414 1926 1537 1958 servum
1549 1933 1604 1958 aut
1614 1924 1723 1959 filiurn
1735 1925 1926 1968 adoptivum
1939 1950 1946 1958 .
1974 1925 2065 1969 Ergo
2083 1924 2117 1957 &

1236 1977 1270 2010 in
1285 1974 1490 2022 Monachum
1503 2000 1510 2007 .
1538 1974 1582 2008 Et
1600 1975 1702 2018 patria
1714 1975 1847 2020 quidem
1868 1975 2009 2019 potestas
2028 1973 2117 2017 apud

1236 2025 1599 2070 primaevos'Romanos
1626 2026 1689 2060 fuit
1709 2035 1821 2065 tanta,
1856 2037 1893 2060 ut
1912 2024 2012 2059 etiarn
2040 2024 2117 2056 vita:

1232 2078 1267 2111 &
1291 2076 1379 2110 necis
1401 2075 1468 2118 jure
1489 2074 1585 2108 Pater
1605 2070 1741 2118 polleret
1765 2076 1800 2110 in
1821 2075 1943 2114 filium,
1977 2074 2117 2117 ideoque

1232 2126 1332 2171 longe
1354 2127 1459 2170 magis
1483 2127 1585 2168 posset
1606 2125 1740 2161 Divinae
1759 2126 1931 2170 praesertim
1951 2122 2119 2166 Maiestati.

1233 2177 1357 2211 tradere
1377 2177 1411 2210 in
1439 2186 1626 2219 perpetuam
1664 2177 1878 2220 servitutem.
1918 2172 2119 2217 Respondeo

1234 2238 1343 2261 tamen
1367 2224 1453 2260 hanc
1475 2226 1678 2261 oblationem
1711 2238 1780 2260 non
1801 2225 1930 2260 fundari
1962 2226 1994 2258 in
2017 2223 2120 2267 patria.

1234 2277 1407 2321 potestate.
1439 2275 1572 2310 Etenim
1596 2277 1830 2313 Theodoretus
1851 2275 2001 2319 Cyrensis
2030 2272 2121 2316 Epis*

1234 2338 1335 2371 copus
1360 2328 1391 2360 se
1412 2338 1479 2361 non
1503 2326 1521 2359 ὲ
1545 2338 1633 2369 patre
1658 2353 1668 2369 ,
1705 2326 1758 2361 sed
1782 2327 1799 2360 ὲ
1821 2327 1887 2361 sola
1919 2335 2021 2359 matre
2047 2324 2120 2359 scri-

1235 2378 1282 2412 bit
1313 2379 1388 2411 Dco
1411 2377 1503 2410 fuisse
1523 2377 1693 2412 oblatum.
1722 2378 1766 2411 Et
1787 2377 1828 2411 ad
1850 2378 2002 2411 sanetum
2039 2374 2120 2410 Am·

1221 2409 1442 2472 {philochium
1465 2426 1576 2462 scribit
1602 2428 1749 2473 Magnus
1771 2427 1906 2461 Basilius
1926 2439 1933 2458 :
1969 2424 2084 2458 Multas
2105 2445 2120 2462 ,

1222 2476 1348 2519 {utique
1363 2478 1504 2511 infantes
1515 2487 1570 2511 aut
1582 2480 1750 2521 parvulas,
1778 2480 1922 2510 Parentes
1946 2477 1979 2508 Q&
1992 2479 2120 2508 Fratres

1222 2528 1360 2569 *offerunt
1374 2553 1383 2568 ‚
1411 2528 1445 2562 ὀ·
1456 2527 1580 2569 quidam
1589 2540 1685 2562 eorum
1696 2533 1810 2572 quicar
1823 2531 1992 2570 cognatione
2008 2527 2122 2556 comin-

1233 2587 1308 2622 gunt
1332 2603 1339 2610 .
1368 2577 1500 2619 Utique
1526 2578 1719 2622 pupillarum
1742 2589 1798 2611 aut
1819 2578 1838 2609 ὲ
1861 2573 2045 2619 parentibus
2068 2569 2121 2606 de·

1240 2630 1393 2664 serrarum
1421 2629 1594 2662 Curatores
1621 2654 1628 2661 .
1665 2629 1776 2662 Etiam
1812 2625 1949 2659 Paulam
1982 2622 2122 2659 filiolam

1238 2691 1304 2713 non
1322 2687 1409 2721 pater
1422 2702 1432 2717 ,
1460 2678 1513 2711 sed
1541 2677 1607 2711 sola
1628 2687 1731 2711 mater
1756 2675 1843 2710 Laeta
1861 2677 1936 2708 Deo
1956 2674 2124 2708 consecra·

1237 2730 1283 2762 vit
1299 2754 1305 2761 .
1334 2729 1377 2761 Et
1389 2727 1534 2770 plerique
1547 2728 1645 2769 usque
1657 2725 1722 2761 huc
1734 2725 1861 2760 adduffi
1873 2725 2027 2762 Canoues
2046 2720 2125 2756 utri·

1235 2790 1298 2820 que
1309 2777 1433 2820 parenti
1457 2776 1561 2819 palam
1573 2777 1758 2811 adscribunt
1769 2786 1875 2819 parem
1888 2774 1949 2810 hac
1967 2775 2001 2809 in
2013 2787 2047 2809 re
2069 2785 2123 2818 po·

1235 2827 1400 2863 testatem.
1430 2825 1473 2859 Et
1485 2826 1644 2870 Aquensis
1666 2827 1834 2861 Abbatum
1855 2826 2048 2860 Conventus
2069 2824 2123 2857 ha·
2140 2854 2164 2884 C
2247 2856 2265 2883 6

1237 2879 1291 2913 bet
1311 2902 1317 2908 .
1353 2879 1478 2909 Puerum
1484 2884 1575 2918 pater
1585 2886 1636 2909 aut
1647 2887 1742 2911 mater
1753 2885 1879 2920 tempore
1888 2877 2042 2914 oblationis
2057 2872 2123 2914 offe·
2167 2861 2209 2884 Μ’
2223 2859 2239 2888 3
2268 2873 2278 2882 '

1239 2937 1311 2961 runt
1325 2951 1331 2958 .
1344 2928 1387 2960 Et
1398 2926 1431 2960 in
1444 2926 1550 2960 Sansti
1566 2927 1677 2961 lvonis
1689 2930 1832 2962 Decreto
1843 2925 2059 2961 Triburiensis
2068 2926 2123 2966 Sy-

1243 2976 1348 3011 nodus
1362 2978 1462 3011 sancit
1475 2989 1481 3009 ε
1498 2979 1683 3020 ‚Quicumque
1688 2978 1787 3019 filiam
1792 2976 1880 3020 suam
1891 3000 1902 3015 ,
1919 2985 1972 3009 aut
1983 2983 2100 3016 neptem
2110 3000 2121 3016 ,

1244 3030 1293 3062 vel
1297 3037 1453 3070 parentem
1459 3025 1547 3069 suam
1559 3032 1621 3061 Deo
1630 3032 1831 3070 Omnipotentt
1852 3024 1953 3066 offerre
1973 3026 2123 3063 voluerit,

1244 3079 1395 3114 licentiam
1407 3078 1517 3110 habeat
1527 3101 1534 3109 .
1565 3078 1696 3122 Utique
1711 3089 1838 3121 neptem
1851 3101 1861 3117 ,
1871 3076 1922 3109 vel
1936 3086 2100 3118 parentem
2113 3099 2125 3115 ,

1247 3129 1336 3171 cujus
1348 3127 1495 3162 habuerit
1510 3129 1645 3162 tutelam
1660 3153 1668 3160 .
1694 3129 1799 3162 Lucet
1811 3138 1851 3159 ex
1865 3125 2054 3168 praecedenti
2064 3127 2127 3160 Ca-

1246 3189 1334 3213 none
1354 3191 1363 3211 :
1403 3178 1508 3211 Puella
1521 3177 1550 3220 fi
1564 3187 1635 3212 ame
1661 3179 1808 3211 duodecim
1829 3181 1931 3209 etatis
1951 3173 2018 3219 suae
2033 3186 2126 3208 annor

1243 3228 1346 3272 sponte
1362 3227 1421 3271 sua
1439 3226 1559 3271 sacrum
1579 3228 1632 3270 fibi
1642 3229 1777 3261 velamen
1788 3228 1904 3269 assumit
1923 3250 1933 3265 ,
1955 3223 2126 3268 poffintstae-

1247 3286 1301 3311 tim
1319 3274 1474 3321 parentes*
1484 3280 1536 3312 vel
1551 3287 1661 3311 tutores
1690 3279 1756 3316 ejus
1782 3278 1817 3308 id
1847 3276 1967 3318 fadum
2003 3280 2123 3307 :tritum

1242 3330 1342 3371 facere
1363 3352 1373 3367 ‚
1392 3328 1423 3370 fi
1444 3329 1554 3362 velint.
1580 3326 1718 3360 Possunt
1744 3328 1776 3360 ὃς
1804 3326 1977 3360 ratificare.
2003 3323 2046 3355 Et
2059 3321 2126 3355 haec

1251 3379 1423 3413 ratificatio
1450 3377 1546 3411 habet
1570 3376 1636 3410 vim
1664 3375 1860 3410 oblationis.
1887 3372 2044 3415 Riculphi
2069 3371 2128 3404 Ar-

1251 3427 1446 3473 chiepiscopi
1481 3427 1567 3471 prlor
1589 3427 1791 3472 Mogontina
1819 3421 1966 3468 Synodus
1989 3421 2128 3456 eandem

1993 3482 2082 3516 pote-
