2352 3736
71 530 229 566 Cro-112

71 2625 145 2654 Cau.
163 2632 211 2657 ²9·

75 2663 135 2692 Y-ol.
166 2671 212 2698 97.

78 2817 137 2850 1³01.
147 2820 214 2849 161.

87 3384 143 3415 1²01.
163 3392 224 3420 ¹13-

531 144 729 190 DeS.

233 227 408 275 'Epistopo
419 228 516 264 etiam
530 228 651 272 placuit
666 254 671 260 .
699 227 800 274 Qod
813 228 904 262 enim
915 225 1008 262 extra
1019 235 1129 260 muros

242 279 370 315 'nullam
381 281 479 315 etiam
504 278 701 314 Parochiam
726 277 866 319 habeat,
891 278 979 312 lucet
999 288 1041 310 ex
1062 285 1127 309 ma-

235 330 355 365 chinis
365 356 374 371 ‚
394 341 473 374 quas
486 328 655 364 adversum
668 326 900 363 Patriarchales
918 326 1128 361 Ecclefiarurn

245 392 284 414 ac
308 380 583 415 Monasteriorurn
605 379 830 423 exemptiones
850 378 882 411 &
905 375 1127 411 patriarcham

244 428 405 472 Joannem
430 431 580 465 Veccurn
603 430 709 463 movit
738 428 824 462 isaac
857 425 1130 470 Archiepiscopus

246 480 445 524 Ephefinus.
474 478 713 524 Ipsasrefertin
735 479 828 512 sexto
849 476 909 510 suae
929 475 1069 510 historiae
1092 476 1130 508 li—

242 530 306 566 bro
317 531 481 576 Georgius
493 529 729 576 pachymeres.
758 527 852 560 Hinc
875 526 956 571 ergo
981 524 1129 568 intellige

241 579 315 615 >haec
326 580 468 624 superius
480 589 655 614 memorata
668 578 775 611 Sancti
789 576 977 610 Innocentii
1002 576 1043 609 ad
1065 574 1129 607 De-

243 632 394 665 centium
406 630 519 665 verba:
534 629 627 672 ‚Quod
632 635 686 669 per
707 626 869 660 Parochias
882 626 947 668 fieri
957 625 1061 658 debere
1074 635 1130 656 non

243 690 329 723 puto.
338 683 424 724 ,Quia
433 690 489 713 non
499 679 581 722 longe*
587 678 740 720 portanda
747 676 819 720 sunt
829 680 1021 709 sacramenta
1034 698 1041 705 .
1066 678 1131 708 Nec

240 741 300 763 rios
317 738 374 772 per
402 733 579 762 Coemeteria
607 726 731 770 diversa
762 725 918 765 constitutis
952 723 1129 763 Presbytcris

246 779 424 819 destinamus
445 804 453 810 .
493 777 644 812 Affirmat
675 776 902 820 symbolicum
934 774 1130 808 fermentum

245 828 266 862 ᾗ
296 829 459 863 Romanis
491 827 713 861 Pontificibus
749 836 810 860 nee
850 836 910 868 per
954 823 1131 858 Parochias

245 878 336 913 mitti
362 903 375 919 ,
417 889 479 913 nec
513 878 614 911 etiarn
651 887 705 918 per
741 874 940 910 Coemeteria
961 898 968 906 .
1025 874 1130 923 Qod

245 927 365 972 nempe
390 929 541 962 Romana
580 925 737 960 Dioecefis
779 925 888 960 nullas
917 922 1051 959 haberet
1084 926 1132 958 fo·

238 978 349 1012 irenses
368 975 562 1016 Parochias,
594 976 629 1010 δε
658 974 772 1011 omnia
802 975 1000 1010 Coemeteria
1030 975 1131 1009 essent

242 1025 477 1061 extramuros.
506 1026 660 1060 Decentii
683 1026 800 1060 relatio
830 1025 985 1069 supponit
1023 1025 1131 1059 iauda-

240 1086 318 1110 tum
339 1078 535 1110 fermentum
569 1076 586 1109 ὲ
606 1073 801 1119 quibusdam
829 1075 999 1119 Episcopis
1039 1074 1132 1109 fuisse

240 1126 388 1162 omnino
413 1126 542 1160 missum
565 1126 669 1160 etiam
691 1125 732 1160 ad
759 1123 935 1159 Parochias
957 1150 965 1156 .
997 1125 1041 1158 Et
1064 1125 1131 1158 exi-

243 1176 345 1211 ssimo
372 1174 460 1210 hunc
496 1186 621 1210 morem
649 1175 733 1210 olim
764 1176 859 1209 fuisse
896 1174 1127 1210 universalem.

242 1226 319 1260 Cur
341 1227 492 1261 Romana
527 1226 669 1261 Ecclefia
700 1225 795 1259 illum
827 1225 1022 1265 mutaverit,
1061 1237 1129 1259 non

239 1276 364 1320 poffim
383 1274 486 1310 certus
506 1276 664 1312 affirmare
679 1302 686 1310 .
709 1275 810 1319 Supte
831 1275 903 1310 dixi
931 1286 1042 1310 meum
1065 1276 1131 1309 sen-

242 1326 318 1360 sum
330 1351 338 1358 .

298 1376 449 1424 Qaestio
459 1387 572 1421 quarta
583 1377 629 1412 est
642 1401 652 1418 ,
678 1376 734 1411 An
756 1376 841 1411 istud
855 1378 1050 1411 fermentum
1064 1376 1131 1409 fue-

243 1425 289 1460 rit
298 1425 529 1461 Eucharistia?
554 1428 722 1461 Dominus
742 1426 928 1461 Cardinalis
946 1427 1049 1460 Caesar
1073 1425 1131 1458 Ba-

243 1476 362 1510 ronius
383 1487 502 1520 negat.
542 1476 693 1511 Affirmat
712 1476 804 1510 fuisse
823 1476 1002 1519 simplicem
1029 1475 1132 1509 Eulo-

244 1524 334 1569 giam
357 1538 368 1559 .-
402 1528 493 1569 quod
528 1527 680 1561 Romana
711 1525 853 1560 Ecclesia
891 1525 1132 1561 Eucharistiam

244 1585 415 1618 nunquam
437 1576 614 1610 confecerit
628 1576 663 1609 in
674 1576 888 1609 fermentato.
931 1573 1131 1616 Respondeo

240 1633 357 1659 tamen
368 1626 463 1658 fuisse
476 1623 732 1658 Eucharistiam.
759 1623 849 1659 Nam
873 1623 965 1667 quod
988 1623 1132 1658 Ecclefia

241 1673 329 1708 olim
352 1671 587 1708 Eucharistiam
610 1674 643 1708 in
667 1672 853 1708 Catholicae
873 1674 1132 1707 communionis

241 1724 441 1766 Symbolum
455 1724 679 1764 transmiserit,
705 1724 771 1766 jam
794 1722 921 1757 ostendi
947 1734 988 1756 ex
1013 1722 1132 1756 Sancto

244 1773 368 1808 irenaeo
383 1798 395 1813 ,
420 1785 462 1807 ex
485 1774 603 1807 Sansto
627 1774 777 1816 Justino,
803 1785 840 1807 ac
865 1782 921 1815 per
943 1771 1132 1815 exemplum

245 1823 355 1857 Sancti
367 1822 523 1858 Tharfitii
540 1836 550 1856 .-
576 1823 610 1857 &
622 1825 794 1857 confirmat
808 1824 842 1857 in
857 1821 1011 1856 Laufiaca
1035 1820 1134 1855 histo-

243 1873 295 1907 ria
317 1871 484 1907 Palladius
507 1873 687 1916 Episcopus
708 1872 1028 1916 Helenopolitanus.
1066 1871 1134 1906 Va-

243 1922 349 1963 riam,
377 1933 439 1966 qua
453 1922 610 1967 AEgyptii
624 1922 787 1957 Monachi
808 1923 1045 1957 consueverunt
1069 1922 1133 1955 sese

242 1972 389 2006 invicem
402 1971 547 2015 hospitio
559 1973 717 2016 suscipere
727 1998 738 2013 ,
763 1971 959 2007 charitatem
970 1972 1108 2015 exponit
1122 1996 1133 2012 ,

242 2021 442 2067 &adjungit
463 2023 505 2056 de
526 2023 594 2066 ejus
614 2023 879 2066 complemento.
908 2026 990 2055 Viris
1013 2027 1132 2066 magnis

245 2083 308 2105 mos
334 2071 371 2113 est
398 2071 474 2104 nihil
497 2079 595 2105 carnis
620 2074 802 2113 admittere,
825 2071 1006 2116 priusqutim
1039 2071 1133 2114 spiri-

248 2123 308 2155 tale
332 2123 506 2154 alimentum
532 2128 643 2155 am'mae
669 2124 853 2156 tradiderint
874 2147 882 2155 .
922 2126 996 2155 Haec
1033 2131 1132 2154 autem

248 2169 287 2212 est
323 2169 430 2211 Christi
467 2175 654 2205 Communia.
693 2175 771 2206 Cum
811 2174 876 2214 eJ’us
911 2175 978 2217 crgo
1007 2171 1132 2214 fuissent

244 2225 411 2263 participes
435 2223 469 2255 (a-
490 2222 607 2265 egissent
622 2228 765 2266 gratias,
791 2227 834 2256 Or
869 2222 969 2256 Abbas
990 2221 1128 2255 hortatus

246 2271 288 2311 est
299 2272 342 2303 ad
351 2269 497 2314 mensam.
538 2272 604 2306 Uti
629 2272 775 2307 Romani
795 2272 975 2307 Pontifices
996 2272 1129 2306 advenis

245 2321 440 2365 Episcopis,
468 2322 512 2355 ita
531 2321 567 2355 hi
586 2321 750 2357 Monachi
772 2323 907 2357 advenis
931 2322 1078 2366 Collegis
1094 2322 1129 2355 in

246 2371 457 2405 fraternitatis
468 2372 613 2406 tesseram
633 2371 756 2408 dabant
779 2372 843 2406 hoc
865 2375 1128 2408 Sacramentum.

246 2420 293 2453 Et
316 2419 355 2453 de
374 2420 504 2455 duobus
523 2433 578 2465 per
602 2422 764 2467 AEginam
787 2423 821 2457 in
848 2422 969 2457 Cilicia
1004 2422 1130 2465 Stylitis

245 2469 449 2511 Monachis,
474 2473 646 2514 quomodo
656 2473 714 2507 fibi
728 2473 845 2507 mutuo
866 2473 1008 2508 eundern
1032 2474 1067 2507 in
1094 2473 1130 2506 fi-

245 2530 324 2553 nem
335 2522 571 2556 transmiserint
592 2522 850 2564 Eucharistiam‚
880 2525 913 2558 in
933 2523 1034 2558 Prato
1061 2523 1128 2565 Spi-

247 2569 356 2603 rituali
390 2572 484 2606 refert
523 2573 656 2606 Sanetus
697 2572 900 2618 Sophronius
943 2571 1127 2607 Patriarcha

247 2619 572 2664 Hierosolymitanus
594 2646 601 2654 .
639 2623 684 2657 Et
720 2624 762 2658 de
787 2625 914 2659 noviter
936 2623 1128 2658 consecratis

249 2667 447 2711 presbyteris
477 2672 587 2706 statuit
618 2674 771 2716 antiquus
804 2674 899 2708 Ordo
933 2674 1125 2708 Romanus:

248 2719 346 2750 Tollat
366 2721 507 2760 Pontifex
529 2723 657 2756 oblatas
682 2729 838 2767 integras,
877 2726 911 2758 ὢ·
936 2726 985 2758 det
1002 2722 1128 2768 fingulis

250 2772 391 2800 Novitiis
405 2770 431 2799 P
433 2780 480 2802 ’Ἢ
480 2769 582 2808 biteris
593 2796 604 2812 ‚
626 2775 661 2807 (9·
670 2775 740 2807 indo>
750 2778 956 2808 communicent
965 2773 1055 2816 usque
1067 2775 1128 2807 dies

249 2818 327 2850 ocio.
356 2819 399 2851 Et
410 2816 452 2851 de
463 2824 767 2857 recensconsecrata
778 2824 943 2869 Virgine:
972 2823 1129 2866 Postquam

249 2873 478 2902 communicavit
490 2893 500 2908 ,
527 2868 656 2912 reservet
670 2872 706 2905 de
720 2872 787 2915 ipsa
800 2878 1006 2907 communione
1016 2898 1025 2912 ,
1049 2875 1129 2907 unde³

250 2916 342 2961 usque
352 2917 541 2951 adollamim
554 2921 632 2953 diem
643 2927 828 2954 communicet
841 2948 848 2955 .
871 2924 915 2957 Et
937 2925 978 2957 de
1003 2925 1129 2957 noviter

250 2968 439 3002 consecrato
458 2969 621 3013 Episcopo
633 2970 739 3004 scribit
751 2972 834 3015 apud
849 2971 1028 3006 Alcninum
1041 2973 1131 3008 Flac-

251 3027 329 3051 cum
341 3021 448 3053 auCior
456 3018 497 3052 de
523 3020 753 3054 Ecclesiasticis
774 3021 923 3056 officiis}
941 3024 990 3055 Ad
1007 3033 1131 3057 commu·

253 3069 412 3101 meandum
425 3069 567 3110 Pontifex
593 3069 811 3104 consecrator
826 3077 953 3116 porrt‘git
975 3077 1001 3106 ci
1018 3072 1131 3113 forma·

254 3125 319 3149 tam
327 3118 541 3161 atquesacram
553 3119 737 3153 oblationem.
774 3122 878 3164 ,Quam
899 3126 1041 3164 accipiens
1060 3134 1132 3156 com-

255 3166 481 3210 municatsuper
493 3171 593 3203 Altare
608 3195 617 3211 ,
644 3178 751 3203 caetera
776 3171 847 3204 verb
867 3170 1001 3214 reservat
1015 3170 1070 3213 fibi
1093 3175 1136 3206 ad

255 3220 527 3252 communicandum
539 3218 627 3262 usque
640 3221 684 3253 ad
693 3221 898 3264 quadraginta
919 3222 986 3255 dies
996 3245 1003 3252 .
1031 3222 1133 3269 Qod

256 3265 485 3309 ipsumstatuit
499 3269 647 3305 laudatus
676 3271 771 3305 Ordo
795 3270 986 3311 Romanus,
1013 3272 1134 3307 addens

256 3317 432 3350 formatam
440 3316 533 3351 illam
545 3328 643 3362 atque
652 3321 805 3355 sacratam
819 3320 1022 3355 oblationem
1041 3321 1135 3357 debe·

257 3377 295 3400 xe
304 3368 367 3400 effe
379 3368 539 3411 integram
552 3393 559 3399 .
581 3368 683 3415 Qod
698 3370 799 3412 ipsum
811 3368 934 3407 habent
946 3371 1050 3414 plures
1061 3396 1071 3412 ,
1082 3383 1135 3416 per

261 3415 421 3458 Ioannem
433 3417 606 3451 Morinum
620 3420 653 3452 in
667 3431 762 3462 opere
773 3421 814 3455 de
827 3422 924 3457 sactis
943 3420 1137 3458 Ordinatio·

357 3466 467 3508 christ.
482 3471 561 3511 Lupi
570 3473 658 3511 Oper.
673 3472 749 3503 Tom.
763 3474 812 3504 W.

801 145 1138 189 LEONIS

1139 239 1157 3521 ww

1203 139 1445 188 >Noni
1514 141 1807 186 Acr1s.
1905 156 1998 199 329

1192 225 1288 261 nibus
1298 223 1450 265 adducti,
1475 222 1602 267 antiqui
1614 219 1832 257 Ecclefiarunfi
1853 221 1930 257 libri
1953 221 2067 259 Ritua-

1190 276 1254 310 les.
1277 274 1367 309 Idem
1379 275 1459 308 ritus
1469 276 1608 308 serv-atus
1620 274 1704 307 olim
1724 272 1789 307 fuit
1808 273 1843 306 in
1863 272 2068 317 Moguntina

1194 325 1336 359 Ecclesia
1353 350 1360 357 .
1389 324 1515 359 Verum
1528 323 1675 358 novellus
1687 323 1867 366 Episcopus
1886 333 1928 356 ex
1949 323 2069 358 sacrata

1189 375 1300 409 oblata
1323 387 1378 418 per
1402 375 1487 409 solos
1519 374 1654 419 triginta
1687 373 1757 407 dies
1787 372 2069 408 communicabat.

1191 425 1292 459 Lucet
1304 436 1343 459 ex
1356 425 1482 470 Rituali
1506 436 1562 468 per
1587 422 1950 458 laudatumMorinum
1971 422 2071 457 addu-

1190 477 1242 509 c'to
1263 475 1353 509 istius
1373 474 1520 509 Ecclefiae
1542 474 1649 507 libro:
1675 477 1754 506 Cum
1773 481 1898 507 ventum
1912 473 2010 515 fuerit
2029 473 2075 505 a‘d

1188 526 1462 559 communicandum
1479 549 1490 565 ,
1527 524 1648 557 Elecius
1680 523 1902 558 communicabit
1925 523 1962 556 de
1983 534 2074 557 manu

1191 575 1350 619 Episcopi,
1379 580 1524 615 accipiens
1539 573 1667 614 Hostiam
1677 579 1842 618 mtegram.
1870 575 1901 607 Si
1912 573 1988 616 quid
2012 571 2074 614 refi-

1190 627 1282 658 duum
1285 625 1405 666 fuerit,
1426 623 1563 667 servabit
1567 622 1622 664 fibi
1634 625 1678 656 ad
1685 624 1955 658 communicandum
1980 628 2074 666 quoti—

1189 675 1239 708 die*
1253 683 1311 717 per
1332 679 1462 717 triginta
1485 674 1567 707 dies.
1603 673 1706 721 Qod
1729 673 1895 708 Gallicani
1918 673 2074 717 Episcopi

1191 724 1382 758 cunstisase
1404 722 1599 757 consecratis
1619 722 1817 765 presbyteris
1837 725 1992 758 sacratam
2014 734 2072 766 pro

1190 773 1404 818 quadraginta
1421 773 1547 806 dierum
1569 772 1820 806 Communione
1840 772 1996 806 Hostiam
2015 773 2075 806 im-

1190 824 1367 868 partirent,
1394 823 1532 856 affirmat
1556 823 1590 856 in
1613 822 1728 856 litteris
1749 821 1790 856 ad
1813 820 2013 862 Finardum,
2040 823 2075 856 &

1191 873 1275 908 datis
1288 872 1467 908 rationibus
1479 872 1594 917 probat
1608 872 1740 907 San-stus
1750 872 1778 905 F
1780 870 1923 906 ulbertus
1945 872 2078 915 Episco-

1191 936 1249 968 pus
1262 924 1471 958 Carnutenfis
1483 949 1490 955 .
1518 923 1735 957 Deordinato
1759 923 1887 956 noviter
1908 921 2079 964 Presbyte-
2097 940 2183 981 Epist·
2204 951 2231 971 Ζ.

1191 986 1227 1008 ro
1240 973 1338 1016 habet
1359 973 1460 1008 etiam
1483 973 1673 1008 Graecorum
1697 971 1967 1017 Euchologium:
1996 975 2078 1006 Acce-

1190 1025 1237 1058 dit
1247 1026 1416 1058 Ordinatus
1424 1047 1434 1063 ,
1455 1025 1490 1058 (θ’
1502 1024 1644 1066 Pontifex
1649 1022 1788 1066 sanHum
1802 1026 1916 1057 Panem
1930 1028 1957 1057 ei
1968 1024 2077 1064 tradit,

1190 1077 1290 1108 dicens
1302 1100 1312 1115 ,
1340 1079 1439 1116 Accipe
1452 1073 1609 1116 depositum
1628 1072 1706 1113 istud
1717 1099 1726 1115 ‚
1753 1075 1786 1107 e·
1808 1073 1914 1114 custodi
1936 1074 2013 1106 illud
2031 1071 2077 1116 us-

1190 1136 1244 1167 que
1257 1126 1300 1158 ad
1308 1126 1477 1159 adventum
1488 1127 1610 1157 Domini
1620 1124 1706 1163 nostri
1718 1124 1788 1166 JES
1795 1122 1843 1157 U·
1856 1122 2054 1157 CHRISTI
2066 1149 2077 1164 ,

1190 1186 1255 1209 cum
1276 1178 1296 1208 ci
1317 1184 1346 1209 te
1377 1182 1522 1217 repetetur
1535 1199 1543 1207 .
1572 1175 1616 1208 Et
1637 1174 1720 1208 infra
1735 1188 1745 1207 .·
1771 1177 1847 1207 Cum
1869 1174 2001 1207 didimus
2021 1185 2052 1207 es
2068 1198 2079 1214 ,

1191 1225 1302 1259 Sanda
1312 1225 1430 1259 Sanblis
1445 1250 1455 1265 ,
1482 1235 1551 1258 tunc
1561 1226 1729 1258 Ordinatur
1748 1232 1862 1266 panem
1879 1222 2018 1267 samqum
2037 1234 2081 1256 re-

1186 1275 1317 1316 stituat.
1354 1275 1392 1309 In
1411 1275 1678 1309 Christianiffimi
1711 1274 1814 1320 Regis
1849 1271 2080 1313 Bibli0theca‚

1191 1336 1227 1359 ac
1250 1326 1284 1359 iu
1310 1326 1443 1369 Cryptae
1464 1327 1584 1360 ferratae
1608 1325 1813 1359 Monasterio
1824 1324 1955 1358 exstans
1974 1334 2083 1358 exem-

1192 1376 1258 1418 plar
1268 1375 1379 1409 addit:
1408 1379 1437 1408 E
1441 1385 1454 1408 t
1460 1384 1515 1418 per
1521 1375 1639 1419 septem
1649 1377 1711 1409 dies
1721 1380 1871 1409 continuos
1888 1375 2020 1417 quotidie
2042 1383 2083 1406 ce-

1189 1425 1303 1459 lebrat.
1331 1425 1462 1467 Utique
1473 1438 1514 1459 ex
1536 1436 1671 1468 accepto
1694 1428 1785 1460 sacro
1808 1425 1915 1459 Pane.
1948 1423 2004 1456 An
2027 1422 2083 1456 hic

1191 1476 1287 1508 fuerit
1321 1472 1524 1508 Eucharissia
1546 1474 1678 1518 quidam
1713 1474 1866 1509 dubitant
1886 1487 1896 1507 .·
1937 1484 1995 1507 nec
2018 1473 2085 1506 fine

1191 1524 1432 1558 fundamentis.
1460 1522 1636 1571 Qidquid
1648 1525 1683 1558 fit
1697 1549 1707 1564 ,
1733 1524 1824 1558 datas
1850 1525 1867 1556 :¹1
1888 1524 2018 1557 Latinis
2039 1523 2084 1555 E-

1192 1574 1331 1617 piscopis
1351 1575 1519 1606 Formatas
1552 1585 1676 1607 certum
1695 1573 1740 1606 est
1759 1575 1855 1608 fuisse
1885 1570 2086 1606 Eucharisti-

1192 1635 1244 1657 cas
1257 1649 1263 1654 .
1290 1622 1373 1656 Haec
1386 1624 1475 1656 enim
1488 1622 1582 1657 verba
1608 1649 1618 1664 ,
1645 1628 1794 1657 Formam
1807 1625 1841 1658 &
1852 1626 1982 1657 sacrata
1994 1621 2085 1655 obla-

1193 1679 1256 1711 tio,
1285 1683 1350 1704 non
1373 1673 1541 1714 patiuntur
1562 1673 1661 1706 alium
1687 1675 1815 1707 sensum
1829 1699 1836 1705 .
1866 1673 1915 1707 At
1937 1672 2016 1706 vero
2037 1672 2086 1705 iis-

1193 1722 1268 1756 dem
1289 1721 1395 1755 verbis
1418 1731 1557 1756 utuntur
1593 1723 1627 1756 &
1646 1722 1853 1757 Me1chiades
1871 1724 1905 1757 &
1929 1722 2085 1762 Siricius,

1193 1782 1289 1815 atque
1302 1770 1503 1816 adjungunt:
1535 1775 1588 1804 Ex
1602 1771 1767 1815 consecratu
1789 1772 1948 1816 Episcopi.
1987 1772 2088 1805 Inno-

1193 1821 1319 1855 centius
1330 1822 1420 1855 addit
1434 1823 1495 1855 cffe
1508 1823 1702 1855 Sacramenta
1723 1834 1781 1855 non
1804 1824 1887 1866 longe
1910 1823 2084 1863 portanda.

1197 1872 1328 1915 Utique
1339 1871 1383 1907 ob
1395 1873 1513 1906 fastum
1535 1872 1600 1905 illis
1626 1873 1735 1906 casum
1761 1873 1795 1906 in
1821 1873 1939 1907 Sanno
1953 1869 2086 1905 Tharsi-

1193 1925 1258 1956 tio.
1287 1922 1331 1955 Et
1348 1932 1414 1955 tam
1435 1923 1606 1956 transmisi]
1631 1923 1805 1962 fermenti,
1833 1922 1931 1966 quam
1956 1922 2088 1956 donatae

1194 1973 1353 2005 Formatae
1364 1972 1443 2004 ritus
1455 1982 1521 2005 erat
1534 1971 1678 2013 ejusdem
1690 1971 1940 2016 significationis
1962 1971 1997 2004 <Sc
2015 1972 2088 2006 effe-

1193 2023 1280 2056 etus.
1309 2012 1745 2066 Haeclegifimamiegitima
1755 2022 2004 2056 consecratione
2029 2021 2086 2055 da-

1193 2082 1260 2105 tam
1272 2071 1455 2105 missionem
1470 2096 1480 2111 ‚
1509 2071 1589 2105 illud
1604 2070 1737 2105 liberam
1752 2072 1786 2105 in
1800 2068 1987 2105 Parochiali
2014 2072 2092 2105 offi-

1192 2122 1246 2155 cio
1256 2122 1507 2161 executionem,
1545 2121 1738 2166 plenamque
1756 2120 1913 2156 donantis
1934 2130 1989 2155 aut
2009 2122 2088 2155 mit-

1192 2172 1289 2205 tentis
1310 2183 1387 2205 cum
1409 2172 1583 2215 accipienti
1607 2171 1891 2206 Communionem
1925 2171 2086 2205 testaban-

1192 2232 1264 2262 tur,
1301 2222 1336 2255 &
1358 2222 1420 2255 toti
1446 2222 1571 2265 populo
1592 2222 1855 2256 annuntiabant.
1898 2222 1972 2255 Nec
1992 2221 2086 2257 enim

1193 2271 1287 2316 possit
1298 2271 1444 2317 ambigi,
1471 2273 1549 2315 quin
1562 2271 1699 2305 solemni
1720 2273 1784 2306 ritu
1809 2272 2006 2306 fermentum
2033 2272 2087 2306 de-

1192 2324 1326 2356 ferretur
1340 2348 1347 2354 .
1373 2321 1483 2356 Dabat
1491 2322 1733 2363 conficiendorum
1752 2324 2006 2357 sacramentorum
2026 2325 2085 2362 jus

1190 2382 1279 2415 atque
1289 2373 1438 2406 licentiam
1450 2398 1457 2405 .
1486 2372 1653 2419 roirca
1666 2373 1820 2407 existimo
1834 2373 1927 2407 fuisse
1953 2371 2085 2406 Eucha-

1192 2423 1332 2457 rissiam.

1240 2473 1367 2507 Verum
1383 2472 1434 2507 his
1444 2473 1569 2508 obstare
1582 2473 1711 2508 videtur
1721 2483 1856 2516 quartus
1872 2473 2083 2508 decimusCa-

1192 2535 1260 2557 non
1285 2524 1480 2558 Laodicenae
1503 2523 1649 2566 Synodi:
1688 2526 1782 2568 Quod
1806 2525 1917 2558 sanda
1940 2549 1949 2563 ‚
1989 2523 2082 2561 instar

1192 2574 1383 2617 Eulogiarum
1407 2599 1417 2614 ,
1454 2579 1487 2606 in
1507 2574 1591 2614 Festo
1613 2573 1736 2616 Paschae
1755 2576 1799 2607 ad
1819 2577 1896 2608 alias
1922 2574 2081 2606 Parochias

1191 2622 1356 2666 transmitti
1367 2634 1423 2656 non
1435 2623 1563 2657 debeant
1578 2650 1584 2658 ,
1611 2624 1786 2658 Canonem
1797 2623 1999 2659 Theodorus
2012 2622 2084 2656 Bal-

1192 2674 1303 2707 samon
1319 2685 1563 2708 commentatur
1574 2671 1637 2708 hoc
1648 2673 1750 2708 modo
1762 2689 1773 2707 :
1799 2676 1893 2718 ,Quod
1917 2676 1954 2716 fit
1965 2673 2049 2705 hodie
2061 2675 2081 2704 ἂ

1193 2727 1333 2756 Latinis.
1361 2728 1397 2756 In
1420 2723 1504 2762 Festo
1525 2729 1602 2757 enim
1628 2723 1751 2767 Pascbae
1775 2724 1955 2764 distribuunt
1980 2725 2080 2758 Laicis

1191 2784 1293 2812 azyma
1316 2797 1326 2813 ,
1355 2772 1511 2815 postquam
1528 2772 1720 2815 sancqificata
1735 2773 1872 2815 fuerint,
1894 2773 2026 2814 perinde
2047 2780 2081 2803 ut

1191 2828 1371 2857 communia.
1399 2826 1455 2855 Hoc
1467 2829 1556 2856 etiam
1567 2825 1637 2856 olim
1643 2823 1736 2865 fiebat
1748 2826 1769 2857 ἃ
1780 2822 1883 2863 nostris
1899 2846 1908 2862 ,
1935 2830 1968 2854 ut
1982 2821 2019 2860 cst
2030 2832 2081 2855 ver

1191 2886 1223 2907 ro
1231 2873 1326 2916 fimile
1339 2897 1349 2913 ,
1376 2878 1408 2906 in
1416 2873 1532 2906 Sanc‘lls
1546 2873 1686 2914 Mystcriis
1699 2899 1708 2906 .
1736 2878 1841 2906 Canon
1851 2875 1917 2916 ergo
1940 2871 1990 2903 hoc
2011 2878 2078 2913 pro-

1191 2923 1293 2964 bibet,
1319 2924 1352 2956 (5·
1366 2922 1476 2963 statuit
1493 2935 1550 2956 non
1572 2925 1621 2967 effe
1642 2924 1698 2957 buc
1719 2925 1753 2958 (9·
1778 2925 1845 2957 illuc
1865 2921 2078 2962 transferenda

1192 2974 1302 3008 saneta
1314 2998 1323 3013 ,
1332 2975 1461 3015 perinde
1469 2984 1504 3006 ut
1516 2981 1678 3007 communia
1690 2975 1724 3007 (θ’
1734 2975 1891 3017 vulgaria.
1921 2972 2076 3006 Affirmat

1193 3036 1260 3058 non
1274 3025 1337 3056 effe
1350 3023 1584 3057 Eucharistiam
1600 3047 1610 3062 ,
1623 3023 1675 3057 sed
1687 3024 1865 3066 simplicem
1879 3021 2056 3065 Eulogiam
2067 3046 2075 3053 .

1195 3075 1236 3108 Et
1260 3073 1394 3116 quidem
1417 3072 1506 3116 quod
1528 3074 1639 3107 Latini
1665 3072 1819 3116 Episcopi
1854 3072 1889 3106 in
1925 3068 2076 3107 Paschali

1193 3123 1393 3159 olimfesto
1413 3123 1641 3156 consueverint
1661 3121 1719 3156 sibi
1743 3133 1858 3157 mutuo
1897 3120 2076 3166 Eulogiam

1195 3172 1434 3212 transmittere,
1460 3171 1558 3206 docet
1580 3170 1667 3216 apud
1689 3171 1923 3216 Marculphum
1942 3171 2077 3213 quadra-

1196 3224 1311 3269 gesima
1322 3222 1460 3256 secunda
1477 3222 1618 3257 formula
1629 3248 1640 3263 ,
1663 3223 1716 3256 cui
1729 3222 1774 3256 est
1788 3222 1852 3256 haec
1866 3220 2053 3266 Epigraphe
2068 3233 2074 3251 :

1196 3272 1345 3307 Indiculus
1368 3270 1529 3317 Episcopi,
1556 3278 1607 3315 qui
1630 3274 1675 3305 ad
1694 3273 1785 3306 alium
1803 3278 1836 3305 in
1860 3270 2075 3315 Resurrec‘lione

1199 3327 1316 3356 Domini
1335 3318 1476 3365 Eulogius
1499 3323 1619 3367 dirigit.
1645 3322 1714 3357 lstae
1735 3322 1882 3356 formulae
1902 3323 1921 3355 s
1922 3329 1979 3355 unt
2002 3320 2076 3351 irre-

1199 3371 1354 3418 fragabile
1367 3371 1590 3407 testimonium
1602 3371 1780 3407 constantis
1803 3371 1979 3407 Gallicanae
1997 3377 2077 3402 conf

1203 3422 1391 3460 suetudinis.
1427 3422 1503 3458 Esse
1523 3421 1693 3467 insigniter
1715 3423 1887 3467 antiquam
1905 3418 2078 3502 cgnsuetu-

1547 3472 1584 3509 T
1604 3483 1618 3507 t
1940 3476 2028 3503 inem
