2352 3736
358 158 454 208 356

868 137 1509 185 DISSERTAT10

296 233 441 268 baumes.
478 227 534 261 Ab
553 221 726 258 elementis
745 231 817 255 non
838 218 965 255 tantum
988 218 1169 264 cinguntur
1234 221 1361 256 Divina
1375 220 1549 264 Majestas‚
1576 222 1728 267 portione
1737 227 1931 263 censuerunt
1951 230 2112 265 uniendos

294 283 402 318 nostra
425 285 581 318 corpora,
606 272 662 308 sed
683 271 784 306 etiarn
805 282 846 304 ex
870 269 942 312 ipfis
963 270 1145 306 formantur
1161 294 1171 311 ,

294 330 523 378 organizantur
555 348 568 365 ,
590 335 628 359 ac
650 322 857 358 nutriuntur:
883 330 982 365 quare
1002 320 1068 356 illis
1085 319 1170 356 dete-

294 378 421 417 rioratis
431 375 532 410 etiarn
546 373 611 410 haec
624 385 691 409 non
705 380 884 414 potuerunt
907 380 975 405 non
998 368 1170 406 deteriora·

293 433 337 467 11.
365 427 460 461 Hinc
470 426 549 473 ergo
561 423 631 468 post
653 421 814 456 diluvium
837 420 967 457 brevior
987 421 1089 465 coepit
1109 422 1172 456 effe

293 480 401 515 nostra
415 477 482 511 vitu
498 501 510 517 ‚
536 471 724 510 &solidiori
737 473 885 507 carnium
907 470 1069 507 alimento
1090 470 1173 507 indi-

291 540 367 574 gere
381 552 389 562 .
415 527 508 562 Hinc
517 525 574 570 qui
586 533 703 568 aquam
715 523 810 559 antea
836 521 1042 563 biberamus,
1077 522 1175 565 coepi·

291 590 366 614 mus
387 579 500 612 vineas
522 575 669 620 plantare
688 573 723 607 &
750 572 866 607 vinum
886 571 1015 607 bibere.
1053 571 1175 607 Hinc&

291 627 501 667 Gentilibus,
527 625 594 659 Dei
607 624 760 667 mysteria
772 635 856 658 caeco
866 624 988 657 mentis
999 623 1100 657 oculo
1112 622 1175 665 pal·

290 678 445 723 pantibus
467 702 479 721 ,
517 676 588 713 fista
615 674 660 710 est
694 673 803 711 fabula
839 684 1012 710 aureorum
1047 672 1176 709 saeculo-

289 741 376 765 rum.

338 779 411 816 Cur
421 777 497 814 vero
510 778 635 813 Divina
649 776 788 811 Bonitas
799 799 810 815 ,
838 773 918 808 dum
928 785 1057 810 carnem
1072 772 1178 808 indul-

288 831 349 872 fit,
376 831 536 866 suffocata
550 829 585 863 δε
598 826 790 872 sanguinem
813 825 995 868 exceperit,
1021 824 1102 860 varii
1123 823 1178 858 ad-

288 881 418 916 ducunt
428 880 533 916 varias
545 878 689 913 rationes
704 901 712 909 .
750 875 805 910 De
826 873 1021 920 quibusdam
1046 875 1096 909 sui
1120 873 1179 909 aevi

290 931 494 966 Dostoribus
502 928 614 965 scribit
625 927 661 962 in
671 926 825 971 vigesima
838 926 976 968 septima
1003 925 1095 968 super
1115 924 1179 959 Ge-

289 981 395 1015 nefim
407 980 562 1017 Homilia
583 978 715 1013 sanctus
738 976 880 1021 Joannes
902 974 1180 1020 Chrysostomust

289 1035 404 1066 Dicunt
418 1033 513 1077 aliqu}
539 1030 691 1063 brutorum
712 1024 886 1070 sanguinem
902 1036 1033 1069 gravem
1046 1049 1058 1065 ,
1092 1033 1182 1059 terre-

282 1081 398 1123 strem,
425 1082 630 1118 &multarum
652 1078 863 1122 aegritudinum
873 1074 1011 1121 causam,
1042 1074 1073 1118 fi
1091 1085 1185 1109 come·

287 1133 398 1167 datur.
426 1131 576 1167 Similem
590 1127 753 1166 rationem
765 1125 901 1162 adducit
926 1126 961 1162 in
985 1136 1098 1170 quarta
1120 1125 1182 1161 Ca-

287 1182 408 1218 techefi
419 1182 554 1218 Sanetus
565 1178 711 1225 Cyrillus
722 1177 965 1220 Hierosolymae
978 1176 1158 1221 Episcopus
1170 1189 1182 1211 .·

289 1232 603 1276 Apoflolt&5en1⁶res
624 1226 905 1273 omnibusgennbus
927 1237 1106 1262 communem
1124 1230 1182 1261 Ca-

288 1283 428 1318 rholicam
444 1281 580 1326 scribunt
599 1279 747 1323 epistolam
762 1303 773 1321 ‚
798 1287 833 1311 ut
851 1276 1018 1319 abstineant
1038 1276 1182 1322 sanguine

288 1331 489 1377 &suffocato⁸⁸
522 1336 609 1367 Nam
619 1330 754 1364 homines
767 1327 926 1371 multifert
947 1330 982 1364 Θ·
1011 1333 1179 1369 immanes,

287 1395 424 1428 moreque
434 1387 539 1417 canino
579 1387 743 1422 viventes,
762 1380 946 1427 sanguinem
968 1378 1126 1419 lambunt,
1151 1390 1181 1411 a·

285 1435 424 1479 gresttum
433 1436 468 1470 Θ·
475 1432 617 1476 ferocium
628 1430 721 1471 instar
730 1453 741 1470 ‚
761 1428 908 1474 suffocata
917 1429 1068 1464 devorant
1089 1428 1180 1462 abun-

289 1486 329 1519 de
348 1511 356 1518 .
384 1484 535 1520 Eandem
559 1482 723 1516 rationem
742 1478 831 1513 haud
861 1479 961 1515 dubie
981 1478 1180 1522 adscripserit

290 1536 443 1578 primaeve
456 1530 675 1578 prohibitioni
691 1555 698 1563 .
726 1529 853 1565 Verum
864 1529 960 1565 hasce
969 1529 1111 1564 rationes
1122 1528 1181 1562 im-

289 1584 443 1628 probavit
466 1584 556 1619 idem
582 1582 716 1617 sanetus
736 1580 878 1626 Ioannes
900 1577 1157 1621 Chrysostomus
1170 1601 1182 1619 ,

288 1635 325 1668 ἃς
346 1633 432 1671 hanc
455 1631 615 1669 adduxit:
641 1631 740 1670 Vide,
764 1627 896 1671 obstem,
934 1630 992 1661 Dei
1016 1627 1180 1670 benignita-

288 1693 351 1719 tem
361 1710 374 1727 ,
398 1685 540 1729 quomodo
546 1683 633 1724 prius
643 1690 756 1722 magna
767 1677 904 1718 beneficia
915 1678 1008 1708 donat
1019 1699 1030 1714 ,
1055 1677 1091 1708 ό·
1113 1683 1181 1709 tan-

288 1736 357 1769 dem
367 1732 610 1769 unicumeleve
622 1730 678 1762 dat
700 1726 899 1760 mandatum.
926 1727 974 1757 Et
989 1721 1063 1765 ficut
1085 1723 1124 1756 de
1146 1726 1180 1754 A·

289 1786 364 1819 dam
384 1784 498 1819 dilium
518 1780 557 1824 est
569 1805 580 1822 ‚
600 1778 757 1824 postquam
781 1776 810 1811 ei
828 1775 951 1815 conceffit
972 1782 1006 1807 ut
1028 1772 1180 1808 habitaret

289 1841 323 1869 tn
337 1832 488 1879 Paradlso
499 1856 511 1873 ,
537 1833 572 1867 δ’
583 1838 627 1865 tot
639 1839 675 1863 ac
697 1832 792 1862 tantis
809 1824 960 1868 frueretur
974 1848 984 1864 ‚
1013 1824 1136 1857 tandem
1154 1827 1181 1857 et

286 1889 433 1930 pracepit
442 1908 454 1925 ,
481 1891 516 1916 ut
527 1878 564 1915 ab
577 1885 660 1916 unico
670 1878 748 1922 ligno
758 1875 913 1916 abstineret
924 1898 935 1915 ,
949 1879 994 1908 ita
1006 1876 1040 1911 (ν
1051 1873 1098 1908 hic
1104 1872 1182 1915 post-

292 1932 524 1979 quampromisr't
546 1941 604 1965 non
614 1927 732 1970 ultrase
741 1927 831 1960 talem
839 1926 996 1959 illaturum
1014 1924 1182 1968 generalem

287 1987 438 2030 stragem,
467 1976 730 2024 &pffiquamipfi
745 1975 972 2009 henedidlionem
990 1972 1068 2017 sunt
1088 1971 1182 2016 conse-

294 2043 377 2077 cutt,
403 2035 563 2075 donatique
572 2029 701 2074 pristina
710 2025 800 2070 super
810 2025 900 2059 bruta
924 2029 1024 2059 omnia
1041 2023 1183 2067 potestate

294 2089 330 2122 ὁ*
341 2090 475 2122 carnium
485 2080 639 2141 esusecure'
646 2077 781 2121 permisso
792 2100 802 2117 ,
827 2084 897 2109 tunc
920 2080 1017 2117 tnqut't
1031 2099 1043 2115 ,
1066 2085 1183 2107 verum-

296 2147 398 2171 tamen
417 2145 538 2170 earnem
558 2141 592 2166 tn
607 2129 754 2174 sanguine
783 2131 895 2159 animae
918 2137 976 2158 non
1008 2125 1182 2159 comedetis.

298 2188 389 2222 Etin
400 2186 512 2223 eadem
524 2180 695 2218 Homilia:
728 2179 796 2211 Hoc
818 2185 919 2210 autem
934 2174 1017 2217 facit
1039 2176 1129 2214 idea,
1153 2182 1185 2208 ut

296 2244 403 2283 primis
424 2236 484 2271 illis
497 2231 675 2277 temporibus
687 2232 859 2271 comprimat
870 2227 987 2260 illorum
995 2231 1140 2267 impetum
1151 2226 1185 2259 ό·

295 2285 514 2332 propensionem
524 2285 568 2318 ad
575 2282 732 2318 homicidia
745 2303 752 2311 .
782 2278 838 2314 Ut
853 2276 974 2322 primus
983 2275 1018 2311 in
1030 2274 1186 2311 paradiso

300 2340 407 2383 lapsus
429 2337 493 2372 fuit
512 2333 657 2378 superbia
670 2355 681 2372 ,
705 2342 743 2365 ac
768 2325 844 2363 inde
865 2336 941 2362 nata
965 2326 1132 2360 curiositas
1152 2326 1187 2361 &

300 2390 407 2424 multa
421 2383 666 2423 inobedientia,
691 2381 736 2416 ita
757 2377 849 2413 extra
871 2376 1063 2412 Paradisum
1084 2377 1187 2420 prima

301 2439 343 2474 ad
354 2438 592 2483 cateclysmum
612 2429 799 2478 praeparatio
811 2428 874 2464 fuit
886 2428 1027 2462 fraterna
1040 2426 1164 2462 invidia
1178 2451 1189 2468 ,

302 2502 341 2525 ac
363 2489 438 2523 inde
456 2497 571 2524 natum
595 2481 815 2518 homicidium
828 2504 835 2512 .
874 2478 968 2512 Hinc
991 2477 1010 2512 a
1027 2477 1093 2512 Dei
1111 2477 1191 2511 filiis

302 2541 481 2575 hominum
494 2537 557 2572 filii
578 2540 742 2577 coeperunt
769 2528 932 2568 discerni,
957 2528 1053 2562 omni
1071 2527 1188 2572 flagitii

304 2592 337 2625 ἃ
349 2588 504 2623 facinoris
517 2595 633 2630 genere
642 2580 805 2616 maculare
817 2589 935 2612 terram
951 2601 961 2618 ,
987 2578 1021 2613 δε
1039 2578 1185 2621 generali

305 2638 470 2674 ablutioni
483 2634 615 2670 reddere
623 2630 824 2666 obnoxiam.
852 2627 945 2660 Hinc
957 2638 1017 2662 nos
1036 2625 1187 2662 adversus

305 2690 429 2724 ssmiles
449 2684 659 2731 imposterum
678 2680 881 2715 calamitates
905 2677 1056 2710 muniens
1075 2676 1187 2712 divina

305 2738 504 2777 clementia,
528 2734 638 2769 statim
661 2730 765 2765 vetuit
786 2727 967 2764 humanum
991 2725 1109 2769 fundi,
1137 2727 1191 2762 be.

306 2790 433 2825 stialem
463 2784 539 2823 vero
561 2782 754 2828 sanguinem
775 2778 983 2813 manducari.
1010 2776 1059 2811 lta
1079 2777 1189 2813 abillo

134 2844 168 2873 Ι.-
182 2844 232 2870 6.c
248 2849 291 2870 ην
306 2838 478 2875 fundendo
498 2834 604 2871 voluit
626 2843 688 2867 nos
706 2832 770 2866 effe
792 2828 1038 2863 remotissimos.
1078 2829 1190 2876 Qare

309 2889 577 2934 Apostolicarum
601 2881 879 2918 constitutionum
900 2879 1064 2912 austorem
1087 2901 1098 2917 ,
1133 2878 1190 2922 qui

309 2943 409 2975 etiam
430 2938 599 2984 primaevos
619 2930 696 2967 ante
705 2930 867 2965 diluvium
880 2926 1031 2962 homines
1053 2928 1190 2962 affirmat

312 2992 423 3025 vixisse
436 2988 549 3024 eadem
563 2984 635 3030 lege
646 3007 657 3024 ,
683 2992 752 3016 non
763 2979 839 3013 satis
853 2977 1005 3022 intelligo
1018 3002 1024 3010 .
1057 2978 1190 3013 Etenim

313 3041 369 3082 qui
382 3040 507 3075 nullam
519 3045 652 3073 carnem
677 3039 826 3076 poterant
848 3027 964 3068 edere,
992 3028 1010 3062 a
1034 3028 1192 3073 sanguine

314 3090 346 3122 δε
366 3091 524 3124 suffocato
551 3096 620 3122 non
642 3081 825 3120 debuerunt
846 3077 1044 3125 singulariter
1081 3077 1190 3124 prohi-

315 3138 397 3173 beri.

368 3187 471 3220 Porro
481 3188 521 3222 de
533 3184 727 3230 Apostolica
741 3179 981 3219 constitutione
992 3177 1072 3213 reae
1082 3177 1189 3213 scribit

318 3238 354 3272 in
363 3237 521 3280 trigefima
531 3236 626 3271 tertia
638 3236 729 3277 super
747 3229 984 3276 Apostolorum
997 3229 1099 3264 Actus
1119 3229 1191 3263 Ho-

320 3287 412 3321 milia
421 3285 567 3318 laudatus
587 3285 730 3326 Ioannes
752 3280 1024 3324 chrysostomus.-
1053 3284 1126 3313 Haec
1147 3290 1192 3312 no-

322 3350 366 3371 va
381 3339 444 3370 Lex
456 3345 511 3367 non
519 3337 672 3374 praecipit.
700 3338 734 3365 N
737 3332 862 3375 usquam
875 3330 953 3364 enlm
965 3330 1002 3363 de
1011 3329 1058 3363 bis
1080 3330 1191 3373 differte

324 3385 472 3425 Christus.
511 3379 668 3422 sedalege
678 3379 739 3411 haec
746 3381 865 3421 sumunt
878 3379 999 3421 Apostoli
1014 3404 1021 3411 .
1050 3380 1126 3413 Hac
1149 3379 1191 3413 le-

325 3440 376 3485 gis
387 3433 537 3475 modica,
561 3427 830 3476 quod&dudum
849 3428 925 3463 ante
947 3430 1054 3473 legem
1073 3430 1191 3464 fecerat

1232 271 1382 307 Gentiles
1396 272 1430 306 &
1442 272 1569 315 Judaeos
1579 295 1590 312 ,
1615 284 1715 317 atque
1733 275 1778 308 ita
1791 284 1895 309 totam
1909 277 2015 322 legem
2035 292 2114 316 cum

1231 322 1410 358 reverentia
1423 323 1580 365 paulatim
1592 323 1827 367 sepeliendam.
1854 326 1907 358 Ex
1932 326 2114 374 Evangelio

1230 373 1436 415 desumptum
1450 373 1559 409 Sancti
1581 372 1678 411 Pauli
1700 374 1846 415 dierum,
1874 379 1984 409 Omnia
2003 381 2115 412 munda

1230 423 1372 464 mundis,
1398 434 1476 458 cum
1490 424 1618 461 laudata
1633 422 1871 468 Apostolorum
1881 426 2118 463 constitutione

1232 473 1360 508 confert
1371 473 1406 510 &
1416 473 1582 508 examinat
1607 475 1640 508 in
1652 476 1766 512 ostava
1776 475 2009 511 sententiarum
2028 485 2117 521 parte

1234 522 1417 559 Cardinalis
1437 523 1601 562 Robertus
1619 524 1733 559 Pullus
1747 549 1758 567 ‚
1782 526 1818 559 &
1838 525 2025 560 concludit:
2053 531 2117 561 Ne·
2132 511 2205 550 ΩΨ
2223 520 2265 540 ¹⁰·

1234 585 1279 609 mo
1303 574 1446 617 Apostolos
1471 575 1596 617 apostolo
1615 575 1701 619 quast
1715 581 1876 610 contrarios
1898 576 2040 617 objiciat,
2063 582 2117 619 qut

1234 624 1307 658 dum
1316 635 1424 659 caetera
1442 623 1639 668 concesserunt
1662 651 1674 668 ,
1693 624 1869 668 suffocatum
1887 637 1952 661 cum
1968 625 2117 670 sanguine

1231 674 1450 719 prohibuerunt
1465 699 1476 716 ,
1500 687 1559 709 non
1568 680 1726 711 Decretum
1743 676 1936 720 sancientes,
1967 677 2071 710 verum
2080 687 2115 712 ut

1236 731 1338 766 opinor·
1360 750 1372 767 ‚
1405 726 1569 769 aliquorum
1594 726 1792 761 imbecillitati
1824 725 2081 772 condescendentes
2102 751 2111 759 .

1237 775 1323 822 Qae
1331 775 1477 813 dosii-ina
1488 777 1615 813 nonest
1639 777 1898 812 contemnenda.
1923 778 2028 821 Ipsam
2045 787 2116 811 om-

1240 825 1320 861 nino
1331 826 1448 862 docuit
1460 827 1563 862 etiarn
1584 827 1771 861 Cardinalis
1793 826 2013 863 Humbertus.
2040 828 2115 863 Ete-

1241 875 1311 911 nim
1321 877 1514 915 suffocati&
1534 877 1702 922 sanguinis
1722 876 1951 913 abstinentiam
1971 888 2041 911 non
2066 878 2117 911 so·

1240 924 1309 961 lum
1322 928 1357 961 in
1368 927 1504 970 antiquo
1515 951 1527 969 ,
1552 929 1607 965 sed
1618 929 1718 963 etiam
1731 927 1767 963 in
1784 938 1874 962 novo
1895 938 1950 971 per
1973 926 2117 972 Aposto-

1241 975 1290 1010 los
1323 977 1518 1012 testamento
1548 978 1612 1011 effe
1632 976 1728 1011 nobis
1752 977 1940 1021 impofitam
1957 977 2117 1013 clamanti

1241 1025 1579 1063 MichaeliCerulario
1592 1026 1753 1069 reposuit:
1778 1030 1846 1061 Nec
1874 1039 1929 1061 nes
1947 1025 2089 1070 nescimus
2105 1051 2115 1059 .

1241 1079 1354 1112 Tamen
1358 1085 1416 1120 pro
1425 1077 1527 1112 loco&
1546 1084 1675 1118 tempore
1694 1078 1835 1110 nonnulla
1850 1077 1987 1111 carnalia
2006 1083 2116 1111 veteris

1240 1129 1314 1172 legis
1334 1127 1482 1162 mandata
1503 1125 1644 1169 Apostolos
1668 1123 1826 1168 observaffie
1843 1124 1951 1168 scimus
1963 1150 1974 1167 ‚
1994 1127 2114 1168 quando

1242 1177 1339 1212 adbuc
1357 1176 1444 1224 quast
1459 1183 1493 1212 tn
1515 1182 1664 1211 matutine
1684 1173 1847 1219 crepusculo
1868 1175 1998 1210 tenebrae
2017 1175 2117 1211 &lux

1241 1228 1446 1273 confulgebant
1455 1251 1466 1268 ,
1496 1229 1531 1264 Θ
1542 1231 1720 1261 intuentium
1733 1226 1828 1261 oculos
1839 1236 1915 1260 nunc
1926 1225 1982 1259 buc
1991 1250 2004 1268 ‚
2040 1235 2118 1260 nunc

1241 1281 1306 1315 illuc
1316 1278 1512 1313 reducebant:
1538 1280 1587 1313 sic
1607 1275 1729 1319 qustolr
1740 1282 1774 1311 in
1785 1277 1908 1321 ›Judaea
1928 1279 2119 1315 commorati,

1242 1330 1405 1373 aliquando
1414 1330 1552 1363 claritate
1563 1327 1730 1372 Evangeltt
1751 1325 1972 1370 expergefac‘lt,
1995 1325 2034 1358 ab
2057 1335 2121 1359 um·

1242 1381 1297 1414 bra
1310 1382 1382 1424 legis
1395 1377 1568 1414 recedebant
1580 1400 1590 1419 ‚
1631 1378 1793 1419 aliquando
1813 1377 1966 1417 neceffitate
1987 1376 2038 1410 vel
2056 1386 2120 1408 con-

1237 1429 1394 1476 suetudine
1419 1437 1553 1471 torpente
1579 1433 1612 1463 in
1635 1439 1672 1464 ea
1682 1426 1871 1463 recidebant.
1898 1425 2036 1461 Pernon
2047 1425 2120 1459 satis

1242 1481 1368 1516 Sanstis
1387 1479 1557 1523 Apostolis
1574 1479 1716 1525 dignum
1748 1477 1889 1520 torporis
1923 1475 2123 1510 vocabulum

1240 1530 1399 1574 intelligit
1422 1530 1690 1572 dispensatorium
1708 1526 1983 1563 condescensum.
2017 1523 2123 1575 Qod

1241 1580 1313 1624 ipso
1328 1579 1414 1613 intra
1427 1579 1572 1622 Judaeam
1585 1579 1771 1620 frequenter
1784 1577 1834 1611 illi
1846 1576 1969 1611 fuerint
1979 1575 2024 1610 usn
2034 1600 2044 1616 ,
2071 1574 2125 1610 de-

1241 1628 1401 1664 monstrat
1421 1626 1599 1670 exemplis,
1625 1636 1723 1669 atque
1744 1627 1968 1671 prosequitur:
1995 1626 2057 1660 sed
2070 1624 2122 1659 ubt

1240 1677 1280 1709 ab
1301 1676 1442 1719 angustus
1448 1680 1481 1719 J
1484 1677 1579 1710 udaeae
1602 1674 1711 1715 exclufi
1727 1698 1739 1715 ,
1766 1675 1963 1716 amplitudine
1986 1680 2121 1718 gentium

1234 1724 1362 1768 fuerunt
1382 1730 1491 1767 potiti,
1515 1735 1584 1757 mox
1605 1722 1688 1766 quast
1706 1730 1818 1757 catenis
1836 1723 1994 1766 servitutis
2013 1723 2122 1765 palam

1241 1780 1334 1819 erepti
1345 1799 1355 1816 ,
1377 1781 1516 1817 quotquot
1526 1774 1571 1806 ad
1573 1771 1764 1816 spiritualem
1769 1778 1905 1818 gratiam
1914 1770 2123 1812 attrahebant,

1242 1828 1262 1859 ἂ
1272 1824 1442 1858 carnalibus
1454 1827 1637 1859 caeremonns
1649 1825 1721 1866 legis
1735 1830 1870 1858 avertere
1881 1834 1938 1857 non
1947 1821 2095 1865 cessabant
2111 1845 2122 1854 .

1244 1875 1435 1910 Praesentem
1445 1873 1717 1908 constitutionem
1730 1873 1869 1909 affirmat
1878 1872 1896 1906 a
1909 1873 2025 1909 Sancto
2048 1883 2123 1916 prae·

1243 1926 1351 1960 sertim
1371 1922 1537 1967 Apostolo
1568 1922 1676 1958 Paulo
1696 1934 1758 1958 nec
1786 1921 1989 1966 praedicatam
2010 1945 2022 1961 ,
2058 1932 2121 1957 nec

1243 1976 1372 2011 missam
1393 1974 1428 2008 in
1448 1973 1680 2021 executionem
1701 1971 1789 2017 apud
1810 1980 1945 2016 gentes,
1978 1971 2121 2015 ideoque

1243 2027 1413 2064 dumtaxat
1423 2026 1456 2059 in
1466 2020 1870 2068 dispensatoriumJudaici
1891 2032 1950 2066 pro
1972 2021 2038 2056 suis
2054 2022 2122 2055 riti-

1244 2078 1304 2112 bus
1316 2075 1390 2110 Zeli
1419 2073 1599 2119 temporale
1609 2071 1760 2108 solatium
1782 2072 1959 2107 emanaffe.
1985 2071 2122 2106 Interim

1244 2125 1419 2162 Michaelis
1430 2125 1591 2161 Gerularii
1603 2133 1754 2168 tempore
1765 2121 1824 2156 ista
1836 2119 2031 2156 constitutio
2040 2131 2123 2164 quo-

1243 2177 1283 2213 ad
1297 2177 1440 2212 solorum
1451 2174 1628 2221 grandium
1641 2172 1834 2209 animalium
1845 2171 2001 2205 suffocata
2010 2171 2044 2206 ἀ
2056 2171 2126 2204 san-

1244 2228 1380 2274 guinem
1392 2225 1572 2262 servabatur
1583 2225 1619 2259 &
1627 2224 1646 2259 a
1658 2222 1787 2258 Latinis
1797 2223 1832 2256 ὅ(
1842 2222 1861 2258 ὲ
1881 2220 2020 2256 Graecis.
2048 2221 2124 2254 Era-

1245 2289 1316 2313 mus
1326 2288 1383 2321 per
1393 2276 1507 2312 omnia
1518 2285 1627 2320 pares.
1656 2272 1837 2308 Etenimin
1862 2271 1978 2307 litteris
2000 2268 2041 2305 ad
2064 2270 2125 2304 Ni·

1245 2328 1377 2365 colaum
1389 2327 1582 2363 Diaconum
1598 2347 1609 2364 ‚
1634 2334 1762 2368 magnae
1785 2320 2127 2364 Constantinopolita-

1245 2391 1291 2413 nae
1306 2377 1454 2413 Ecclefiae
1482 2374 1703 2410 Castrensium
1714 2398 1726 2413 ,
1762 2371 2033 2416 Theophylastus
2050 2369 2127 2405 Bul·

1245 2429 1343 2474 gariae
1354 2426 1629 2471 Archiepiscopus
1639 2425 1777 2458 affirmat
1788 2423 1926 2458 Latinos
1937 2422 1971 2456 in
1997 2419 2126 2464 quibus-

1246 2480 1323 2515 dam
1333 2477 1416 2513 rec'ta
1428 2502 1440 2518 ,
1465 2478 1501 2513 in
1514 2474 1712 2519 quibusdam
1723 2473 1888 2518 perperam
1900 2470 2037 2507 accusari
2052 2493 2065 2508 ‚
2089 2469 2124 2503 ὅτ

1247 2528 1398 2574 adjungit
1409 2527 1449 2563 de
1460 2528 1515 2562 esu
1530 2526 1778 2560 suffocatorum:
1806 2525 1902 2564 HuJus
1913 2531 2003 2564 neque
2021 2528 2124 2552 nomen

1249 2583 1371 2615 Latinis
1383 2576 1617 2621 temperantibus
1633 2574 1780 2608 tolerabile
1791 2572 1829 2614 est
1839 2598 1850 2612 ,
1868 2571 1999 2614 ficutnec
2020 2568 2103 2601 nobis
2115 2591 2125 2601 0
2140 2587 2249 2629 (ζῆτα.
2264 2598 2294 2627 3·

1247 2631 1296 2665 Ita
1318 2628 1451 2664 testatur
1471 2626 1661 2663 Demetrius
1684 2623 1910 2659 Chomatenus
1927 2643 1939 2660 ,
1970 2618 2128 2661 Bulgaro-

1249 2690 1322 2714 rum
1332 2680 1412 2713 item
1425 2676 1696 2718 Archiepiscopus
1707 2696 1719 2711 2
1745 2672 1779 2704 in
1798 2669 1972 2714 ΙἶθῖΡῡῐῑῖῐς
1984 2666 2027 2702 2‘1
2039 2667 2128 2701 00¹²·

1249 2730 1332 2764 fulta
1353 2725 1566 2765 Constantini
1590 2721 1742 2756 Cabafilae
1762 2717 1983 2761 Metropolitae
2005 2718 2127 2760 Dyrra-

1250 2778 1409 2814 chienfis.
1435 2775 1575 2810 Exstant
1596 2771 1682 2815 apud
1705 2772 1866 2815 joannem
1889 2766 2125 2803 Leunclavium
2141 2783 2199 2817 Lib·
2228 2789 2261 2818 ς,-

1250 2830 1284 2863 in
1298 2830 1368 2872 jure
1379 2824 1664 2862 Graeco-Romano
1677 2845 1685 2853 .
1713 2819 1825 2862 Atque
1838 2819 1884 2852 ita
1905 2818 2037 2862 praesens
2059 2817 2126 2851 Mi·

1250 2877 1371 2912 chaelis
1385 2875 1547 2910 calumnia
1562 2872 1692 2907 nullum
1702 2879 1782 2907 tunc
1802 2867 1918 2905 habuit
1935 2867 2125 2904 fundamen·

1251 2939 1321 2965 tum
1334 2937 1389 2961 aut
1400 2927 1543 2961 colorem
1555 2948 1564 2958 .

1337 3085 1917 3139 CALUMNIA
1986 3081 2059 3127 ΙΙ.

1420 3211 1558 3256 Latini
1592 3205 1750 3256 barbam
1783 3198 1923 3247 radunt
1935 3233 1949 3247 0

1351 3331 1385 3364 D
1398 3328 1483 3363 hanc
1493 3325 1692 3363 calumniam
1713 3321 1853 3365 reposuit
1871 3319 1983 3353 Petrus
2009 3313 2128 3349 Antio·

1374 3380 1455 3414 chiae
1466 3374 1649 3413 Patriarcha
1663 3388 1674 3409 .·
1699 3373 1787 3416 „Quid
1797 3370 1892 3411 nostra
1903 3363 2016 3404 interest
2028 3387 2038 3404 ‚
2048 3364 2131 3406 quad

1258 3435 1453 3465 Romanorum
1474 3428 1641 3464 sacerdotes
1663 3423 1786 3459 barbam
1807 3418 1943 3455 radant?
1968 3419 2036 3447 Nos
2050 3419 2127 3446 enim

1988 3469 2078 3498 etiam
