2352 3736
374 164 471 211 208

334 250 410 287 sunt
418 250 574 295 eiusmodi
583 252 645 288 alia
657 258 749 288 estem
775 253 804 287 la
816 278 823 285 .
852 250 945 285 Hine
970 251 1071 285 etiam
1098 250 1189 286 Beffa
1199 269 1212 280 ι

334 302 410 340 tion
419 302 454 335 N
458 303 568 343 icenus
578 328 586 343 ,
599 302 633 339 δι
645 303 785 338 Isidorus
802 300 976 335 Rusrorum
984 298 1184 344 Metropolit
1193 312 1212 338 a

332 350 433 398 gavifi
444 351 519 392 sunt
527 354 591 395 effe
602 353 762 393 Romana:
775 349 922 386 Ecclefiae
933 350 1126 391 Cardinale‘s
1139 372 1151 386 .-

538 567 581 615 C
606 568 649 616 A
671 565 706 616 P
731 567 776 613 U
812 563 854 612 T
924 567 1003 615 Ill,

472 690 728 755 Exponuntur
764 681 905 749 Synodi
941 685 1043 732 Abia
1058 719 1071 737 .

473 797 747 842 3135310
796 804 1072 842 PRIMA,

406 906 539 942 Rimam
562 904 688 947 Synodi
715 904 889 939 Aaronem
913 915 1086 949 exponunt
1123 904 1206 940 Aeta

430 954 607 1000 synodalia
620 969 631 988 .-
659 954 816 998 Episcopis
828 961 873 988 ita
884 954 1093 996 residentibus,
1118 961 1209 998 impe-

324 1017 397 1042 rato
400 1005 513 1048 silentio
522 1016 560 1039 ex
568 1013 717 1047 praeccpto
728 1006 848 1038 Domini
862 1007 958 1047 Papae
969 1030 980 1046 ,
1002 1004 1139 1048 surrexit
1154 1009 1209 1042 Pe-

322 1065 395 1092 trus
405 1056 525 1090 sanclae
546 1058 690 1088 Romana
711 1054 846 1097 Ecclest‘ae
869 1059 1017 1088 Diaconus
1032 1080 1042 1095 ,
1070 1057 1207 1097 expedito

320 1106 460 1155 sermone
466 1113 635 1148 proponens
647 1128 657 1144 ‚
667 1106 706 1138 de
717 1106 825 1147 quibus
838 1112 872 1139 in
882 1107 986 1139 eadem
999 1108 1020 1138 5
1014 1106 1106 1144 ynodo
1113 1103 1209 1147 sermo

323 1158 394 1202 effer
414 1155 568 1191 habendus
587 1179 594 1187 .
625 1158 668 1189 De
688 1156 790 1188 multis
814 1158 952 1189 videlicet
978 1157 1088 1189 illicms
1103 1179 1114 1195 ,
1140 1166 1206 1197 quae

318 1216 430 1243 wenna
441 1211 594 1239 canonum
604 1204 738 1245 instituta
757 1212 790 1238 in
814 1207 937 1239 Gallicis
957 1205 1070 1247 finibus
1091 1216 1206 1239 exerce·

327 1258 438 1292 bantur
451 1281 459 1288 .
486 1257 525 1289 Id
531 1256 569 1296 est
579 1280 590 1296 ,
617 1257 654 1288 de
664 1257 827 1288 simoniaca
841 1253 954 1295 Haerefi
962 1279 972 1294 ‚
985 1255 1023 1288 de
1035 1253 1207 1295 Ministeriis

325 1306 532 1349 Ecclefiasticis
551 1307 585 1338 (τ’
596 1306 747 1338 altaribus
760 1329 770 1346 ,
781 1317 848 1348 quae
860 1306 880 1337 ἃ
893 1309 991 1338 Laicis
1012 1304 1188 1338 tenebamur

324 1358 478 1399 depravis
489 1353 745 1397 consuetudinibus
758 1380 768 1396 ,
779 1367 847 1397 quae
858 1355 896 1388 ab
908 1361 950 1390 eis
961 1361 994 1388 in
1005 1360 1095 1389 atriis
1109 1357 1208 1389 Eccle-

318 1404 430 1452 fiarum
442 1404 660 1447 accipiebantur
673 1430 683 1445 ‚
710 1406 748 1439 de
769 1404 891 1444 incaestis
915 1407 1056 1450 conjugiis
1070 1429 1081 1445 ,
1107 1407 1141 1442 Θ
1161 1412 1203 1440 ei:

325 1463 379 1500 qui
391 1458 539 1499 legitimas
561 1466 666 1488 uxores
687 1456 884 1496 relinquentes
896 1457 1076 1489 adulterinis
1104 1461 1207 1492 iterum

321 1511 441 1550 nuptiis
463 1504 692 1546 implicabantur
713 1527 723 1542 ,
749 1506 787 1537 de
810 1504 962 1537 Monachis
981 1506 1015 1540 δ’
1037 1506 1159 1539 Clericis
1186 1508 1205 1539 ci

319 1553 581 1597 -saneiopropofito
601 1555 636 1588 (τ
655 1552 760 1587 babitu
784 1554 983 1588 recedentibus
995 1578 1006 1594 ,
1032 1556 1069 1588 de
1091 1561 1207 1597 rapinis

321 1608 363 1642 ’ἐν
369 1614 538 1648 pauperum
548 1602 663 1645 injustis
674 1604 863 1646 captionibus
874 1629 885 1645 ,
912 1605 949 1638 de
971 1605 1141 1638 sodomi-nco
1159 1611 1208 1640 vl-

319 1662 369 1690 ϋὶο
381 1680 392 1696 ,
420 1657 454 1689 (θ’
465 1652 642 1697 quibusdam
651 1653 809 1695 Haerefibus
822 1677 833 1694 ‚
844 1665 911 1696 quae
924 1660 958 1687 in
969 1648 1077 1696 iisdem
1081 1656 1211 1696 pullula-

325 1714 439 1740 verant
447 1704 604 1746 partibus.
634 1703 826 1746 Episcopis,
852 1714 920 1746 quo
932 1702 1064 1747 plenum
1088 1703 1206 1738 delibe-

318 1755 421 1790 tandi
434 1763 562 1796 tempus
574 1750 730 1786 haberent
743 1776 754 1792 ‚
767 1751 874 1787 statim
883 1753 923 1786 in
934 1751 1059 1796 synodi
1071 1754 1207 1788 exordio

323 1804 484 1840 Pontifex
494 1802 829 1846 exponijuffitcapita
842 1802 1020 1838 neceffariae
1046 1803 1081 1836 in
1105 1803 1206 1837 Galli-

324 1866 410 1890 cana
423 1853 565 1888 Ecclesia
579 1854 839 1887 reformationis.
873 1851 1021 1887 Verbum
1044 1853 1085 1887 de
1109 1853 1205 1888 Petro

317 1904 502 1940 'Cardinali
520 1903 677 1938 Diacono
690 1927 699 1943 ,
727 1906 863 1938 Surrexit
877 1927 888 1943 ‚
913 1904 1086 1937 confirmat
1101 1903 1206 1945 ipsum

326 1968 398 1991 mon
412 1955 530 1989 stetisse
539 1954 608 1997 post
626 1953 843 1991 Pontificem,
871 1951 922 1987 sed
937 1962 1012 1987 ante
1034 1952 1139 1996 ipsum
1161 1954 1205 1988 se·

311 2007 427 2043 disse.
458 2003 512 2039 Ad
526 2003 650 2038 mature
672 2003 713 2037 de
733 2003 827 2037 dictis
850 2002 1010 2046 capitibus
1030 2002 1204 2038 deliberan-

324 2057 432 2096 dum,
460 2055 538 2089 &in
552 2055 623 2096 ipsis
645 2052 853 2087 eliminandis
875 2052 1095 2095 adjuvandum
1120 2051 1204 2087 Pon-

325 2109 454 2143 tificem
467 2104 617 2138 laudatus
630 2104 744 2138 Petrus
756 2103 933 2146 Episcopos
945 2101 1134 2137 adhortatus
1145 2103 1206 2143 est,

320 2161 377 2192 ,Et
386 2160 559 2191 commonuit
566 2152 622 2197 sub
646 2153 843 2187 anathemate
865 2152 1028 2194 apostolica
1051 2153 1206 2188 nullos-ita-

325 2217 373 2243 eis
382 2234 392 2249 ,
418 2217 452 2241 ut
463 2205 489 2247 [ἱ
496 2211 562 2249 quis
577 2216 674 2238 eorum
685 2205 729 2236 ad
736 2201 832 2244 sacros
844 2204 972 2238 Ordines
981 2211 1038 2244 per
1060 2205 1205 2237 simonia-

322 2269 394 2292 ·cam
406 2256 534 2297 haerefim
544 2254 743 2298 perveniffet,
770 2254 823 2287 vel
836 2259 961 2294 praemio
985 2251 1142 2295 quemlibet
1165 2255 1209 2286 ad

331 2308 458 2343 eandem
470 2308 649 2349 dignitatem
669 2303 860 2346 promoviffet
871 2327 881 2342 ,
904 2302 1025 2344 publica
1046 2299 1206 2344 confeffione

324 2357 513 2403 patefaceret
523 2381 530 2388 .
558 2355 753 2389 Simoniacae
766 2354 853 2386 enim
869 2350 1013 2387 haerefios
1025 2352 1206 2390 damnatio·

331 2419 410 2443 nem
422 2407 515 2441 fuine
541 2403 714 2440 Pontificis
734 2403 907 2446 palmarem
931 2403 965 2437 in
989 2401 1049 2436 hac
1070 2403 1206 2446 synodo

330 2459 467 2501 scopum
481 2481 491 2496 ,
514 2455 616 2490 multa
628 2465 688 2490 nos
702 2454 844 2500 superius
856 2452 1042 2490 authentica
1064 2453 1206 2490 testimo-

329 2508 388 2545 nia
400 2508 583 2541 docuerunt
596 2530 603 2538 .

382 2554 488 2590 Porro
504 2554 545 2589 ad
568 2555 712 2593 occulti,
738 2566 779 2588 ex
804 2562 870 2598 quo
894 2565 968 2590 nata
991 2550 1207 2599 irregularitas

319 2616 391 2643 -nut
415 2606 549 2640 amissus
567 2604 704 2648 gradus,
733 2605 880 2638 criminis
902 2605 1067 2647 publicam
1088 2604 1208 2639 confes

332 2656 458 2692 {ionem
468 2665 587 2700 cogere
597 2664 668 2687 reos
682 2653 900 2697 Episcopos&
911 2654 1058 2688 Clericos
1066 2654 1110 2687 est
1131 2654 1211 2687 anti-

331 2717 417 2751 quus
427 2717 519 2745 mos,
546 2705 697 2745 avitaque
709 2704 819 2748 regula
855 2702 1080 2747 synodorum.
1109 2704 1211 2738 Lucet

329 2769 377 2792 ex
387 2757 463 2790 actis
473 2754 605 2789 decimae
615 2754 736 2787 Toleta
742 2765 787 2786 nae
795 2753 923 2796 Synodi
936 2778 947 2794 ‚
973 2754 1028 2788 ubi
1041 2752 1209 2789 Potamius

333 2806 562 2842 Bracharenfis
575 2803 868 2846 Archiepiscopus‚
894 2815 937 2837 ex
960 2802 1103 2838 humana
1125 2801 1214 2838 infir-.

336 2858 454 2891 mitate
467 2856 501 2889 in
511 2855 767 2889 fornicationem
785 2854 887 2896 lapsus
899 2876 910 2893 ‚
935 2853 1087 2898 Collegis
1099 2855 1130 2888 se
1152 2865 1211 2897 pu-

336 2906 421 2941 blice
442 2905 611 2950 prosternit
633 2927 646 2944 ,
684 2904 864 2946 lacrymans
899 2903 1038 2948 porrigit
1061 2903 1208 2947 scriptam

336 2957 487 2991 criminis
497 2954 732 2990 confeffionem
745 2978 757 2994 ‚
784 2953 979 2998 protestatur
990 2955 1021 2988 se
1034 2954 1210 2998 indignum

337 3006 536 3050 Episcopatu
549 3029 560 3046 ,
587 3004 756 3049 profitetur
767 3004 798 3038 se
809 3002 850 3037 ab
874 3005 967 3037 omni
991 3003 1060 3047 ejus
1071 3004 1210 3040 funstio-

340 3064 383 3087 ne
405 3054 467 3095 jam
491 3067 543 3098 per
566 3061 685 3088 novem
707 3055 829 3088 menses
864 3053 1050 3088 abstinuisse
1063 3055 1212 3089 clausum

339 3102 377 3135 in
399 3102 602 3139 Poenitentiae
628 3104 814 3150 ergastulo,
839 3112 1000 3148 rogatque
1019 3103 1097 3150 eligi
1108 3105 1207 3139 alium

340 3150 541 3194 Episcopum
568 3167 575 3186 :
612 3155 656 3189 Et
668 3155 820 3196 synodus
841 3154 983 3189 omnino
1002 3155 1103 3199 elegit
1120 3177 1129 3187 .
1166 3153 1209 3187 Et

341 3200 384 3234 ad
397 3199 562 3234 Andr-eam
584 3203 806 3239 Tarentinum
828 3204 1047 3248 Episcopum,
1071 3204 1112 3239 de
1133 3214 1210 3238 con-

338 3247 501 3284 eubinatu
511 3253 690 3286 accusatum
701 3277 712 3293 ,
736 3255 843 3289 scribit
854 3255 1033 3299 Gregorius
1042 3255 1187 3299 Magnus
1200 3266 1207 3286 :

340 3300 374 3334 5¹
397 3297 516 3341 ‘'ns‘'cm
527 3301 639 3333 Ordine
647 3303 814 3340 ‘Onstitutus
832 3326 843 3342 ,
867 3305 1032 3339 concubinae
1053 3313 1084 3338 ee
1101 3310 1208 3347 permi-

339 3353 444 3384 aemone
456 3349 553 3381 recolis
564 3349 614 3390 effe
624 3352 800 3384 maculatum
812 3378 822 3393 ‚
847 3356 1008 3388 sacerdotri
1030 3354 1136 3389 honore
1161 3356 1209 3388 de-

334 3397 429 3442 m
448 3421 460 3438 2
496 3398 539 3430 ad
559 3397 782 3435 Wnfflrandum
815 3404 893 3435 nullo
927 3407 1009 3437 modo
1041 3404 1208 3449 praesumaes

338 3449 494 3491 ‘ccedcaes
508 3445 641 3495 ‚siiturus
661 3452 696 3481 in
705 3453 814 3483 anime
823 3455 1016 3494 tuaepemulo
1025 3463 1053 3489 te
1062 3455 1209 3498 ,ministra-

946 160 1582 209 stsenrarro

1281 261 1312 285 re
1325 274 1335 291 ,
1362 252 1396 287 <zi
1406 253 1466 285 Deo
1475 251 1566 292 nostro
1569 251 1632 293 fine
1652 255 1738 289 dublo
1756 265 1788 291 te
1809 254 1931 293 reddere
1942 262 2084 292 rationem
2094 283 2106 300 ‚
2124 254 2156 301 fi

1281 300 1370 342 hujus
1379 300 1494 344 sceleris
1507 300 1634 346 conscius
1642 308 1679 338 ,in
1691 315 1722 337 eo
1731 328 1742 345 ,
1766 311 1800 339 in
1809 318 1863 349 quo
1872 318 1902 340 es
1913 331 1924 349 ,
1947 310 2050 343 ordine
2063 333 2074 351 ,
2099 320 2150 342 ve-

1282 356 1404 385 ritatem
1413 353 1509 385 celans
1523 376 1534 392 ‚
1556 361 1732 395 permanere
1754 356 1879 389 volueris
1891 380 1898 388 .

1281 452 1403 486 famato
1416 451 1535 495 joann-i
1549 453 1716 498 Episcopo
1739 454 1999 498 Gallipolitano.
2023 455 2068 492 Et
2092 470 2150 503 pro

1282 501 1390 536 nescio
1404 502 1493 546 cujus
1504 503 1568 537 vici
1590 503 1805 546 Presbytero,
1829 505 1887 548 qui
1911 505 1981 549 post
2000 509 2151 544 commis-

1279 552 1344 585 sam
1353 552 1605 588 fornicationem
1618 555 1716 588 etiam
1728 555 1921 589 sacrificium
1942 556 2057 591 offerre
2075 569 2149 602 prae·

1281 603 1453 644 sumpserat
1471 626 1483 643 ,
1519 603 1657 648 ideoque
1681 605 1827 639 immisso
1851 606 2010 639 divinitus
2032 618 2149 643 cancro

1279 650 1358 686 faede
1365 652 1600 688 dilacerabatur
1609 677 1620 693 ‚
1651 655 1787 689 salutem
1798 656 1983 699 deprecanti
1996 655 2147 692 Palladio

1278 701 1565 746 Helenopolitano
1577 704 1742 748 Episcopo
1754 706 1916 750 respondit
1928 707 2059 741 Sanctus
2079 705 2151 742 Μι·

1277 751 1596 793 cariusMonachus,
1622 755 1655 788 δε
1680 755 1935 790 Monachalium
1957 757 2042 798 apud
2071 755 2155 790 Ale-

1276 801 1445 837 xandriam
1457 804 1625 838 Cellarum
1636 805 1807 848 Presbyter
1820 819 1826 838 :
1856 808 1948 849 ,Quod
1960 806 1990 848 st
1998 807 2072 840 velis
2085 817 2150 839 eum

1278 858 1388 893 curari,
1397 852 1544 897 persuade
1554 856 1610 894 illi,
1619 864 1652 887 ut
1661 858 1798 897 deinceps
1808 856 1951 898 abstineat
1960 858 1980 888 ἃ
1993 856 2151 896 Ministerlo

1274 902 1444 937 sannorum
1465 906 1720 939 sacramentorum
1745 931 1751 938 .
1791 912 1948 948 Aequievit
1974 907 2152 947 Presbyter,

1274 952 1411 996 confeffus
1421 952 1457 993 est
1463 963 1612 995 peccatum
1625 979 1635 995 ,
1662 958 1695 990 Θ
1699 955 1860 999 spopondit
1879 955 1913 999 se
1939 968 1995 989 non
2017 964 2153 998 peccatu-

1273 1013 1339 1034 rum
1349 1005 1500 1044 amphus,
1527 1016 1617 1047 neque
1629 1008 1721 1039 altari
1733 1006 1964 1047 ministraturum
1983 1032 1993 1047 ‚
2014 1005 2074 1049 sed
2090 1006 2154 1050 sor-

1272 1053 1445 1086 temlaicam
1463 1056 1685 1094 amplexurum,
1715 1057 1763 1091 lta
1783 1058 1816 1091 &
1841 1057 1874 1090 in
1898 1068 2034 1100 corpore
2047 1055 2090 1089 ⁰&
2115 1056 2151 1090 in

1274 1101 1383 1135 anima
1394 1102 1490 1136 fuisse
1503 1114 1651 1137 curatum
1663 1106 1799 1138 affirmat
1811 1107 1844 1139 in
1858 1108 2011 1141 Laufiaca
2033 1106 2153 1140 Histo-

1275 1153 1319 1186 ria
1330 1150 1477 1186 laudatus
1490 1152 1673 1187 Palladius.
1703 1154 1891 1188 Voluntarii
1915 1154 2089 1190 homicidii
2108 1157 2150 1189 se·

1274 1202 1364 1237 creto
1376 1213 1446 1237 reus
1459 1203 1637 1246 Episcopus
1662 1204 1710 1236 vel
1726 1204 1895 1244 Clericus,
1923 1205 2006 1238 nifia
2030 1205 2153 1239 Roma·
2172 1212 2245 1251 Cap.
2263 1221 2310 1242 ιο.

1276 1264 1321 1286 no
1333 1252 1494 1287 Pontifice
1507 1253 1781 1297 dispensationem
1791 1255 1927 1297 accipiat
1940 1264 1994 1289 aut
2009 1254 2154 1298 accipere

1274 1314 1350 1337 cum
1364 1302 1579 1339 fundamento
1593 1305 1691 1347 speret
1706 1328 1716 1345 ‚
1730 1304 1875 1338 Ecclesia:
1886 1304 2067 1338 ministerio
2083 1314 2154 1339 non

1276 1352 1404 1390 tanturn
1417 1353 1572 1388 abstinere
1583 1379 1594 1394 ‚
1621 1354 1675 1388 sed
1686 1354 1836 1397 &ipsum
1849 1355 2015 1390 dimittere
2026 1352 2153 1399 obliga-

1276 1413 1329 1437 tur
1354 1404 1396 1438 ab
1419 1402 1588 1438 hodiernis
1608 1407 1707 1438 etiam
1733 1403 1926 1438 Canonibus
1950 1417 1957 1436 :
1998 1403 2044 1439 ita
2065 1404 2150 1439 olim

1275 1452 1443 1498 obligabat
1469 1465 1570 1488 omne
1605 1454 1728 1488 crimen
1751 1480 1757 1486 .
1799 1454 1997 1498 Episcopum
2039 1453 2153 1494 enim,

1259 1501 1504 1546 Presbyterum
1530 1527 1539 1543 ‚
1579 1514 1675 1547 atque
1711 1505 1903 1539 Diaconum
1938 1503 2151 1548 Apostolicus

1277 1554 1395 1587 Canon
1429 1553 1562 1587 mandat
1593 1557 1662 1587 esse
1684 1554 1804 1598 absque
1828 1554 1966 1589 crimine
1991 1578 2002 1594 ,
2032 1554 2151 1597 praeser·

1258 1603 1335 1661 {tim
1356 1605 1533 1637 commisso
1556 1603 1625 1646 post
1645 1605 1767 1638 sacram
1788 1604 2062 1639 Ordinationem.
2092 1602 2152 1637 Pe·

1259 1652 1433 1700 5detentim
1461 1652 1513 1687 hic
1530 1652 1789 1698 rigordecrevit‚
1817 1655 1920 1697 ipsum
1943 1663 2054 1688 tamen
2068 1663 2149 1696 quo-

1274 1702 1314 1736 ad
1327 1703 1531 1736 Simoniacos
1542 1703 1636 1746 plene
1652 1702 1759 1738 adbuc
1771 1705 1876 1738 valere
1898 1704 2003 1738 voluit
2025 1701 2086 1737 hac
2109 1704 2147 1737 in

1274 1751 1412 1792 synodo
1439 1753 1510 1786 Leo
1531 1763 1658 1786 nonus.
1685 1754 1868 1801 Qomodo
1885 1755 2045 1797 quispiam
2067 1752 2148 1787 Gal-

1272 1801 1399 1836 licanus
1412 1802 1591 1845 Episcopus
1603 1827 1612 1843 ‚
1623 1801 1702 1836 dum
1714 1803 1731 1836 a
1741 1803 1906 1838 Cardinali
1915 1800 2147 1837 Hildebrando

1270 1851 1371 1894 jussus
1393 1852 1491 1886 talem
1514 1853 1751 1888 confeffionem
1771 1853 1930 1888 erubescit
1959 1877 1970 1893 ‚
1993 1852 2148 1895 deinceps

1251 1902 1428 1948 ,Spiritum
1441 1902 1593 1936 Sanetum
1609 1915 1667 1937 nec
1682 1905 1853 1938 nominate
1865 1903 2005 1948 potuerit
2016 1926 2028 1943 ,
2054 1899 2148 1946 supra

1271 1950 1480 1985 audivimusa
1494 1951 1612 1986 sancto
1625 1952 1724 1988 Petro
1736 1954 1893 1987 Damiani
1910 1976 1919 1985 .

1322 1999 1365 2034 Et
1391 1999 1469 2035 hinc
1492 2012 1606 2036 omnes
1629 2002 1779 2046 Episcopi
1803 2001 1946 2045 praesenti
1971 2000 2147 2035 pontificis

1272 2050 1390 2085 Edicto
1404 2052 1546 2095 prompti
1559 2050 1773 2087 obedierunt:
1792 2054 1918 2087 Omnes
1926 2051 2054 2095 profeffi
2069 2051 2146 2085 sunt

1271 2102 1334 2135 sese
1357 2100 1530 2143 innoxios,
1561 2101 1704 2146 exceptis
1724 2102 1872 2137 Remenfi
1885 2127 1896 2143 ,
1922 2101 2121 2146 Lingonenfi
2134 2123 2145 2139 ,

1271 2151 1462 2188 Nivernenfi
1485 2177 1495 2194 ,
1532 2151 1773 2192 Constantienl'i
1794 2177 1805 2193 ,
1840 2152 1874 2186 &
1911 2149 2144 2185 Namnetenfi.

1271 2200 1367 2237 Prior
1387 2201 1538 2237 inducias
1555 2203 1669 2246 petiit.
1699 2202 1850 2237 Aliorum
1863 2227 1874 2243 ‚
1899 2201 1988 2246 quod
2000 2200 2141 2244 graviter

1270 2253 1370 2287 essent
1392 2251 1533 2287 accusati
1557 2277 1568 2294 ‚
1604 2251 1765 2297 prolixior
1788 2253 1883 2287 causa
1909 2253 1942 2285 in
1964 2251 2063 2285 aliam
2084 2250 2146 2284 ses-.

1271 2303 1393 2337 sionem
1414 2302 1460 2337 est
1482 2300 1598 2337 dilata.
1626 2302 1722 2336 Hinc
1747 2304 1845 2337 etiam
1870 2301 2016 2336 Abbates
2043 2299 2084 2334 ad
2109 2299 2146 2333 fi-

1269 2353 1384 2389 milem
1394 2351 1619 2397 profeffionem
1634 2353 1810 2396 postulavit
1824 2352 1938 2388 Petrus
1959 2349 2143 2386 Cardinalis

1271 2404 1442 2438 Diaconus
1460 2416 1467 2435 :
1493 2403 1526 2437 δε
1547 2402 1654 2446 plures
1667 2402 1879 2438 obedierunt.
1905 2402 2068 2438 omittere
2086 2410 2145 2432 no-

1270 2453 1328 2487 lim
1362 2451 1521 2487 humilem
1555 2454 1788 2488 confeffionetn
1812 2452 1971 2496 Hugonis
1998 2448 2136 2483 Abbatis

1271 2503 1508 2538 Cluniacenfis:
1540 2503 1597 2535 Pro
1608 2499 1798 2544 adipiscendo
1815 2502 1952 2534 Abbatiae
1972 2499 2076 2531 bonore
2097 2502 2143 2530 ni·

1271 2553 1316 2587 hil
1329 2554 1399 2587 dedi
1412 2554 1463 2586 vel
1475 2550 1608 2594 promisi,
1628 2553 1711 2593 quod
1731 2553 1848 2594 quidem
1864 2562 1930 2583 caro
1949 2549 2044 2583 voluit
2056 2571 2067 2586 ,
2087 2545 2142 2590 fid

1272 2615 1353 2637 mens
1377 2604 1411 2636 (et
1435 2607 1513 2635 ratio
1538 2607 1734 2644 repugnavit.
1761 2601 1829 2634 Hic
1854 2601 1898 2634 est
1921 2608 2057 2643 magnus
2086 2596 2140 2631 ille

1273 2654 1376 2698 Hugo
1401 2677 1413 2693 ,
1437 2651 1618 2686 multotum
1654 2651 1786 2693 Scriptis
1809 2647 1925 2683 merito
1945 2646 2139 2682 celebratus.

1272 2702 1348 2744 Ejus
1368 2702 1457 2736 enim
1477 2699 1646 2742 disciplina
1664 2699 1754 2734 dedit
1790 2699 1885 2734 nobis
1896 2709 1969 2743 „tres
1992 2695 2142 2731 laudatis-

1266 2753 1364 2786 fimos
1377 2752 1531 2784 Romana:
1543 2749 1693 2783 Ecclefiae
1714 2749 1892 2784 Pontifices
1902 2773 1913 2789 ,
1941 2747 2140 2792 Gregorium

1270 2802 1439 2845 septimum
1453 2825 1463 2840 ,
1491 2798 1669 2834 Urbanum
1688 2800 1862 2834 secundum
1877 2822 1888 2839 ,
1914 2798 1947 2832 ὅ(
1964 2797 2139 2831 secundum

1270 2849 1458 2885 Paschalem
1472 2850 1624 2893 „Quidam
1636 2852 1707 2883 verb
1718 2849 1795 2884 nibil
1803 2847 2011 2892 respondentes
2023 2854 2138 2880 reatum

1261 2897 1348 2945 suum
1374 2901 1493 2934 occulere
1509 2924 1518 2940 ‚
1544 2902 1637 2942 quam
1668 2899 1839 2941 patefacere
1864 2899 2044 2932 maluerant.
2072 2895 2139 2928 Eos

1268 2953 1349 2986 inter
1370 2950 1432 2985 fuit
1454 2950 1621 2984 Arnoldus
1647 2948 1759 2984 Abbas
1781 2947 1986 2983 Pultarienfis
2003 2970 2015 2986 ‚
2041 2956 2139 2989 quem

1266 3001 1402 3046 proinde
1413 3000 1518 3045 Hugo
1528 2999 1744 3045 Lingonenfis
1767 2999 1942 3043 Episcopus
1961 2995 2002 3030 de
2023 2995 2139 3028 foetore

1268 3053 1400 3089 luxuriae
1411 3076 1421 3092 ‚
1447 3050 1491 3084 de
1502 3051 1707 3085 contumacia
1721 3050 1867 3084 adversus
1879 3047 2065 3080 Romanam
2079 3045 2139 3078 Ec·

1267 3102 1415 3141 clefiam‚
1442 3096 1481 3134 de
1502 3097 1750 3134 insordescentia
1771 3099 1805 3131 in
1830 3094 2138 3130 excommunicatio-

1268 3164 1331 3194 ne,
1358 3152 1487 3194 ipsaque
1500 3163 1554 3194 per
1565 3150 1668 3185 Miffae
1680 3147 1926 3183 celebrationem
1947 3145 2067 3179 violata
2089 3155 2137 3178 ac·

1267 3202 1393 3237 cusavit
1402 3202 1434 3235 &
1447 3201 1598 3235 convicit
1611 3223 1622 3240 ‚
1646 3198 1786 3240 fecitque
1794 3196 1960 3241 degradari
1971 3220 1979 3227 .

1317 3251 1466 3297 pergunt
1495 3250 1576 3286 Αᾶει
1601 3246 1808 3290 synodalia:
1847 3251 1904 3280 His
1924 3250 1970 3278 ita
1988 3242 2137 3285 definitis,

1266 3303 1396 3338 ediaeum
1405 3302 1443 3343 est
1462 3297 1517 3344 sub
1538 3296 1725 3332 anathemate
1745 3296 1928 3329 auc‘loritatis
1953 3292 2135 3336 Apostolicae,

1267 3363 1301 3389 ut
1308 3353 1339 3395 fi
1346 3358 1411 3396 quis
1420 3351 1597 3391 afficientium
1619 3350 1783 3388 quempiam
1802 3343 1980 3387 universalis
2001 3340 2134 3382 Ecclesiae

1270 3408 1435 3438 Primatem
1440 3405 1550 3441 preter
1558 3398 1699 3429 Romanae
1709 3399 1729 3429 5
1731 3398 1794 3429 edis
1805 3394 1965 3433 Animum
1971 3393 2024 3435 effe
2033 3392 2134 3434 affere-

1266 3463 1335 3496 nt,
1357 3451 1469 3486 ibidem
1471 3446 1593 3490 publica
1597 3444 1806 3494 sarificium
1817 3442 2017 3488 patefaceret.
2044 3444 2138 3484 Cum·-

2029 3502 2087 3535 que

1925 357 2028 404 Qud
2049 361 2083 394 ³¹²
2107 360 2152 393 se*
2174 337 2331 409 5532?

1281 402 1392 444 quenti
1407 401 1551 445 Epistola
1576 405 1713 447 repetit,
1733 403 1913 439 &mandat
1934 406 2076 442 {imiliter
2102 410 2152 443 in·
2175 421 2225 457 Ep.
2247 427 2293 454 44.
