2352 3736
160 1098 189 1126 A.
207 1105 287 1134 1237.

411 197 477 243 72
648 180 925 224 SECUNDA
961 177 1368 222 Pitoor-:MM-Lls
1404 176 1839 242 Dus-Ettritum

336 276 408 310 quo
423 263 545 298 Altaria
557 287 568 302 ,
594 262 647 295 seu
658 259 868 296 parochiales
891 268 967 293 cum
985 257 1048 291 suis
1069 257 1218 292 Decimis
1278 258 1378 303 coepit
1402 259 1541 303 Ioannes
1560 259 1730 298 Wicleffus
1750 289 1760 305 ‚
1786 263 1930 310 garriens
1945 263 2154 304 Poenitentiae

337 318 372 350 ὅ(
383 315 453 348 aliis
465 311 695 356 proventibus,
719 311 854 354 ipsisque
866 309 965 341 etiam
987 306 1217 342 oblationibus
1278 310 1524 344 Sacramentum
1536 309 1598 344 effe
1609 310 1816 350 sacerdotum
1831 326 2059 354 commentum
2081 319 2153 354 An-

340 363 516 402 Ecclefias,
543 361 751 396 Monasteriis
777 356 1215 402 &elericorumColle-giis,

1277 360 1302 393 ti
1316 377 1326 385 -
1335 358 1558 394 Christianum
1568 383 1579 400 ,
1605 359 1646 394 ad
1658 361 2009 404 populumenendum
2026 367 2086 403 sub
2095 371 2152 405 sua

340 413 509 447 Vicat-ium
523 412 604 446 *istic
621 420 700 445 cum
720 407 855 450 fimplici
878 406 1109 442 sustentatione
1128 408 1219 442 Pres·
1277 408 1428 443 Leonina
1451 409 1648 454 subjectione
1660 434 1672 451 ,
1697 410 1740 444 ad
1755 415 1918 451 noscenda
1938 416 2007 460 ejus
2027 415 2150 454 secreta

334 462 491 505 ¹hyterum
511 459 724 505 impositum,
751 456 921 492 donabant
940 459 980 492 ἀ
1001 457 1155 502 Episcopi
1181 457 1214 491 &

336 513 431 547 Laici
454 513 608 549 Patroni,
637 516 731 550 atque
742 506 802 540 hac
819 507 946 541 ratione
969 507 1081 542 Altare
1104 508 1214 552 Surge-

335 563 454 596 riarum
466 563 483 594 ἓι
494 562 648 593 Romano
661 556 827 592 Pontifice
841 558 1025 601 acquisierat
1047 557 1213 592 Monasse-

338 614 421 645 rium
435 607 697 643 vindocinen-se.
725 606 877 651 Inopiam
888 608 993 642 forsan
1010 608 1209 652 patiebatur,

338 672 392 694 ant
407 659 491 693 certe
501 656 660 703 allegabat
673 657 732 692 iste
743 658 815 692 illic
828 657 1021 702 Presbyter,
1048 669 1145 702 atque
1166 659 1210 693 ita

332 710 444 743 invasit
481 707 682 742 oblationem
707 707 916 742 confessionis
939 732 949 747 ,
983 709 1017 742 &
1039 709 1140 752 ipsam
1162 709 1208 742 illi

331 761 422 802 supra
435 758 642 792 Canonicam
664 759 850 802 portionem
871 759 1078 793 confirmavit
1097 759 1209 793 Petrus

330 809 539 844 santonensis
554 809 751 853 Episcopus.
780 807 824 842 Et
846 807 913 843 haec
933 808 976 842 est
989 809 1206 853 expostulatio

328 858 480 893 Goffredi
502 858 660 893 Abbatis.

380 909 528 951 Ejusdem
537 909 715 943 oblationis
732 909 883 944 meminit
902 909 987 954 apud
1009 907 1204 944 Matthaeum

326 957 537 995 parisiensem
576 959 610 992 in
642 961 697 993 sua
729 960 931 994 Londinenfi
952 961 1090 1004 Synodo
1110 960 1204 994 Otho

326 1009 518 1043 Cardinalis
528 1009 699 1044 Diaconus
718 1011 825 1044 Sancti
839 1011 972 1045 Nicolai
994 1010 1029 1049 in
1041 1010 1202 1044 Tulliano

323 1070 473 1099 carcere,
499 1059 653 1105 Gregorii
674 1061 753 1093 noni
770 1061 944 1095 Pontificis
965 1060 1006 1094 ad
1018 1061 1201 1094 Henricum

323 1110 455 1143 tertium
469 1109 600 1153 Angliae
612 1109 737 1154 Regem
750 1112 893 1155 Legatus
907 1124 917 1144 .-
944 1111 1055 1144 Auditu
1077 1110 1202 1143 terribili

322 1160 499 1192 audivimus
525 1161 561 1193 l&
587 1161 681 1194 relatu
703 1185 714 1200 ‚
738 1163 820 1203 quod
839 1163 963 1204 quidam
986 1185 996 1200 ,
1017 1159 1126 1204 scilicet
1150 1164 1201 1191 mi-

319 1208 380 1252 seri·
403 1211 571 1243 Sacerdotes
583 1234 593 1250 ‚
617 1213 688 1244 dum
703 1210 812 1254 forsan
823 1217 855 1245 in
874 1212 1042 1254 beneficium
1054 1214 1200 1250 Vicariae,

324 1261 376 1292 vel
414 1262 458 1293 ad
487 1261 609 1302 firmam
631 1286 641 1300 ‚
679 1264 731 1294 vel
767 1273 948 1304 quacumque
983 1262 1045 1292 alta
1074 1259 1200 1302 quaestus

319 1310 431 1352 causa,
452 1319 618 1352 proventus
637 1322 677 1343 cx
702 1312 800 1343 Altam·
825 1320 878 1345 aut
889 1324 927 1347 ex
950 1313 1131 1344 Poenitentta
1152 1321 1198 1344 ve-

321 1366 435 1393 nientes
445 1366 588 1402 recipiunt
600 1385 610 1399 ‚
637 1372 694 1393 uon
706 1363 793 1394 aliter
804 1363 971 1394 admittunt
984 1362 1028 1393 ad
1049 1363 1198 1394 Poem'ten-

319 1416 393 1442 tiam
403 1409 588 1451 confitentes,
615 1409 758 1453 m'fipriics
782 1411 820 1444 ab
833 1410 900 1453 ipsis
923 1417 954 1444 in
967 1410 1034 1452 sinu
1053 1416 1199 1444 avaritia·

314 1458 379 1503 suae
391 1461 508 1502 aliquid
514 1466 689 1500 reponatur.
715 1461 943 1502 sicquefactunt
967 1463 1003 1494 de
1016 1461 1085 1493 aliis
1096 1463 1200 1494 Sacra-

321 1515 433 1543 mentis
444 1534 450 1540 .
465 1509 531 1542 Eos
543 1521 659 1543 omnes
671 1510 805 1543 mandat
817 1510 935 1552 inquiri
949 1521 1003 1552 per
1014 1511 1202 1554 Episc0p0s‚

318 1560 354 1594 &
368 1560 415 1593 uti
428 1559 636 1594 simoniacos
646 1560 800 1593 amoveri.
815 1559 1022 1593 Grassabatur
1033 1569 1112 1594 tunc
1127 1560 1200 1594 abu-

318 1610 370 1647 sus
383 1610 531 1653 pessimus
542 1633 553 1649 ,
581 1622 648 1654 quo
660 1608 745 1653 apud
760 1612 848 1643 suam
862 1608 997 1643 Plebem
1011 1621 1078 1644 non
1090 1609 1200 1644 reside-

317 1659 397 1694 bant
411 1658 616 1693 parochiales
627 1658 830 1703 Presbyteri,
843 1658 896 1693 sed
909 1659 1077 1694 Vicarium
1092 1660 1200 1694 Eccle-

317 1710 365 1743 siae
376 1712 433 1743 suae
446 1709 662 1743 ministerium
673 1709 793 1744 dabant
803 1709 845 1743 ad
857 1710 983 1743 firmam
994 1733 1004 1749 ‚
1018 1709 1052 1742 id
1060 1710 1108 1743 est
1121 1734 1132 1749 ,
1142 1710 1198 1743 sub

317 1764 428 1794 annua
440 1760 596 1803 penfione
606 1759 778 1794 elocabant
805 1760 903 1794 alicui
927 1759 1056 1803 pauperi
1066 1758 1199 1801 Presby-

317 1818 406 1850 tero,
434 1809 489 1854 qui
502 1810 692 1854 acquirendi
706 1811 809 1844 vietus
821 1809 1003 1844 necessitate
1027 1817 1197 1855 cogeretur

319 1860 358 1893 ad
368 1860 526 1902 ejusmodi
538 1860 644 1895 sordes
656 1886 663 1893 .
690 1860 734 1894 Et
747 1860 780 1893 in
795 1861 880 1904 ipsos
891 1861 1002 1895 statuit
1014 1860 1197 1895 Cardinalis

318 1910 436 1944 Otho.
464 1910 502 1943 In
525 1910 656 1944 eosdem
677 1910 805 1949 videtur
824 1910 907 1944 olim
921 1910 1060 1945 statuisse
1081 1911 1117 1945 in
1140 1911 1195 1945 sua

320 1959 520 1994 Londinenfi
545 1959 682 2003 Synodo
702 1962 843 2005 joannes
865 1961 1049 1996 Cardinalis
1070 1959 1110 1995 de
1121 1961 1195 1996 Cre-

314 2022 392 2051 ma,
422 2011 569 2044 Honorii
591 2012 722 2045 secundi
743 2011 902 2056 Legatus:
934 2014 992 2045 Pro
1012 2014 1196 2045 Poenitentia

317 2062 433 2094 nullum
453 2066 569 2094 omnino
583 2067 716 2103 pretium
737 2067 891 2104 exigatur.
919 2062 956 2095 In
979 2062 1063 2104 ipsos
1088 2061 1195 2095 lucide

317 2110 427 2144 scribit
435 2110 468 2143 in
481 2110 693 2145 eruditissima
706 2136 717 2152 ‚
725 2123 787 2154 qua
798 2111 839 2144 ad
853 2110 1114 2156 extinguendum
1125 2110 1195 2144 Cle-

316 2161 505 2194 mentinum
516 2158 653 2195 schisma
663 2162 698 2195 ὅ(
709 2163 744 2195 in
757 2162 826 2205 ipso
837 2162 1010 2205 grassantes
1019 2159 1196 2204 disciplinae

316 2211 425 2253 lapsus
444 2209 593 2244 hortatur
615 2211 773 2245 Carolum
795 2212 923 2245 sextum
934 2211 1060 2255 Regem
1081 2212 1173 2244 suum
1185 2234 1196 2250 ‚

318 2260 466 2303 Epistola
480 2260 689 2295 Univerfitas
710 2260 910 2295 Parifienfis:
937 2262 1028 2304 ,Quid
1051 2262 1087 2294 de
1107 2263 1196 2294 Simo-

319 2315 408 2345 niaca
430 2309 533 2350 haeresi
553 2311 703 2352 loquamur
725 2336 735 2351 ‚
762 2323 830 2353 quae
850 2316 883 2343 in
903 2310 1038 2352 Ecclefiae
1060 2313 1142 2344 domo
1155 2310 1195 2353 fic

315 2359 473 2403 praefidet,
499 2369 532 2393 ut
536 2361 607 2399 jam
618 2363 683 2401 ty'us
694 2362 798 2393 ditioni
810 2366 909 2393 omnia
923 2359 982 2402 fint
986 2362 1194 2402 propemodum

314 2407 452 2454 ‘subjecta
463 2411 480 2443 ἓ
507 2417 583 2446 Haec
594 2412 810 2451 damnattffima
821 2412 984 2453 corruptela
996 2414 1195 2445 Sacramento-

319 2471 386 2494 rum
398 2467 525 2495 omnium
535 2459 661 2500 mysticas
671 2462 856 2501 collationes,
882 2463 916 2495 &
929 2461 1094 2504 praeeipub'
1108 2463 1195 2494 Ordi-

320 2521 392 2544 num
403 2522 436 2543 ac
446 2514 633 2544 Poenitentiae
647 2535 657 2551 ‚
684 2517 764 2553 turpi
777 2511 993 2554 detestabilique
1007 2511 1114 2553 quaestu
1125 2523 1197 2545 ven-

321 2561 384 2593 dit.
412 2560 523 2594 Exstat
548 2560 693 2603 Epistola
712 2561 745 2594 in
758 2561 936 2605 Spicilegio
961 2561 1197 2595 EruditiLucae

322 2607 479 2645 Dacherii
492 2636 497 2642 .
526 2611 608 2657 Qae
618 2611 652 2643 in
665 2610 753 2645 libro
764 2611 805 2644 de
817 2619 970 2653 corrupto
983 2611 1132 2645 Ecclesiae
1140 2611 1197 2644 sta-

320 2669 360 2693 t—-u
373 2660 490 2704 largius
500 2660 646 2702 deplorat
660 2660 818 2694 Nicolaus
830 2661 869 2694 de
882 2660 1071 2704 Clemangis
1084 2660 1195 2694 Archi-

322 2711 495 2744 Diaconus
522 2708 720 2752 Bajocenfis,
747 2711 779 2744 δε
805 2711 839 2744 in
866 2712 922 2744 sua
942 2711 983 2744 ad
1011 2711 1195 2744 Adrianum

322 2762 451 2794 sextum
476 2761 673 2794 Pontificem
685 2761 889 2804 querimonia
910 2760 1198 2805 Nurembergenfis

322 2810 566 2844 Germanorum
602 2811 774 2845 Procerum
806 2811 997 2845 Conventus
1025 2835 1033 2843 .
1071 2810 1196 2845 Eorum

324 2860 432 2894 nullus
443 2861 651 2903 spontaneam
681 2861 886 2896 oblationem
899 2861 1034 2895 damnat
1045 2886 1057 2903 ‚
1083 2861 1136 2895 sed
1149 2863 1197 2895 so-

325 2911 390 2944 lam
401 2911 621 2946 exafflonem.
649 2913 687 2945 In
700 2910 789 2945 hisce
808 2912 897 2946 enim
909 2912 1034 2946 cunffis
1056 2911 1198 2945 omnino

326 2969 435 2994 verum
461 2962 531 3005 est,
556 2960 646 3005 quod
672 2961 713 2995 de
738 2962 854 2996 Saneto
879 2961 986 2996 Paulo
1015 2960 1198 3004 Ap0st010‚

326 3009 409 3050 apud
418 3010 605 3046 Melitenses
615 3011 804 3055 praedicante
813 3035 824 3051 ‚
848 3012 881 3045 &
893 3011 1068 3046 sanitatum
1081 3012 1199 3055 gratias

329 3068 499 3100 operante,
527 3062 668 3104 ideoque
680 3074 749 3097 non
762 3063 822 3096 soli
833 3062 911 3103 fibi,
938 3060 991 3095 sed
1017 3062 1051 3095 &
1069 3061 1132 3094 suis
1143 3060 1200 3094 du-

329 3106 433 3139 centis
449 3110 647 3154 septuaginta
659 3114 708 3146 sex
719 3112 738 3146 ἐ
753 3112 925 3156 naufragio
936 3111 1033 3146 sociis
1045 3136 1056 3152 ,
1081 3111 1199 3145 multo-

332 3166 405 3188 rum
416 3154 540 3190 dierum
550 3161 702 3196 alimenta
728 3175 766 3197 ac
778 3162 898 3196 multos
909 3162 1039 3205 insuper
1058 3158 1199 3195 honores

332 3205 536 3248 accipiente,
563 3208 669 3242 scribit
695 3212 728 3244 in
754 3214 816 3247 suis
841 3211 881 3246 ad
902 3211 1094 3255 Apostolica
1117 3210 1198 3244 Asta

162 3256 576 3305 Homi1.52.90mmentariis
605 3259 735 3292 Sanctus
758 3263 895 3302 Joannes
928 3259 1198 3305 chrysostomus:

336 3308 423 3348 Num
447 3306 602 3337 mercedem
625 3309 800 3347 accipiebant
811 3312 826 3341 ,ἓ
852 3311 928 3352 Abfit
940 3338 948 3345 .
975 3313 1036 3345 Sed
1043 3335 1055 3352 ‚
1079 3320 1114 3344 ut
1131 3309 1201 3354 sort·-

329 3362 419 3402 ptum
429 3353 467 3393 est
480 3378 490 3393 ,
515 3356 621 3397 dignus
634 3356 670 3395 cst
682 3364 828 3396 operarius
835 3359 887 3400 suo
898 3361 958 3393 ciba
972 3386 979 3392 .

383 3405 506 3448 Sponte
518 3403 663 3437 oblatum
680 3406 885 3441 confessionis
905 3419 1074 3445 nummum
1088 3435 1098 3451 ‚
1123 3411 1202 3455 ejus-

1274 460 1406 500 omnia,
1432 460 1516 495 &ad
1527 459 1691 495 venandae·
1711 459 1778 503 ejus
1789 464 2007 506 poffeffiones.
2032 467 2083 502 At
2102 479 2150 503 re-

1274 509 1323 542 ἐὲὲ
1333 508 1383 543 illi
1392 509 1426 543 in
1439 510 1523 546 libro
1533 509 1574 546 de
1583 511 1799 545 Sacramentis
1806 513 1983 557 respondet.
1996 515 2151 552 Thomas

1273 558 1469 601 Waldenfis,
1502 559 1704 597 Carmelitici
1723 562 1868 597 Ordinis*
1889 563 2062 609 iffAngl'ia
2081 579 2150 603 eru-

1268 608 1444 644 ‘ditiffimus
1454 610 1550 645 Prior
1559 610 1772 646 provincialis
1783 625 1795 645 .·
1821 616 1894 645 Non
1905 612 1947 654 fic
1957 613 2046 657 mtset·
2062 617 2149 658 astum
2170 612 2242 651 Cal>-
2263 622 2324 649 141-

1270 659 1365 692 cibum
1376 685 1387 701 ,
1412 672 1467 703 quo
1483 673 1602 695 carnem
1610 661 1718 705 pascat
1742 664 1950 707 &impinguet
1962 690 1972 706 ‚
1999 673 2149 710 nonqua-

1271 715 1312 741 rit
1331 721 1370 743 ex
1385 710 1599 751 confeffionibus
1622 711 1748 753 Ecclesia
1769 715 1954 747 sacerdotum
1975 740 1986 755 ‚
2012 722 2070 758 qul*
2084 716 2148 760 esu-

1270 765 1352 792 riunt
1378 760 1698 803 &fitiumJusttttam.
1726 762 1888 804 Ambustus
1899 765 2070 800 tibidixit:
2096 771 2149 801 ce.-

1269 808 1321 842 bus
1348 812 1382 844 ζῆ·
1394 810 1511 852 refi'c‘Zio
1519 812 1741 846 orthodoxorum
1763 816 1952 848 Sacerdotum
1972 816 2010 856 est
2030 818 2147 858 remiffio

1262 867 1445 901 peccatorum
1463 887 1470 894 .
1506 862 1574 895 Tibi
1597 862 1679 895 cibus
1697 862 1747 902 ille
1770 862 1998 907 hocnumquam
2015 865 2146 909 sapuit,

1267 919 1302 942 ut
1321 912 1456 945 videtur.
1489 912 1523 945 si
1541 912 1598 945 tibi
1606 911 1675 953 fuit
1692 916 1725 945 in
1746 915 1911 948 sacerdotio
1931 915 2049 959 semper
2074 919 2147 950 tulit

1267 958 1385 1002 estates,
1396 972 1453 994 non
1466 968 1554 995 miror
1557 962 1588 1003 si
1595 962 1674 996 cibus
1679 965 1821 1004 putridus
1834 972 1923 1009 coegit
1933 967 1977 999 ad
1986 972 2142 1000 vomitum.

1266 1011 1392 1044 Omnes
1409 1012 1599 1047 Sacerdotes
1619 1023 1660 1047 ex
1682 1014 1852 1058 semetipso
1865 1015 2023 1058 judicavit
2050 1018 2146 1051 mise·

1266 1059 1375 1093 rabilis
1385 1061 1572 1096 Wicleffus:
1597 1064 1725 1097 Omnes
1743 1064 1784 1098 ad
1807 1065 1855 1099 sui
1879 1076 2025 1101 normam
2048 1065 2149 1101 credi·

1267 1109 1316 1142 dit
1326 1110 1558 1146 confitentium
1570 1111 1773 1147 Poenitentiae
1798 1115 1832 1148 &
1843 1114 1915 1150 aliis
1926 1117 2075 1151 Ecclefiae
2091 1117 2147 1151 Sa·

1265 1160 1436 1194 eramentis
1447 1171 1488 1194 ex
1498 1162 1623 1195 carnali
1633 1162 1789 1204 cupidine
1805 1165 2000 1200 ministrare.
2034 1168 2086 1201 Ex
2110 1178 2147 1202 re

1264 1210 1432 1243 castiffirna
1442 1210 1551 1245 sordes
1562 1211 1743 1254 quaefierat,
1770 1212 1804 1246 &
1828 1212 1885 1246 fibi
1908 1225 2146 1260 congregarat-2

1265 1260 1317 1293 Ex
1344 1261 1480 1303 ipsarum
1507 1262 1561 1295 esu
1594 1261 1799 1296 foediffimam
1816 1261 1944 1298 haerefin
1970 1266 2145 1300 eructavit.

1266 1309 1341 1351 Ejus
1363 1319 1508 1344 mentem
1523 1311 1609 1354 apud
1628 1312 1812 1346 Henticum
1834 1313 2080 1358 Cnyghtonum
2102 1315 2150 1350 lu·
2168 1334 2221 1365 An,
2237 1334 2324 1371 1382}

1264 1358 1369 1394 cidius
1387 1361 1537 1402 exposuit
1558 1361 1721 1395 Nicolaus
1749 1362 2018 1405 Herefordensis,
2045 1365 2147 1400 blate-

1264 1420 1336 1442 rans
1357 1409 1567 1444 confessionis
1592 1410 1761 1445 denarium
1786 1412 1848 1445 effe
1857 1413 2086 1456 maledictum,
2109 1416 2146 1451 δε

1264 1469 1330 1493 tam
1349 1460 1481 1493 dantem
1495 1470 1594 1504 quam
1608 1461 1824 1504 accipientem
1844 1463 1907 1497 effe
1917 1465 2147 1500 excommuni-

1263 1520 1371 1543 catos.
1398 1510 1508 1558 Qem
1531 1520 1670 1544 errorem
1685 1534 1696 1550 ,
1723 1511 1770 1545 uti
1786 1522 1892 1546 veram
1913 1512 2042 1549 haeresin
2063 1513 2147 1556 ,Ab

1264 1559 1457 1604 Anglicanis
1470 1559 1592 1594 ibidem
1607 1561 1778 1604 Episcopis
1788 1564 1919 1597 coastus
1940 1563 1985 1597 est
1997 1563 2145 1608 abjurate

1264 1611 1373 1644 nescio
1384 1610 1458 1653 quis
1468 1610 1666 1645 Guilielmus
1682 1611 1834 1645 Eremita.
1855 1613 1985 1648 Similes
1994 1616 2029 1648 in
2043 1615 2144 1650 istum

1262 1659 1431 1693 denarium
1454 1661 1636 1694 calumnias
1662 1671 1858 1696 vomuerunt
1882 1662 1994 1698 nostro
2025 1664 2144 1700 saeculo

1263 1709 1551 1744 Lutheranietiarn
1575 1710 1826 1746 &Calvinistae.
1854 1712 2142 1758 Hincips'umjam

1262 1760 1453 1793 dimiserunt
1463 1759 1619 1804 pleraeque
1630 1761 1664 1794 ὅ(
1676 1762 1836 1795 saeculares
1849 1763 1882 1796 δε
1894 1763 2071 1808 Regulates
2082 1765 2145 1799 Ec·

1261 1810 1381 1851 elesa,
1406 1810 1440 1843 δε
1453 1809 1681 1853 semetipsasin
1694 1811 1855 1846 Eliberini
1878 1812 2028 1848 Canonis
2047 1816 2145 1858 spon-

1261 1868 1388 1894 taneam
1412 1859 1608 1895 sanstitatem
1629 1863 1857 1905 reposuerunt.
1883 1863 2046 1899 Servanda
2056 1865 2143 1900 item

1260 1911 1306 1945 est
1317 1910 1445 1946 castitas
1457 1910 1514 1944 illa
1528 1935 1538 1951 ,
1561 1921 1660 1954 quam
1678 1913 1764 1954 apud
1780 1913 1951 1957 Rogerum
1962 1914 2145 1950 Hoveden·

1262 1962 1326 1996 sem
1338 1960 1445 1995 sanxit
1459 1960 1672 1996 Eboracensis
1683 1961 1837 2004 Synodus
1853 1962 1998 1996 Huberti
2019 1962 2144 1997 Prima·
2162 1973 2293 2010 1:01.753,

1261 2012 1303 2045 tis
1325 2010 1588 2045 cantuariensis:
1618 2010 1810 2044 Prohibemus
1833 2023 1870 2045 ne
1887 2013 2028 2045 sacerdos
2049 2015 2145 2046 Lateo

1260 2062 1304 2094 ad
1313 2065 1525 2094 Paenitentiam
1545 2065 1704 2101 venienti,
1728 2061 1848 2095 obtentu
1869 2062 2071 2103 cupiditatis,
2094 2057 2144 2095 ih·

1253 2112 1368 2154 jungat
1382 2119 1414 2143 ut
1428 2111 1527 2152 Missas
1532 2110 1634 2151 factat
1644 2110 1800 2145 celebrari.
1829 2112 1874 2145 Et
1883 2111 2028 2155 ejusdem
2034 2112 2142 2155 Syna-

1260 2159 1320 2194 dus
1334 2159 1569 2194 Londinenfis:
1595 2162 1761 2201 Adjicimus
1776 2163 1822 2194 ad
1829 2163 2018 2195 sacerdotum
2028 2164 2143 2204 mpedi-
2162 2159 2222 2195 Fol»
2230 2163 2296 2199 897·

1261 2219 1354 2244 tatem
1379 2209 1605 2250 resraenandam
1618 2234 1628 2249 ,
1657 2219 1691 2243 ut
1702 2211 1794 2254 Mtffae
1814 2223 1872 2244 non
1887 2214 2088 2255 injungantur
2107 2217 2143 2245 m

1262 2263 1443 2294 Pet-nitentia
1453 2259 1568 2302 hlr,qu1'
1580 2259 1761 2301 nonficerint
1769 2263 1947 2295 Sacerdotes.
1976 2262 2020 2296 Et
2033 2262 2067 2294 in
2081 2261 2144 2296 suu

1262 2311 1301 2345 ad
1322 2308 1488 2344 Parochos
1504 2309 1683 2352 Capitulari
1703 2311 1782 2346 Odo
1806 2310 1989 2346 parisiensis
2010 2311 2143 2355 Episco·

1260 2372 1336 2405 pus:
1364 2361 1479 2393 Nullus
1490 2360 1614 2402 Missas,
1640 2371 1716 2402 quas
1733 2363 1922 2401 injunxerit,
1946 2361 2097 2395 celebrem
2128 2369 2144 2383 '-

1311 2410 1379 2446 Uti
1391 2410 1454 2444 alia
1466 2409 1575 2453 passim
1590 2409 1713 2451 omnis,
1742 2410 1787 2444 ita
1806 2411 1841 2445 ὃ(
1852 2410 2057 2444 Wicleffiana
2077 2409 2142 2444 hae·

1261 2462 1334 2495 refis
1350 2461 1383 2494 in
1395 2459 1443 2494 sui
1457 2459 1592 2494 exordio
1606 2458 1722 2494 habuit
1732 2460 1955 2495 callidiffimos
1963 2458 2141 2503 discipulos

1261 2512 1293 2545 δε
1306 2510 1531 2547 buccinatores
1547 2534 1558 2549 ‚
1583 2508 1766 2551 horumque
1778 2519 1862 2542 unus
1870 2509 1934 2541 fuit
1946 2510 2086 2551 Ioannes
2095 2509 2143 2544 de‘

1261 2560 1368 2595 Aston
1380 2584 1392 2601 ,
1418 2561 1504 2594 inter
1522 2559 1613 2601 cujus
1632 2558 1674 2591 ab
1685 2557 1870 2603 Anglicana
1893 2558 2036 2592 Ecclesia
2047 2558 2141 2593 datm

1262 2621 1355 2646 natos
1379 2610 1532 2644 articulos
1553 2617 1701 2642 numerat
1727 2608 1829 2642 etiam
1857 2606 1946 2642 hunc
1972 2608 2140 2643 Henricus

1259 2658 1481 2706 Cnyghtonus
1497 2657 1653 2700 :Episcopi
1664 2663 1837 2699 accipientes
1847 2664 2002 2699 pecuniam
2007 2666 2065 2701 pro
2072 2667 2139 2700 pec·
2157 2654 2304 2692 Ass·15³⁸1

1258 2718 1333 2745 catis
1339 2709 1410 2754 sunt
1416 2707 1472 2750 filii
1482 2708 1600 2741 diaboli.
1627 2708 1662 2742 N
1664 2718 1707 2740 on
1719 2707 1792 2741 Con
1798 2708 1941 2742 fessionis
1952 2706 2136 2749 denarium,

1260 2761 1312 2795 sed
1324 2760 1476 2804 quasdam
1489 2757 1684 2791 redimendae
1693 2768 1748 2800 per
1757 2757 1997 2800 eleemosynam
2017 2757 2140 2792 satisfa⁴

1259 2811 1378 2845 &ionis
1401 2808 1581 2852 superstites
1601 2807 1737 2841 damnat
1755 2807 1909 2849 reliquias
1928 2831 1939 2847 ‚
1963 2807 2134 2842 adversum

1259 2871 1337 2905 quas
1348 2859 1409 2893 isto
1419 2859 1519 2893 etiam
1531 2868 1675 2900 tempore
1687 2857 1798 2892 statuit
1810 2858 1844 2891 in
1857 2860 1910 2891 sua
1921 2856 2135 2901 Synod'tss'il-

1260 2911 1373 2956 gtinus
1394 2906 1666 2951 Archiepiscopus
1690 2905 1935 2952 Salisburgenfis
1957 2921 1964 2940 :
1991 2910 2066 2938 Cum
2089 2911 2136 2939 in·

1260 2961 1375 2994 serdum
1399 2968 1464 2992 tam
1482 2960 1502 2990 ἀ
1523 2958 1596 2991 Sede
1619 2957 1776 2999 apostolica
1806 2982 1816 2998 ,
1842 2968 1932 3000 quam
1952 2967 1990 2990 ex
2008 2953 2134 2998 speciali

1260 3011 1371 3044 indulto
1388 3007 1535 3052 plerisque
1552 3009 1687 3051 gratiose*
1708 3009 1880 3041 concedatur
1893 3031 1905 3047 ‚
1930 3013 1963 3039 ut
1981 3009 2014 3037 in
2023 3004 2134 3046 casibus

1260 3059 1461 3102 Superiortbos
1472 3056 1631 3101 reserantis
1641 3068 1704 3090 cum
1729 3057 1786 3099 fibi
1789 3055 1917 3100 subditis
1939 3053 2064 3098 dispens
2058 3067 2109 3088 are
2118 3068 2138 3096 ,¹

1260 3121 1294 3143 ac
1305 3121 1350 3144 eos
1362 3108 1512 3152 absolvere
1521 3132 1532 3148 ,
1557 3106 1654 3150 eisque
1660 3115 1716 3150 pro
1728 3105 1909 3145 nna-eulpae
1921 3105 2133 3138 Poenitenttam

1260 3163 1412 3204 injungere
1421 3159 1547 3192 valeant
1555 3165 1776 3200 competentem.
1801 3154 1907 3188 Veram
1920 3160 1992 3196 quia
2010 3156 2135 3188 nonnul-

1260 3213 1282 3244 ln·
1295 3211 1409 3244 indulto
1428 3207 1593 3251 hujusmodi
1612 3208 1784 3245 abutentes,
1812 3207 2008 3238 Poenttenttas
2033 3201 2135 3247 buJ'us-

1261 3260 1341 3294 modi
1349 3266 1381 3293 tn
1391 3264 1598 3302 pecuniarium
1605 3260 1758 3298 proprium
1784 3254 1969 3297 &bur-salem
1991 3253 2137 3297 quaestum

1262 3318 1386 3344 vertunt
1405 3334 1417 3350 ‚
1444 3310 1499 3343 (τε.
1527 3304 1695 3349 Ejusmodi
1729 3302 1952 3339 absolutiones
1976 3302 2132 3338 acerrime

1263 3361 1442 3404 insequitur
1462 3382 1473 3398 ,
1496 3357 1630 3390 damnat
1653 3377 1664 3392 ‚
1689 3352 1797 3387 reddit
1820 3353 1925 3388 irritas
1944 3364 1963 3394 ,·
1981 3354 2134 3396 ipsarum-

1263 3423 1326 3455 que
1339 3408 1551 3453 impartitores
1562 3403 1723 3446 suspendit
1736 3403 1753 3437 a
1765 3402 2015 3450 Divinis.Qod
2027 3403 2135 3445 ipsum·

335 3464 400 3505 que
432 3453 555 3491 avitam
591 3455 859 3496 consuetudinem
897 3458 1015 3502 primus
1051 3461 1204 3497 damnare
1248 3456 1449 3502 [infecunda
1463 3456 1516 3491 sua
1528 3451 2135 3502 subMartiniquintiPapatucelebra-

1211 3513 1258 3562 ll
2052 3511 2086 3541 ta
