2352 3736
398 138 467 184 86-

330 233 445 268 panem
459 222 492 255 in
503 217 645 254 Domini
666 218 794 263 Corpus
812 217 999 253 consecrare
1018 213 1064 248 est
1086 218 1134 248 re's
1154 215 1201 248 in-

327 372 411 414 juffit
423 371 441 404 a
454 369 576 413 populo
586 368 692 404 offerti
703 392 710 399 .
736 367 848 412 Qam
862 363 963 399 rursus
979 363 1101 400 variata
1123 376 1204 399 tem-

327 431 445 464 porum
456 420 539 455 ratio
554 418 697 462 perfirafit
707 414 825 447 mutari
835 414 871 447 in
881 413 1031 450 denarios
1042 440 1053 455 ,
1065 415 1122 459 qui
1134 426 1201 458 par-

326 471 387 505 tim
397 469 541 504 emendae
549 469 656 501 farina:
666 465 766 498 essent
777 465 918 507 pretium
931 488 942 504 ,
969 465 1087 508 partim
1099 464 1140 498 ad
1152 466 1202 499 fu-

321 520 467 564 gandam
489 514 651 551 Clericalis
670 514 811 548 avaritiae
828 514 968 557 speciem
988 516 1023 550 in
1047 526 1200 559 pauperes

321 570 384 603 sub
408 566 611 603 offerentium
636 565 811 607 conspectu
837 564 1061 600 dividerentur
1085 590 1091 597 .
1119 564 1200 611 Qae

323 618 443 663 puritas
463 640 475 656 ‚
509 615 599 658 quod
621 625 691 648 non
709 614 787 649 effer:
812 614 1011 658 Apostolicae
1034 615 1116 659 legis
1135 639 1146 656 ,
1167 617 1200 651 ἀ·

320 664 409 711 quod
422 663 786 709 priorumfoblationum
797 665 1031 700 emolumentis
1052 676 1108 700 aut
1129 677 1198 700 non

319 717 445 759 possent
456 725 512 750 aut
535 715 662 749 nollent
682 716 800 758 privari
822 715 1011 750 Sacerdotes
1024 740 1035 755 ‚
1061 727 1129 749 non
1141 717 1198 751 diu

318 765 507 808 permanfit.
535 766 595 799 Uti
618 774 712 799 antea
734 764 845 808 panis,
871 765 985 799 vinum
1011 765 1045 798 ὅ(
1071 767 1198 806 farina,

315 816 364 856 ‚ita
375 815 411 849 hi
423 815 547 850 denarii
569 815 634 855 illis
655 815 853 858 pedetentim
874 816 1071 859 appropriari
1097 828 1196 860 coepe-

313 876 411 900 sunt.
439 867 488 900 Ita
508 867 564 902 suo
585 876 730 908 tempore
749 865 843 902 fuifle
864 867 1057 900 consuetum
1070 891 1079 906 ,
1106 867 1196 909 supra

317 915 423 959 palam
435 915 588 950 dinerunt
602 915 777 949 Goffredus
789 913 903 962 Abbas
917 916 1173 951 Vindocinenfis
1185 942 1194 956 ‚

314 966 348 999 ἀ
374 965 543 1000 Hubertus
570 964 839 1008 Archiepiscopus
865 965 1125 1001 Cantuarienfis.
1153 968 1194 1000 Et

312 1013 393 1049 hinc
404 1015 448 1051 ob
458 1017 578 1050 avitam
590 1016 701 1059 populi
716 1015 756 1049 de
767 1015 855 1049 Cleri
866 1016 1000 1052 avaritia
1021 1017 1056 1053 δε
1085 1017 1194 1052 nimiis

315 1066 526 1109 proventibus
546 1066 744 1103 calumniam
769 1065 890 1102 defecit
918 1066 1071 1110 paulatim
1095 1068 1192 1101 etiam

312 1115 523 1150 denariorum
549 1114 676 1150 tblatio
697 1141 707 1157 ‚
745 1117 908 1152 contraita
935 1116 998 1151 fere
1024 1118 1065 1151 ad
1091 1117 1193 1150 solam

311 1165 490 1200 Miffamin
503 1168 649 1210 exequiis
670 1166 913 1202 defunctorum,
942 1167 1110 1201 Accedens
1136 1167 1193 1199 Ec-

311 1216 498 1259 clesiarum,
523 1217 686 1259 Altarium
710 1218 743 1251 in
767 1216 879 1251 eadem
904 1217 1005 1252 etiam
1029 1217 1192 1256 Ecclesia,

311 1266 521 1302 sacerdotum
545 1292 556 1307 ,
581 1269 721 1312 plurium
750 1268 898 1312 quotidie
921 1267 1038 1302 eodem
1063 1278 1192 1311 quoque

312 1316 420 1352 Altari
442 1318 612 1352 Miffarum
633 1317 863 1360 multiplicatio
886 1316 977 1351 istam
1005 1318 1192 1352 contradic>

312 1378 387 1402 nem
411 1367 536 1402 strenue
553 1368 695 1411 adjuvit.
725 1367 858 1401 Exinde
877 1367 1113 1412 ergo'Miffam
1135 1366 1191 1401 sibi

311 1417 465 1452 celebrari
477 1417 610 1458 volens,
634 1429 707 1452 eam
730 1416 847 1452 oblato
867 1416 1003 1451 denario
1025 1418 1193 1461 postulata

311 1466 508 1507 Sacerdote,
533 1468 567 1500 &
592 1467 646 1500 hic
667 1466 712 1501 est
734 1466 910 1505 denarius,
936 1478 1034 1509 quern
1056 1469 1191 1502 Wiclef-

310 1516 410 1559 fistae,
436 1516 619 1552 Lutherani
640 1540 651 1556 ,
675 1516 911 1550 &Calvinissae
932 1516 1095 1551 hostiliter
1113 1518 1195 1552 inse-

310 1569 453 1602 &antun
483 1565 531 1600 At
551 1567 617 1601 fine
639 1566 873 1600 fundamento.
902 1566 958 1599 Est
979 1566 1091 1607 enim,
1118 1568 1193 1601 licet

312 1628 381 1652 non
397 1617 430 1651 in
449 1617 509 1652 issa
524 1617 629 1660 specie
640 1641 650 1657 ,
677 1625 786 1650 tamen
798 1616 831 1648 in
847 1613 1026 1651 substantia
1038 1629 1075 1651 ac
1087 1617 1195 1651 valore

311 1666 502 1702 Institutum
518 1666 748 1710 Apostolicum
764 1691 772 1698 .
801 1666 909 1701 Etiam
924 1667 956 1698 in
980 1666 1106 1709 propria
1131 1668 1196 1710 spe-

310 1718 362 1751 cie
383 1719 444 1751 esse
468 1718 641 1759 antiquum
662 1740 673 1755 ,
699 1715 876 1749 ostendunt
903 1715 1046 1758 superius
1066 1715 1196 1750 laudata

311 1766 443 1811 puerilis
450 1767 551 1811 pietas
563 1764 768 1800 SanfflPetri
782 1766 959 1805 Dauniam,
984 1766 1017 1799 <Sc
1029 1776 1081 1809 per
1092 1765 1195 1809 ipsum

311 1817 445 1853 adducta
470 1818 561 1861 plura
584 1815 730 1859 exempla
750 1840 757 1848 .
786 1815 873 1862 Qis
893 1815 1045 1850 Sacerdos
1066 1827 1135 1850 non
1156 1817 1196 1850 ab

309 1868 405 1903 omni
428 1867 515 1900 fideli
544 1876 659 1909 panem
682 1866 718 1899 &
741 1866 856 1898 vinum
878 1866 969 1899 malit
989 1865 1131 1909 accipere
1155 1867 1195 1901 ad

313 1918 462 1961 quamvis
470 1916 602 1950 Missam
614 1940 624 1955 ‚
652 1926 748 1959 quam
761 1914 801 1949 ab
813 1916 915 1949 unico
927 1915 1064 1950 homine
1078 1928 1197 1959 paucos

311 1969 392 2002 asses
406 1968 421 1998 ?
446 1966 500 2001 De
515 1967 600 2000 varia
613 1964 708 2008 hujus
727 1965 908 1999 oblationis
935 1966 1119 2001 mutatione
1138 1966 1196 2001 lar·

313 2017 387 2064 gius
398 2017 442 2051 est
457 2019 514 2051 suo
530 2017 602 2050 loco
613 2014 789 2049 dicendum
802 2040 809 2048 .

365 2069 421 2102 An
435 2066 475 2100 ad
487 2066 630 2112 singulas
639 2066 738 2100 etiam
762 2066 899 2109 privatas
922 2067 1036 2101 Missas
1057 2067 1139 2101 olim
1156 2066 1196 2101 ab

314 2117 526 2154 audientibus
538 2117 589 2151 vel
601 2114 756 2150 audiente
766 2115 864 2150 fuerit
874 2117 953 2150 faita
963 2117 1054 2160 panis
1066 2141 1077 2157 ‚
1104 2118 1170 2150 vini
1188 2141 1197 2156 ,

315 2169 447 2207 farinae,
475 2167 525 2200 vel
551 2166 677 2200 denarii
703 2165 830 2200 oblatio
849 2191 860 2206 ,
901 2167 996 2210 poffit
1022 2167 1194 2210 disputari.

317 2219 456 2252 Certum
469 2217 514 2251 est
526 2217 619 2250 fuisse
631 2215 743 2250 factam
765 2215 804 2251 ad
829 2215 922 2256 illas,
946 2227 1018 2258 quae
1039 2228 1098 2260 pro
1119 2228 1197 2260 quo-

318 2269 405 2313 piam
417 2269 470 2302 seu
483 2267 557 2299 vivo
570 2267 620 2299 seu
634 2265 785 2299 defuncto
799 2290 807 2305 ‚
836 2266 886 2299 vel
913 2266 1049 2310 propriae
1069 2267 1198 2311 pietatis

318 2329 410 2353 motu
424 2343 434 2358 ,
461 2316 513 2350 vel
526 2315 566 2350 ad
579 2315 714 2358 alicujus
729 2315 980 2358 postulationem
993 2316 1126 2351 fuerunt
1149 2329 1198 2351 ce-

318 2369 462 2403 lebratae.
481 2366 571 2403 Nam
583 2366 616 2400 in
627 2364 678 2400 his
696 2365 867 2408 oportebat
891 2366 958 2400 fieri
981 2366 1071 2400 istius
1094 2367 1197 2400 nomi-

319 2417 623 2458 nisre-citationem,
650 2427 746 2461 quam
761 2415 826 2450 fine
837 2415 1006 2449 oblatione
1034 2417 1104 2450 fieri
1129 2428 1196 2450 non

319 2468 604 2513 permifitantiqua
620 2466 814 2509 disciplina.
843 2466 938 2498 Olim
961 2477 1040 2510 ergo
1063 2466 1197 2500 Missam

319 2530 379 2563 pro
389 2520 420 2552 se
430 2527 484 2551 aut
496 2518 602 2550 amico
612 2516 783 2549 dicendam
798 2516 963 2558 postulans
973 2516 991 2549 ὲ
1003 2517 1176 2550 Sacerdote
1189 2541 1199 2557 ,

319 2580 389 2604 non
418 2567 527 2612 praevie
552 2565 669 2605 dabat,
695 2565 749 2598 sed
775 2565 809 2597 in
837 2566 900 2607 ipsa
925 2565 1081 2599 offerebat
1106 2566 1199 2600 dena-

319 2619 405 2653 rium
422 2642 432 2658 ‚
467 2628 535 2660 q-uo
557 2616 626 2649 solo
639 2613 844 2648 Sacerdotem
856 2614 1029 2657 oportebat
1041 2615 1104 2648 effe
1116 2626 1196 2648 con-

321 2671 447 2703 tenmm
469 2692 475 2699 .
504 2668 670 2701 Servatum
691 2674 800 2698 tamen
825 2664 996 2707 oportebat
1014 2665 1117 2698 etiam
1134 2665 1197 2699 lau-

322 2719 435 2753 datum
448 2716 589 2759 superius
611 2714 795 2748 Cardinalis
817 2714 979 2748 Gualonis
1001 2714 1200 2749 Canonem:

323 2773 499 2802 Moneantur
511 2770 596 2799 Laict‘
606 2766 779 2808 diligenter,
804 2775 839 2796 ne
864 2765 941 2806 quod
955 2773 1012 2806 pro
1033 2767 1202 2802 Sacramen-

324 2828 416 2852 rorum
439 2821 610 2851 reverentia
635 2815 750 2848 devotio
776 2814 926 2847 Fidelium
951 2817 1137 2855 introduxit,
1163 2827 1201 2848 ex

324 2873 463 2902 avaritia
475 2868 569 2901 velint
581 2865 776 2907 aliquatenus
795 2876 950 2898 revocare.
978 2865 1201 2900 Devotionem

326 2919 419 2952 istam
441 2917 597 2961 paulatim
616 2912 756 2948 omnino*
774 2914 949 2954 diminuit,
975 2926 1012 2949 ac
1034 2926 1205 2958 propemo-

329 2966 407 3000 dum
422 2966 579 3000 exstinxit
589 2966 672 3000 olim
685 2964 857 2998 Laicorum
870 2965 1001 2998 avaritia
1013 2988 1024 3004 ,
1050 2974 1147 3007 atque
1158 2965 1203 2997 ita

330 3016 401 3058 izpfis
411 3026 516 3050 taxare
526 3016 631 3049 Miffae
638 3014 808 3049 denarium
820 3014 974 3057 Episcopi
983 3014 1116 3048 tandem
1138 3015 1205 3048 fue-

330 3075 365 3098 :e
377 3065 546 3105 compulfi.
574 3066 620 3099 lta
634 3065 728 3099 solita
750 3064 833 3098 intra
853 3063 987 3098 Missam
1010 3063 1133 3098 oblatio
1157 3075 1206 3108 pe·

331 3112 489 3146 detentim
510 3114 605 3147 etiam
627 3114 719 3149 desiit
736 3137 747 3153 ‚
771 3115 805 3148 δε
827 3114 892 3157 jam
912 3113 1035 3157 pridem
1058 3114 1206 3148 denarius

333 3162 471 3197 velante
491 3161 541 3193 vel
563 3163 631 3203 post
654 3166 750 3206 ipsam
771 3164 880 3198 offerri
904 3164 1022 3207 coepit,
1049 3164 1152 3198 immo
1173 3165 1206 3199 &

329 3211 422 3255 exigi
434 3235 442 3243 .
465 3210 506 3243 Et
519 3209 604 3242 hanc
611 3214 879 3248 consuetudinem
891 3215 941 3248 uti
954 3214 1125 3248 innoxiam
1137 3225 1206 3257 pro-

334 3261 426 3296 bavit
437 3259 636 3292 Tridentina
661 3261 828 3302 synodus,
855 3265 1024 3298 Miffarum
1045 3262 1207 3298 fundatio-

334 3322 394 3346 nes
404 3334 414 3350 ,
440 3308 557 3352 quibus
565 3306 679 3341 adnexi
693 3311 804 3343 census
818 3315 956 3347 tenuitas
969 3323 1107 3357 nequeat
1119 3324 1205 3349 com-

337 3368 501 3407 peeentem
522 3357 723 3401 suppeditare
744 3358 928 3402 denarium,
959 3365 1143 3404 permittens
1165 3375 1209 3398 re-

334 3409 416 3449 duci
439 3409 480 3446 ad
501 3407 668 3445 minorem
690 3418 864 3445 numerum
878 3433 888 3442 η.
925 3410 1038 3461 Qam
1072 3415 1208 3460 discipu.

326 271 512 307 commodis
525 269 657 312 subjecta
668 293 680 310 ,
691 268 830 311 ideoque
842 263 978 300 mutavit
991 262 1130 298 Ecclesia
1142 288 1154 305 ,
1163 222 1223 1111 &I

322 322 488 357 ,triticeam
499 319 633 354 farinam
646 343 656 359 ‚
673 331 714 353 ex
724 328 786 362 qua
798 314 918 349 Clerici
931 324 1028 356 panes
1038 315 1180 349 facerent
1189 339 1200 355 ‚

1246 464 1290 507 :fr

638 135 913 181 SECUNDA
948 133 1339 178 Paoossnmns
1375 132 1806 197 Daseai-arro,

1262 225 1339 248 narn
1361 215 1425 248 effe
1444 216 1613 260 antiquam
1623 236 1644 257 ‚³
1655 221 1753 256 docet
1773 222 1925 258 fundatio
1944 221 2141 260 Monasterii

1262 264 1381 299 Sanstae
1392 265 1506 300 Mariae
1516 267 1557 300 de
1567 268 1653 302 Silva
1664 270 1781 316 Regali
1793 272 1829 307 in
1842 274 2025 308 Arelatensi
2047 275 2143 309 Dioe·

1260 314 1345 356 celi,
1370 316 1495 350 cuisub
1508 327 1661 360 perpetuo
1671 322 1828 356 variarum
1849 324 2021 359 Miffarum
2041 336 2142 360 onere

1261 363 1381 399 fundos
1406 367 1564 408 quosdam
1584 368 1720 401 donavit
1746 370 1937 413 Alphonsus
1964 373 2143 418 Aragoniae

1262 415 1336 448 Rex
1350 438 1360 454 ,
1378 415 1419 449 ’ἀ
1440 417 1558 459 adjecit
1580 430 1592 450 .·
1618 421 1648 450 51
1671 425 1703 450 in
1722 420 1870 460 praedtbla
1891 426 2047 458 donatione
2066 435 2140 458 nare

1261 525 1333 548 tum
1353 515 1456 550 exstat
1477 516 1512 551 in
1536 517 1713 563 Spicilegio
1736 520 1833 553 Lucae
1854 520 2028 557 Dacherii.
2059 525 2141 572 Qo

1258 564 1324 607 jure
1345 565 1448 604 solos,
1466 565 1584 609 quibus
1593 578 1780 612 competens
1794 571 1983 605 sustentatio
2008 573 2140 609 aliunde

1259 627 1327 649 non
1340 615 1501 658 suppetit,
1527 617 1643 661 inopes
1654 620 1840 654 Sacerdotes
1863 621 1896 654 &
1918 621 2078 656 Ecclesiae
2092 625 2141 659 vti

1261 666 1348 708 posse
1369 664 1503 708 quidam
1514 679 1581 701 non
1599 668 1666 702 fine
1684 669 1899 705 fundamento
1923 672 1961 704 ad
1983 672 2144 709 severant.

1258 716 1448 750 Reformata
1462 717 1606 760 quaedam
1619 742 1630 758 ,
1655 730 1789 754 ornnem
1801 721 1899 754 etiam
1925 722 2037 764 sponte
2056 722 2145 759 obli-

1258 766 1509 800 tumdenarium
1520 767 1715 808 refutantia,
1742 770 1942 806 Monasteria
1954 774 2026 806 sunt
2047 772 2144 814 pluri·-

1257 817 1348 850 mum
1372 816 1533 852 laudanda
1556 842 1566 857 ‚
1593 819 1626 852 δε
1647 819 1789 854 orandus
1810 820 1854 854 est
1878 821 1969 855 Deus
1992 846 2003 862 ‚
2039 831 2075 854 ut
2100 821 2142 857 ad

1257 867 1351 900 omni
1364 868 1474 901 saltem
1485 867 1643 902 exastioni
1658 870 1917 911 renunciandum
1933 883 1992 905 nos
2017 883 2144 915 permo-

1258 927 1330 950 vere
1344 940 1353 955 ,
1380 927 1477 960 atque
1489 919 1533 951 ita
1543 917 1627 952 casta
1639 919 1772 954 Parrum
1784 920 1879 954 corda
1893 922 1925 954 in
1941 934 2000 955 nos
2013 922 2143 955 reduce·
2169 932 2176 948 1
2192 931 2201 948 -·
2239 931 2252 946 ··v

1257 977 1289 1000 re
1300 966 1469 1011 dignetur.
1495 968 1632 1009 Interim
1643 970 1770 1012 penitus
1784 972 1906 1005 necesse
1917 972 1972 1006 ,est
1998 971 2144 1016 longiffi-

1258 1015 1472 1059 meproscribi
1494 1019 1705 1060 iniquiffirnas
1718 1021 1844 1060 sordes,
1870 1031 1948 1064 quas
1972 1020 2033 1055 hac
2053 1023 2089 1055 in
2109 1030 2145 1059 re

1257 1063 1452 1100 damnarunt
1465 1068 1610 1101 Romani
1623 1068 1800 1109 Pontifices
1810 1095 1820 1111 ‚
1832 1071 1987 1105 Clemens
1998 1073 2143 1112 octavus,

1260 1114 1419 1149 Urbanus
1428 1118 1578 1155 odlavus,
1603 1116 1638 1150 ὃς
1652 1118 1821 1152 noviffime
1841 1120 2027 1155 Alexander
2049 1122 2145 1165 septi-

1260 1175 1350 1199 mus.
1377 1164 1420 1199 Et
1432 1165 1598 1201 adversum
1612 1177 1691 1209 quas
1704 1167 1852 1201 Adriano
1873 1170 1965 1204 sexto
1991 1170 2146 1213 supplica-

1259 1215 1303 1249 vit
1340 1215 1629 1260 Nurembergenfis
1677 1217 1916 1252 Germanorum
1953 1219 2146 1265 Principum

1260 1266 1473 1300 Conventus:
1501 1268 1675 1300 sacerdotes
1685 1274 1772 1300 unius
1784 1269 1843 1300 diei
1857 1269 1958 1311 Mtffas
1973 1291 1983 1307 ‚
2008 1271 2054 1302 ad
2068 1281 2146 1312 quas

1252 1314 1447 1356 fundationis
1461 1339 1471 1355 ‚
1493 1314 1545 1358 seu
1554 1327 1665 1350 annuae
1688 1318 1894 1350 recordationir
1907 1319 1978 1358 jare
1998 1320 2145 1355 celebra».-

1259 1368 1313 1398 das
1330 1365 1499 1409 obligantur
1510 1390 1521 1407 ‚
1547 1376 1604 1399 non
1611 1364 1706 1408 semel
1713 1391 1724 1407 ,
1746 1365 1806 1409 sed
1814 1376 1918 1408 quater
1931 1390 1941 1406 ‚
1964 1375 2120 1410 quinquies
2129 1390 2149 1411 ,

1255 1414 1406 1458 pluriesve‘
1418 1416 1597 1448 venundant
1606 1426 1753 1458 „unaque
1767 1417 1852 1459 Missa
1862 1415 1971 1450 duobus
1985 1440 1996 1456 ‚
2022 1418 2148 1461 tribus„

1259 1475 1311 1499 aut
1317 1464 1453 1507 pluribus
1464 1463 1661 1508 Ecclefiasttct's
1673 1466 1819 1508 beneficus
1832 1464 2012 1510 satisfacere
2027 1465 2147 1511 presta

1260 1524 1343 1550 munt
1364 1539 1372 1549 .
2135 1533 2145 1553 ,-

1433 1788 1780 1839 CAPUT
1850 1794 2018 1852 ΧΠ,

1259 1931 1508 1995 Expommtur
1520 1925 1667 1977 exaft'io
1680 1933 1738 1973 <9⁴
1749 1929 1885 1975 oblatio
1890 1944 1964 1996 pro
1985 1933 2148 1997 exequi&

1551 1994 1811 2067 &sepultura
1827 2034 1840 2047 .
2030 1998 2032 2002 ’

1362 2117 1526 2160 Ntiquum
1585 2117 1960 2161 constantinopolitana
1993 2094 2143 2154 Ecclefie

1376 2179 1503 2201 morem
1524 2167 1661 2209 exponit
1683 2166 1857 2202 in'Codice
1868 2168 2075 2211 Justinianaeo
2089 2171 2144 2203 lex

1260 2216 1421 2250 Anastafii
1435 2216 1598 2260 Augusti:
1626 2216 1798 2256 Constitutio
1808 2219 1929 2261 affignat
1941 2230 2060 2263 magnae
2079 2221 2148 2252 Bw

1254 2365 1418 2408 sumptu&
1434 2372 1532 2410 gratis
1552 2365 1630 2407 fiant
1649 2370 1681 2398 in
1703 2366 1774 2398 urbe
1796 2367 2120 2410 Constantinopdltana
2133 2391 2144 2406 ‚

1260 2418 1294 2450 (ν
1309 2414 1397 2459 usque
1408 2418 1453 2448 ad
1463 2427 1553 2449 novos
1565 2426 1661 2448 muros
1672 2440 1683 2456 ‚
1711 2417 1745 2449 (9
1756 2415 1961 2450 Blachernar.
1989 2417 2045 2449 Est
2059 2417 2144 2449 anti-

1260 2477 1322 2510 qua
1334 2490 1343 2505 ,
1370 2476 1424 2509 per
1436 2465 1642 2499 Anastafium
1657 2465 1826 2498 dumtaxat
1839 2466 1994 2499 innovata
2006 2490 2016 2504 ‚
2026 2466 2145 2509 magni

1261 2515 1472 2550 Constantini
1484 2516 1535 2549 lex
1549 2539 1560 2555 ‚
1584 2514 1740 2556 dequain
1758 2513 1898 2547 novellis
1918 2514 1959 2548 ad
1983 2515 2144 2557 Ioannem

1263 2566 1488 2599 Praetoriorum
1501 2563 1685 2597 Praefectum
1698 2586 1709 2602 ‚
1731 2563 1767 2596 &
1778 2562 1818 2596 ad
1840 2563 2034 2609 Longinum
2054 2565 2144 2599 urbis

1260 2765 1310 2798 hoc
1321 2777 1371 2798 nos
1384 2764 1441 2806 ipsi
1447 2787 1458 2802 ,
1481 2775 1546 2797 cum
1553 2764 1714 2805 periculum
1721 2768 1862 2803 patiatur
1872 2764 1974 2796 cadere
1981 2788 1991 2803 ‚
2018 2766 2145 2805 repar-⁴⁴

1262 2826 1292 2849 re
1313 2816 1347 2849 <a
1366 2816 1438 2847 dare
1460 2825 1523 2847 cum
1539 2819 1616 2846 omni
1633 2813 1748 2846 cautela
1769 2813 1803 2846 Θ
1822 2818 1959 2853 terminis
1981 2821 2141 2855 competen-

1262 2865 1341 2898 tibus
1366 2870 1489 2907 cogimur
1509 2888 1520 2904 ‚
1558 2863 1635 2895 illud
1651 2862 1802 2904 facientes
1825 2874 1946 2895 manere
1960 2863 2140 2895 immortale.

1265 2915 1414 2948 Erediam
1437 2913 1455 2946 ὲ
1481 2915 1510 2946 se
1531 2912 1855 2954 Constantinopolim
1875 2912 2032 2946 Romanae
2053 2910 2140 2945 urbis

1264 2964 1425 3009 dignitate
1434 2987 1446 3004 ,
1467 2963 1501 2997 &
1512 2961 1710 3004 ampliffimis
1722 2961 1898 3006 privilegiis
1906 2961 2040 2995 donavit
2052 2960 2147 2995 Cous

1265 3014 1447 3053 staminas,
1472 3012 1540 3055 ejus
1553 3011 1700 3046 Ecclefiae
1721 3011 1812 3045 mille
1831 3012 1866 3046 δε
1885 3018 2017 3046 centum
2039 3010 2142 3045 taber·

1263 3075 1321 3097 nas
1339 3065 1392 3098 seu
1414 3063 1562 3097 officinas
1586 3086 1597 3102 ,
1623 3063 1743 3096 locatas
1762 3062 1797 3095 in
1815 3059 1979 3103 pmcipuis
2001 3060 2145 3097 civitatis

1266 3113 1344 3148 foris
1366 3138 1376 3154 ,
1412 3114 1446 3147 δε
1466 3110 1506 3146 ab
1526 3112 1619 3146 omni
1641 3109 1924 3156 Regia-exactione
1946 3122 1984 3143 ac
2006 3110 2142 3153 publico

1264 3174 1363 3197 onere
1373 3163 1486 3197 liberas
1507 3162 1689 3205 adscripfit‚
1713 3168 1897 3201 aquarum
1908 3160 2012 3193 reditu
2024 3171 2141 3199 omnes

1268 3215 1419 3248 funerum
1431 3213 1578 3256 impensae
1588 3212 1800 3246 solverentur.
1831 3209 2001 3244 Eximium
2020 3210 2141 3254 optimi

1268 3263 1425 3307 Principis
1450 3258 1828 3301 donum25Clericorum
1853 3260 1984 3294 avaritia
2009 3270 2065 3293 aut
2086 3270 2141 3293 ne·

1262 3315 1426 3359 gligentia
1438 3313 1473 3346 in
1486 3312 1608 3346 alienos
1619 3309 1692 3341 usus
1712 3307 1898 3350 detortum,
1927 3310 2019 3342 avitae
2045 3308 2140 3351 pieta-

1267 3366 1291 3398 ti
1307 3364 1513 3398 restituerunt
1535 3357 1720 3392 Anastafius
1741 3359 1775 3392 δε
1796 3359 2014 3401 Justinianus‚
2039 3358 2140 3392 Cleri-

1269 3414 1313 3449 cis
1332 3439 1342 3456 ,
1377 3408 1553 3447 MonachIs
1572 3432 1588 3450 2
1611 3407 1816 3444 Monialibus
1841 3408 1939 3444 funus
1962 3409 2018 3453 pio
2037 3417 2141 3444 cantu

2024 3469 2096 3504 pro-

1291 471 1389 509 agium
1399 474 1531 501 evenerit
1543 491 1554 507 ,
1579 468 1744 512 tlludsblvo
1756 473 1788 502 (5
1800 470 1900 503 relaxo
1910 495 1919 502 .
1941 473 2144 508 Instrumen-
2162 460 2222 493 Lib·
2250 471 2279 499 Β·

1257 2266 1343 2307 clefiae
1355 2266 1685 2309 constantinopolitana
1700 2266 1891 2310 septuaginta
1905 2268 2053 2302 librarum
2075 2270 2146 2302 aur!
2165 2277 2228 2309 Lib.
2241 2276 2321 2307 μείς,
2336 2285 2338 2287 ·

1259 2317 1404 2355 reditum,
1430 2328 1496 2350 eam
1514 2316 1548 2349 ob
1570 2314 1691 2358 causam
1722 2339 1733 2356 ‚
1759 2326 1793 2348 ut
1807 2316 1915 2359 fiditer
1937 2324 2070 2361 exequie
2083 2318 2146 2360 βξ
2166 2321 2324 2356 neap-18·

1261 2616 1447 2649 Praefectum
1460 2613 1586 2657 legibus
1599 2614 1777 2656 Imperator
1804 2612 2022 2655 Iustinianus:
2050 2616 2144 2658 ‚Quod
2161 2604 2228 2673 [σὲ
2244 2636 2299 2670 ‹43-

1263 2665 1472 2706 Constantinus
1492 2664 1569 2696 1εὲΙὲ
1589 2669 1722 2706 cogitans
1744 2660 1887 2705 disposutt
1907 2687 1918 2703 ,
1942 2665 1977 2697 (5
1993 2664 2055 2706 post
2077 2664 2143 2698 haee
2160 2678 2224 2713 [εὖ
2243 2684 2294 2710 59·

1262 2714 1569 2757 Anastafiusfirmavlt
1579 2737 1590 2754 ‚
1615 2714 1757 2754 adjiciens
1772 2718 1863 2746 etiam
1876 2714 1992 2746 reditus
2009 2712 2108 2757 causae
2128 2738 2141 2756 ,
2159 2724 2220 2753 cap.
2242 2726 2270 2746 ι.

1213 2582 1224 3314 l
