2352 3736
48 2787 105 2817 1²01.
142 2798 156 2816 ι.
164 2796 174 2817 x
181 2795 207 2823 7.

492 148 580 178 DE
650 133 693 177 S.
765 132 1099 176 LEOle

225 220 399 255 asseverant
411 219 555 262 praefatus
568 218 774 257 Demetrius,
801 217 947 252 laudatus
972 215 1080 249 Nicon
1095 240 1104 255 ‚

223 268 426 304 Theodorus
449 269 624 303 Balsamon
647 293 657 308 ,
696 269 729 302 δε
751 270 854 302 ειιηᾶὶί
885 267 995 310 passim
1021 266 1106 299 Grae-

221 320 253 355 ci
274 344 281 352 .
324 319 367 353 Et
398 318 463 353 hoc
486 318 626 353 omnino
649 320 695 353 est
722 318 892 352 Orientale
927 316 1105 359 jejunium,

221 370 312 414 quod
333 370 378 403 ob
394 379 563 412 exemptas
585 380 649 402 cun
677 368 865 403 Dominicis
890 364 1106 401 &sabbathis

221 419 351 462 quintas
378 419 472 453 ferias
499 417 643 462 protrahi
668 418 710 452 ad
737 429 858 452 novem
885 417 1076 460 septimanas
1097 435 1108 454 ,

221 470 347 504 audivit
371 470 487 503 Romae
510 469 528 502 ὰ
554 470 663 503 nescio
689 468 805 513 qm‘bus
832 466 1029 501 Doaoribus
1053 465 1096 498 Al

221 522 338 554 cuinus
359 520 520 559 Flaccus,
547 531 585 553 ac
607 530 652 552 ex
676 519 773 561 ipsius
784 518 849 551 fide
863 517 995 550 laudant
1011 515 1112 548 Caro-

222 569 270 604 lus
284 580 441 614 magnuS‚
470 570 667 603 Ratramnus
689 567 888 611 Corbejenfis
901 564 1086 600 Monachus
1098 587 1108 602 ,

222 623 349 654 AEneas
373 619 552 664 Episcopus
571 618 751 651 Parifienfis
776 642 786 657 ,
815 630 852 651 ac
891 618 1004 651 Sermo
1030 615 1108 646 Am-

222 671 406 705 brofiaster.
437 670 478 702 Et
499 668 541 702 de
566 667 654 701 istius
676 668 862 702 Dostoralis
878 663 1048 700 relationis
1059 675 1108 697 ve-

222 722 317 754 ritate
345 719 500 752 Rabanus
523 718 659 752 Maurus
684 718 802 752 merito
825 715 1005 750 dubitavit.
1035 713 1107 747 Ete-

221 771 292 803 nim
321 768 470 802 Armenii
496 780 555 801 nec
582 770 714 812 quintas
751 767 846 801 ferias
870 775 1064 799 exemerunt
1090 764 1107 796 ὲ

222 817 482 877 Qadragesxmae
506 817 650 860 jejunio,
681 828 741 851 nec
764 816 828 849 hoc
850 815 891 849 ad
920 825 1040 848 novem
1064 815 1107 847 se-

221 871 383 912 ptimanas
406 867 646 902 extenderunt.
684 866 747 898 Per
770 875 874 899 totam
900 865 1108 909 Sexagefimae

222 921 276 953 seu
302 919 418 952 Graecae
432 915 633 959 tymphagiae
645 915 859 958 septimanam
870 915 902 949 &
914 915 1016 958 pransi
1030 917 1108 949 sem·

221 980 277 1013 per
296 970 391 1007 sunt,
418 966 453 999 ὃς
479 977 591 999 carnes
613 966 844 998 comederunt.

272 1017 387 1051 Varias
404 1014 554 1057 jejunatae
572 1016 818 1058 Septuagefimae
841 1014 983 1049 rationes
1008 1014 1107 1049 addu-

219 1077 299 1101 cunt
312 1065 485 1104 Armenii,
515 1066 659 1108 ipsasque
670 1066 772 1098 edicit
795 1076 833 1098 ac
851 1065 967 1100 refutat
992 1066 1023 1099 S.
1046 1064 1108 1098 Ni-

219 1128 285 1150 con
301 1130 312 1149 :
340 1122 427 1150 Hanc
435 1113 638 1157 septimanam
652 1119 783 1148 Armenii
792 1123 902 1147 vocant
913 1114 1086 1149 Atziburzia
1097 1137 1107 1153 ‚

220 1165 355 1209 nesciunt
369 1175 471 1198 tamen
481 1166 558 1207 quid
559 1163 614 1204 fibi
627 1166 700 1199 velit
713 1171 762 1198 vis
774 1164 863 1205 hujus
875 1171 1021 1197 nominis.
1050 1166 1108 1197 sed

220 1218 349 1249 nonnulli
362 1217 482 1257 quidem
495 1214 685 1257 dicuntfuiffl,¹
696 1214 748 1247 hoc
765 1213 920 1258 cujusdam
933 1217 1024 1258 Sergii
1027 1216 1106 1255 jeiu-

219 1273 324 1305 nium,
354 1265 484 1298 nonnulli
498 1268 732 1305 Ninivitarum,
760 1265 856 1306 aliqui
881 1267 948 1298 vero
975 1266 1104 1303 Adam,

219 1316 339 1358 quando
355 1326 392 1347 ex
410 1313 554 1358 Paradiso
566 1316 737 1348 deliciarum
761 1315 866 1355 ejec‘ius
890 1314 928 1354 est
941 1339 948 1346 .
976 1317 1020 1346 Et
1038 1314 1105 1347 hinc

212 1365 276 1408 fine
296 1370 408 1397 ratione
421 1366 564 1404 jejunare
587 1372 818 1399 convincuntur.
847 1366 986 1408 ,Quidam
1007 1374 1105 1397 autem

218 1418 342 1454 dicunt«,
368 1415 533 1448 &videtur
555 1426 660 1449 verum
684 1417 733 1457 effe
752 1416 834 1455 quod
853 1415 892 1448 ab
912 1421 954 1447 eis
977 1416 1104 1454 dicitur,

211 1465 298 1507 fuiffe
310 1465 469 1507 quemdam
492 1466 576 1506 apud
590 1476 637 1498 eos
660 1463 836 1507 Episcopum
863 1489 873 1503 ‚
899 1470 950 1505 qui
971 1464 1105 1497 utebatur

216 1517 311 1548 catulo
322 1538 332 1554 ,
358 1520 404 1547 cui
414 1523 478 1547 erat
490 1526 641 1558 cognomen
655 1515 826 1548 Atziburzes
839 1538 847 1545 .
874 1516 914 1547 Id
921 1522 1106 1554 autemprae·

215 1563 312 1608 cursor
328 1562 379 1606 seu
396 1565 547 1607 ραι-ψι-
567 1566 664 1597 latini
685 1564 854 1604 appellatur
877 1586 885 1593 .
914 1561 1105 1595 Praecedebat

214 1619 293 1647 enim
314 1613 493 1656 Episcopum
519 1612 707 1654 ingressurum
732 1618 765 1644 in
785 1610 887 1644 urbem
906 1620 961 1643 aut
986 1616 1101 1644 vicum.

213 1665 283 1706 ,Quo
297 1671 407 1695 mortuo
411 1660 522 1704 septem
532 1663 649 1695 dierum
658 1663 810 1702 jejunium
822 1661 861 1692 ab
874 1659 1019 1702 Episcopo
1042 1670 1103 1693 con-

208 1713 343 1753 stitutum
354 1711 393 1752 est
405 1717 439 1744 in
451 1717 621 1744 memoriam
636 1711 730 1743 lulius
741 1735 752 1750 ‚
781 1714 831 1752 qui
833 1708 900 1749 fuit
909 1716 1031 1750 propter
1054 1719 1103 1741 ca·

213 1773 282 1795 nem
292 1786 300 1794 .
328 1762 463 1795 Sanstus
476 1760 711 1793 Armeniorum
725 1759 905 1802 Apostolus
917 1759 949 1792 &
961 1756 1099 1792 Patriar-

213 1811 274 1846 cha
287 1810 465 1855 Gregorius
477 1811 631 1843 universae
643 1809 734 1854 genti
759 1833 771 1850 ,
796 1807 874 1842 dum
886 1808 926 1842 ad
940 1808 1101 1851 Baptisma

213 1870 421 1904 praepararet,
448 1859 572 1894 indixit
599 1860 743 1894 solemne
768 1858 950 1901 jejunium:
990 1858 1101 1892 Etiam

214 1912 375 1946 Romanae
412 1909 504 1944 Urbi
524 1933 535 1949 ,
560 1909 638 1943 dum
662 1919 820 1953 magnum
843 1907 1101 1942 Constantinum

214 1970 338 2005 pararet
350 1958 390 1993 ad
403 1958 490 1993 idem
502 1960 748 1993 Sacramentum
759 1983 770 1999 ,
783 1958 815 1991 S.
828 1957 1001 2001 Sylvester.
1018 1959 1099 1992 Haec

214 2011 314 2045 etiam
326 2010 388 2053 jeju
397 2010 449 2043 nia
461 2008 501 2043 ab
514 2008 573 2042 isto
587 2010 643 2042 suo
655 2008 827 2042 annuatim
852 2008 1100 2042 commemorari

210 2061 249 2094 &
270 2059 456 2093 continuari
485 2059 646 2091 affirmant
674 2057 839 2092 Armenii·
868 2058 959 2105 Qas
984 2069 1100 2091 omnes

215 2110 359 2144 rationes
378 2107 495 2142 acriter
519 2109 689 2152 impugnat
713 2105 899 2142 patriarcha
921 2108 1006 2141 isaac
1031 2130 1041 2146 ‚
1066 2107 1099 2141 &

216 2159 369 2203 adjungit
388 2158 428 2192 de
440 2168 521 2192 cane
537 2158 707 2201 Episcopi:
736 2159 855 2202 Sergius-
865 2158 989 2200 quidam
1001 2162 1100 2191 Arme-

218 2214 333 2242 niorum
354 2206 467 2249 baerefis
491 2207 628 2250 Magister
648 2219 750 2242 canem
767 2206 894 2240 habebat
908 2206 951 2248 fic
969 2209 1100 2248 appella-

217 2267 302 2298 tum,
325 2257 514 2292 Atziburem.
543 2260 635 2290 Parra
646 2269 682 2290 ea
692 2269 752 2290 vox
772 2263 978 2299 praenuntium
990 2256 1100 2301 fignifi-

217 2318 264 2342 cat
274 2333 281 2340 .
309 2308 453 2342 Urebatur
458 2305 541 2351 saepe
552 2319 670 2341 numero
689 2309 706 2340 5
709 2313 805 2351 ergiur
821 2318 851 2340 eo
862 2307 1011 2340 adventus
1025 2318 1098 2339 nun—

218 2365 259 2391 tio
269 2369 303 2390 ac
316 2359 480 2391 indicatore
491 2380 502 2396 ‚
525 2358 655 2390 daemone
669 2356 764 2399 ipsum
778 2364 904 2400 agente,
929 2358 1038 2389 cumin
1049 2365 1099 2398 op-

213 2410 320 2449 pidum
330 2408 450 2450 aliquod
459 2415 510 2439 aut
524 2407 641 2449 urbem,
668 2408 718 2440 vel
728 2408 819 2440 locum
844 2416 991 2440 venturus
1013 2408 1100 2450 effer,

184 2457 341 2497 ubieJ'us
355 2456 490 2500 discipuli
509 2469 544 2490 ac
566 2460 631 2498 ejus
653 2455 758 2496 baerefi
776 2456 878 2498 infei‘li
901 2455 1096 2490 babitarent.

218 2511 349 2549 Cumque
359 2509 404 2540 illi
414 2518 515 2540 canem
526 2509 685 2550 vidissent,
708 2506 845 2549 postridie
853 2508 898 2540 ad
906 2508 1016 2549 aliquot
1028 2507 1095 2540 mil-

217 2558 305 2589 liaria
315 2556 435 2590 obviam
447 2557 583 2602 Magistro
594 2556 673 2599 effufi
680 2557 878 2599 procedebant
890 2582 897 2588 .
926 2556 1030 2590 Addit
1043 2568 1094 2591 ca·

219 2616 292 2639 nem
304 2606 394 2640 fuisse
404 2605 624 2641 devoratuma
639 2607 738 2650 lupo,
756 2609 773 2641 a
798 2607 911 2652 Sergio
937 2607 1094 2641 defletum

219 2665 274 2697 per
287 2656 404 2697 septem
425 2657 514 2696 dies,
530 2657 565 2690 δε
586 2656 665 2691 hinc
689 2659 752 2690 esse
777 2668 890 2691 natum
910 2668 948 2690 ac
971 2657 1094 2691 distum

218 2705 321 2746 Sergii
331 2703 486 2746 jejunium
499 2729 506 2736 .
527 2707 612 2754 Qis
625 2718 691 2740 non
706 2706 812 2740 videat
824 2709 885 2741 effe
898 2706 1040 2741 fabulam
1052 2732 1059 2739 .
1084 2709 1096 2740 ?

220 2754 321 2788 Recte
333 2754 440 2786 scribit
451 2753 601 2787 Clemens
612 2757 776 2790 Galanus:
799 2761 858 2789 Hoc
865 2765 939 2797 puto
965 2755 1097 2799 accepisse

228 2805 401 2836 Niconemii
413 2806 548 2842 Grai-is,
569 2803 756 2850 infenfiffimu
778 2809 978 2839 Armeniorum
1002 2812 1098 2839 inimi-

225 2859 268 2887 cis
280 2878 287 2885 .
310 2853 353 2886 Er
364 2853 404 2885 ad
415 2854 595 2896 marginem
607 2853 715 2887 scribit
728 2867 739 2886 .-
762 2855 932 2890 Atziburv'a
952 2855 991 2897 est
1015 2867 1098 2890 voca-

227 2904 326 2936 bulum
339 2906 359 2935 ci
371 2906 482 2936 Grecis
492 2909 674 2944 corruptum.
700 2907 815 2936 Dicitur
825 2904 864 2937 ab
888 2909 1033 2939 Armeniis
1048 2911 1099 2939 Ar·

226 2960 439 2987 racciavvoraz
450 2977 457 2984 .

274 3002 460 3037 Addustam
470 3002 636 3036 rationum
649 3001 891 3036 multitudinem
910 3003 945 3036 ὅ(
968 3004 1100 3040 varieta-

226 3062 293 3086 tem
315 3052 349 3086 in
362 3052 499 3087 haeretici
512 3051 579 3086 doli
594 3053 806 3094 suspicionem
819 3052 956 3087 devocat
969 3053 1101 3089 Patriar·

228 3100 290 3135 cha
311 3102 418 3140 Isaac,
436 3102 471 3135 dc
483 3103 704 3145 prosequitur.-
728 3104 809 3145 ,Quis
830 3114 867 3135 ex
878 3106 972 3136 multa
982 3104 1037 3137 illa
1047 3116 1102 3137 va-

228 3156 355 3184 riatione
365 3163 400 3184 ac
411 3152 533 3194 diversis
548 3152 712 3184 nominibus
725 3177 735 3192 ,
758 3163 825 3193 quae
834 3152 1001 3196 confingunt
1013 3177 1023 3192 ,
1045 3166 1100 3188 non

229 3200 378 3243 intelligat
399 3201 476 3233 nihil
491 3206 608 3235 omnim}
632 3226 643 3242 ‚
672 3213 757 3243 quem
779 3203 882 3234 dicunt
913 3203 1102 3245 Atziburem,

229 3249 460 3287 Christianorum
470 3254 658 3285 traditionem
670 3253 721 3294 effe
733 3276 742 3292 ‚
764 3261 818 3284 aut
839 3251 928 3284 ullius
948 3253 1049 3286 sanc‘li
1056 3256 1102 3294 J‘e-

222 3302 345 3341 junium
358 3324 367 3339 ‚
390 3298 448 3342 sed
457 3312 595 3343 magnam
605 3301 730 3343 haerefim
743 3327 751 3340 ‚
774 3313 809 3334 ac
821 3301 981 3335 terribilem
991 3304 1081 3337 valde
1092 3328 1102 3344 ,

227 3351 403 3384 contentiose*
415 3349 455 3382 ab
479 3349 624 3383 haereneis
645 3350 801 3392 expofitam
824 3362 858 3384 ac
886 3353 1102 3395 adinventam,

227 3401 271 3432 ad
275 3398 403 3444 schisma
414 3401 448 3434 6·
463 3399 631 3443 divisionem
643 3403 662 3434 ᾶ
675 3402 754 3436 reita
763 3407 963 3438 Romanorum
978 3403 1041 3446 fide
1061 3408 1103 3438 in-

1170 129 1405 176 N0N1
1490 133 1781 175 Acrls.
1906 147 1994 191 375

1166 215 1330 247 ducendam
1343 239 1354 256 ,
1370 217 1454 256 qu'us
1463 215 1638 248 adminiculo
1669 219 1702 246 in
1713 225 1811 248 eorum
1821 218 1982 257 impietatis
2000 216 2053 248 ba·-

1166 264 1303 297 rathrum
1313 277 1412 298 omnes
1426 264 1579 298 detrahere
1587 266 1764 297 contendunt
1775 265 1791 296 ,ἲ
1812 264 1853 298 Et
1863 264 1962 298 infra:
1999 269 2053 298 Ar-

1167 319 1256 346 menti
1268 317 1415 355 jejunium
1437 314 1596 360 observant
1611 312 1878 356 prophonestmum,
1914 315 1992 357 quod
2012 314 2053 348 ab

1166 369 1265 405 impiis
1290 377 1325 398 ac
1331 365 1497 407 prophanis
1513 370 1666 398 Haereticis
1688 372 1857 406 acceperunt
1870 388 1880 403 ‚
1903 375 2053 409 congrega·

1166 420 1207 446 tis
1230 419 1262 446 in
1283 418 1463 455 Maezecert,
1483 413 1547 456 sive
1574 413 1783 456 Theodosi'opoli
1805 438 1816 454 ,
1842 416 1962 456 quando
1981 412 2052 456 sciffi

1163 462 1235 506 sunt
1245 466 1264 496 ἆ
1278 464 1510 505 christianorum
1521 465 1691 498 orthodoxa
1698 463 1756 505 fide
1773 488 1784 504 ,
1803 466 1837 498 &⁸
1855 462 1965 507 sceleste
1976 465 2055 498 illud

1168 515 1311 554 jejunium
1317 519 1350 560 J
1353 515 1456 548 ezabel
1461 514 1646 558 sanxerunt.
1662 520 1749 549 Nam
1759 515 1811 549 illa
1813 515 1964 555 jejunium
1971 522 2054 555 prae·

1168 566 1282 597 dicavit
1291 588 1301 603 ‚
1325 577 1383 597 non
1392 573 1516 607 propter
1519 565 1669 606 justitiam
1679 576 1713 598 ac
1718 563 1912 607 sanc‘litatem
1923 589 1933 604 ,
1950 563 2009 606 sed
2018 573 2052 597 ut

1168 613 1327 653 effimderet
1335 614 1508 658 sanguinem
1520 639 1530 655 ,
1550 617 1701 656 acjejunii
1712 623 1776 649 arte
1786 614 1938 657 interfecit
1945 614 2051 647 Nabu-

1167 662 1332 696 the.1ta
1357 666 1391 697 (5
1415 670 1554 697 Haeretici
1575 664 1620 704 isti
1641 666 1889 706 praedicaverunt
1911 663 2052 708 ejusmodi

1162 715 1337 753 jejunium,
1364 712 1673 754 nonsanc‘lificationii·
1695 715 1783 756 causa
1797 738 1808 753 ,
1830 713 1888 756 fi'd
1907 723 1939 747 ut
1958 713 1991 758 se
2014 713 2052 747 ab

1167 762 1400 795 Ortbodoxorum
1407 762 1471 804 fide
1482 761 1704 808 abscinderent.
1716 766 1760 795 Et
1762 763 1802 803 fic
1811 764 1889 796 illud
1898 764 2053 805 confirma-

1166 821 1238 844 runt
1250 834 1261 850 ,
1276 823 1310 844 ac
1321 820 1420 844 ratum
1430 813 1605 853 voluerunt,
1618 823 1651 845 ut
1661 811 1758 855 ipsum
1768 816 1915 851 timeant,
1930 823 1965 844 ac
1974 813 2053 854 quod

1167 860 1325 905 emiserunt
1333 861 1554 905 sacramentum
1564 887 1575 903 ,
1599 874 1664 897 cum
1677 865 1810 906 alioquin
1812 863 1855 904 fit
1865 868 1914 896 ira
1927 865 1984 894 Dei
1996 886 2006 902 ‚
2017 872 2052 895 ae

1166 912 1339 953 acephalum
1351 935 1361 951 ,
1385 925 1435 946 nec
1446 912 1570 954 solemne
1583 938 1594 954 ,
1623 915 1772 957 tanquam
1783 912 2006 946 tabernaculum
2018 917 2053 945 in

1165 961 1298 1004 deserto,
1323 962 1432 1003 aeficut
1448 972 1549 1005 corpus
1565 968 1718 1005 inanime,
1744 966 1779 999 &
1803 965 1948 997 mendacii
1971 974 2054 1006 orga-

1166 1024 1259 1051 num,
1283 1024 1318 1046 ac
1338 1013 1408 1054 ficut
1434 1013 1614 1058 infrugifera
1640 1021 1718 1058 regio
1737 1039 1744 1046 .
1781 1014 1875 1048 Duas
1901 1014 2054 1056 synodos

1166 1062 1250 1106 apud
1262 1062 1562 1106 Theodofioponm
1575 1064 1779 1098 celebrarunt
1791 1064 1943 1098 Armenii
1958 1088 1965 1095 .
1986 1062 2054 1096 Pri-

1167 1112 1520 1157 mamlaudatantiqua
1547 1115 1711 1158 incogniti
1736 1114 1890 1149 Auctoris
1909 1112 2053 1147 narratio

1167 1164 1207 1197 de
1219 1162 1312 1197 rebus
1337 1163 1521 1197 Armeniae:
1549 1166 1706 1200 Heraclius
1732 1168 1899 1206 Imperator
1920 1162 2055 1207 vigefimo

1166 1216 1378 1253 terttoImperii
1397 1224 1475 1246 anno
1487 1238 1497 1253 ,
1523 1224 1629 1256 quarto
1649 1216 1670 1246 ἃ
1695 1222 1787 1247 morte
1805 1212 1942 1256 Cbosrois·
1954 1237 1964 1253 ,
1992 1224 2054 1244 ma-

1162 1274 1256 1306 gnam
1267 1263 1406 1300 synodum
1419 1262 1622 1307 univerfhrum
1635 1262 1842 1307 Episcoporum
1853 1265 1887 1298 Θ
1899 1262 2056 1296 Doctorum

1166 1315 1287 1353 majoris
1295 1317 1443 1347 Armenia
1456 1313 1659 1356 Tbeodqfiopoli
1677 1314 1745 1356 fieri
1753 1318 1898 1355 praecepit
1914 1337 1925 1353 ,
1946 1314 1980 1347 6
1987 1321 2057 1355 per-

1167 1367 1242 1405 quiri
1255 1364 1288 1396 &
1301 1362 1448 1406 despicere
1458 1365 1494 1397 de
1504 1364 1620 1397 duabus
1629 1371 1662 1397 in
1673 1368 1733 1397 Deo
1744 1363 1858 1405 christo
1870 1368 1988 1396 naturis
1999 1385 2010 1401 ‚
2021 1373 2056 1395 ac

1166 1413 1202 1445 de
1213 1414 1320 1451 synodo
1333 1413 1572 1455 chalcedonensi.
1610 1413 1828 1456 Perquifierunt
1839 1415 1905 1457 ergo
1912 1421 1967 1455 per
1977 1423 2057 1445 men-

1159 1460 1244 1504 sem,
1272 1463 1499 1503 &estripturis
1524 1464 1639 1496 indu&
1656 1466 1701 1496 ad
1705 1464 1796 1505 fidem
1811 1468 1962 1504 Armenii,
1984 1461 2057 1505 scri-

1160 1520 1218 1552 pta
1224 1517 1348 1552 propria
1359 1524 1450 1545 manu
1457 1511 1600 1554 schedula
1610 1537 1621 1551 ‚
1647 1512 1761 1556 nibilse
1771 1513 1899 1555 amplius
1921 1524 1957 1546 ea
1966 1518 1998 1545 in
2022 1523 2055 1544 re

1164 1559 1399 1592 contradicturos
1406 1562 1573 1601 jurarunt.
1589 1561 1745 1595 Vernma
1758 1563 1897 1605 praestito
1908 1558 1954 1596 ob
1964 1561 2057 1594 Prin-

1164 1609 1245 1652 cipis
1261 1610 1474 1645 reverentiam
1485 1610 1671 1654 juramento
1681 1611 1789 1646 statim
1803 1611 1874 1655 post
1885 1610 1974 1645 illius
1985 1609 2058 1645 obi·

1164 1669 1235 1691 tum
1259 1660 1467 1692 recesserunt.
1494 1659 1710 1695 Posteriorem
1736 1661 1911 1704 Synodum
1932 1671 2055 1695 memo-

1163 1717 1210 1741 rat
1220 1706 1308 1740 Isaac
1319 1706 1529 1748 Patriarcha,
1556 1709 1694 1744 asserens
1714 1710 1811 1744 fuisse
1822 1710 2030 1754 prophanum
2042 1734 2054 1752 ,

1163 1756 1401 1796 execrandum,
1422 1758 1456 1792 ὅ(
1477 1758 1611 1803 Caiphae
1634 1758 1803 1803 Judaicum
1827 1761 1861 1795 in
1875 1761 1953 1796 loce
1973 1761 2053 1796 Dia-

1163 1806 1276 1841 bolico
1292 1806 1548 1843 conciliabulum
1567 1833 1574 1841 .
1608 1808 1666 1843 An
1688 1821 1765 1844 cum
1785 1809 2047 1846 Chalcedonenfi

1164 1856 1226 1891 fide
1246 1856 1346 1891 etiam
1367 1856 1598 1903 tyrophagiam
1619 1858 1807 1895 admiserint
1827 1861 1862 1894 in
1877 1861 1978 1904 priori
1991 1862 2054 1904 Sy·

1163 1906 1276 1946 nodo,
1299 1907 1437 1951 ignoro:
1460 1908 1563 1952 Ipsam
1587 1909 1621 1943 in
1644 1908 1812 1952 posteriori
1827 1911 1968 1945 omnino
1980 1922 2050 1955 pro-

1160 1957 1350 1999 scripserunt
1363 1982 1370 1990 .
1411 1957 1492 2004 Qo
1514 1959 1545 1992 se
1564 1957 1583 1990 ὲ
1601 1958 1724 1992 Graecis
1736 1958 1829 2002 plene
1842 1961 2024 2003 separarent
2035 1986 2047 2002 ,

1162 2007 1195 2040 δε
1217 2007 1296 2040 citra
1317 2006 1451 2041 unionis
1474 2008 1562 2051 spem
1590 2008 1750 2051 separatos
1785 2009 2011 2052 profiterentur
2033 2035 2046 2052 ,

1162 2056 1308 2090 Heraclii
1339 2055 1566 2101 tyrophagiam
1586 2066 1642 2092 aut
1662 2059 1875 2094 exsufflatum
1905 2070 1962 2095 aut
1986 2072 2045 2095 no-

1160 2105 1321 2139 luerunt·
1306 2131 1318 2148 ‚
1353 2116 1390 2140 ut
1420 2107 1540 2142 Graecis
1575 2119 1644 2143 non
1675 2109 1785 2144 minus
1809 2111 1918 2145 Sancti
1943 2111 2009 2145 esse
2030 2135 2043 2152 ,

1161 2167 1220 2190 nec
1240 2157 1351 2190 minus
1370 2155 1514 2199 jejunare
1537 2157 1722 2192 viderentur
1748 2182 1760 2199 ,
1792 2161 1885 2195 suum
1906 2160 2047 2219 propho-

1159 2206 1319 2240 nefimum
1340 2204 1502 2249 jejunium
1534 2206 1761 2244 instituerunt.
1797 2210 1898 2245 Hanc
1930 2210 2046 2254 jejunii

1161 2256 1348 2290 varietatem
1388 2257 1565 2292 sanxerunt
1595 2259 1662 2293 esse
1682 2260 1775 2294 suum
1804 2260 1823 2295 a
1843 2261 1964 2295 Graecis
1984 2260 2046 2296 dis-

1156 2307 1298 2345 crimen,
1320 2306 1354 2340 &
1374 2304 1554 2342 schismatis
1571 2308 1798 2346 inviolabilem
1809 2309 2042 2346 characterem.

1158 2356 1251 2389 Hinc
1275 2356 1398 2390 Graecis
1430 2356 1596 2392 adhaerens
1626 2359 1818 2395 Patriarcha
1848 2362 1936 2396 Isaac
1964 2362 2046 2395 affir-

1156 2417 1223 2440 mat
1246 2406 1352 2450 ipsum
1373 2407 1439 2442 esse
1461 2408 1614 2443 dolosum
1635 2433 1648 2450 ‚
1672 2408 1933 2450 schismaticum,
1964 2412 2046 2447 blas-

1157 2454 1311 2499 phemum
1326 2481 1337 2496 ‚
1347 2456 1541 2501 acephalum
1552 2483 1563 2499 ,
1574 2458 1780 2503 prophanum
1792 2461 1949 2506 Jezabelis
1967 2462 2048 2505 jeJu-

1157 2507 1270 2546 nium,
1305 2506 1552 2543 tabernaculum
1576 2510 1611 2542 in
1634 2507 1780 2552 deserto,
1811 2511 1958 2548 inanime
1977 2523 2047 2546 cor-

1156 2568 1215 2600 pus
1240 2581 1250 2597 ,
1274 2556 1438 2591 mendacii
1458 2569 1620 2604 organum
1641 2583 1653 2600 ,
1686 2560 1912 2606 instugiferam
1943 2562 2047 2606 regio-

1158 2618 1254 2640 nem.
1278 2606 1381 2654 Qod
1405 2609 1522 2651 nempe
1546 2607 1677 2643 modica
1689 2609 1856 2645 Armenia:
1867 2622 1947 2656 gens
1961 2611 2046 2646 hanc

1158 2657 1251 2690 omni
1275 2657 1439 2692 Orientali
1463 2659 1609 2694 Ecclesiae
1629 2658 1793 2696 adversam
1816 2661 1922 2707 legem
1945 2672 2044 2706 pravo

1158 2706 1224 2739 fine
1236 2705 1292 2739 fibi
1305 2706 1443 2741 fixisset.

1207 2755 1251 2789 Et
1268 2766 1408 2790 tantoin
1421 2756 1529 2791 1stud
1520 2757 1677 2800 Jejunium
1700 2759 1781 2795 odio
1804 2759 1953 2795 laborant
1975 2773 2048 2795 om-

1162 2817 1219 2840 nes
1244 2806 1355 2849 paffim
1382 2806 1505 2841 Graeci.
1534 2809 1666 2843 Etenim
1690 2811 1726 2843 in
1753 2811 1934 2855 sexagesimi
1963 2813 2045 2846 noni

1160 2856 1345 2899 Apostolici
1366 2856 1514 2892 Canonis
1539 2860 1778 2895 commentario
1803 2860 1910 2895 scribit
1932 2859 2046 2896 Theo·

1160 2906 1259 2940 dorus
1272 2907 1447 2941 Balsamon
1462 2921 1472 2940 .·
1499 2911 1558 2942 Per
1568 2920 1686 2943 carnem
1696 2922 1755 2944 non
1759 2909 1857 2954 solvet
1869 2916 1935 2953 quis
1947 2922 2044 2953 quem-

1160 2967 1277 2998 cumque
1286 2967 1423 2999 quartum
1433 2959 1510 2990 diem
1533 2960 1567 2993 <St
1591 2958 1798 3002 Parasceven,
1825 2967 1951 3002 exceptis
1972 2959 2043 3005 Pas:

1161 3005 1292 3039 chalibus
1303 3008 1337 3040 (θ’
1348 3008 1416 3040 aliis
1426 3009 1551 3047 conceffis
1561 3032 1573 3048 ,
1599 3015 1688 3042 etiam
1690 3009 1722 3051 fi
1725 3020 1892 3044 extremum
1898 3009 2042 3053 spiritum

1163 3064 1249 3099 agat.
1276 3057 1418 3091 Similiter
1428 3063 1526 3098 excipe
1537 3058 1611 3091 mibi
1619 3067 1740 3101 quartos
1763 3061 1828 3094 dies
1846 3062 1881 3096 Θ
1903 3059 2042 3105 Parasce-

1164 3118 1222 3140 vas
1236 3129 1246 3144 ,
1274 3105 1420 3149 quaesunt
1441 3116 1512 3140 ante
1522 3108 1738 3152 tyropbagiam.
1765 3114 1804 3143 In
1812 3115 1856 3144 eis
1866 3109 2043 3154 enlmsolvi-

1163 3167 1229 3189 mus
1241 3179 1252 3195 ,
1266 3158 1490 3198 quinJ'eJ'unant
1503 3161 1633 3192 Armenii
1640 3167 1764 3202 propter
1775 3163 1942 3195 Ninivitas
1954 3185 1961 3192 .
1974 3159 2042 3195 Ad-

1163 3206 1212 3239 dit
1224 3206 1337 3238 eadem
1348 3207 1525 3249 septimana
1539 3208 1729 3244 Tetraditas
1752 3211 1852 3246 etiam
1874 3210 2042 3246 haereticos

1163 3254 1310 3299 perfungi
1324 3266 1447 3301 magno
1459 3256 1581 3301 jejunio
1592 3283 1601 3292 .
1629 3259 1814 3299 Qartas&
1829 3261 1934 3295 sextas
1941 3260 2042 3295 totius

1164 3305 1242 3338 anni
1268 3305 1362 3339 ferias
1397 3306 1623 3351 rigorosiffime
1655 3308 1791 3353 jeJunari
1813 3310 1923 3345 scribit
1942 3310 2040 3343 etiam

1163 3356 1197 3389 in
1226 3353 1406 3389 Canonicis
1442 3356 1484 3391 ad
1511 3358 1658 3392 Marcum
1684 3359 1886 3394 Alexandriae
1911 3357 2042 3391 Patriar-

1165 3404 1261 3443 cham
1286 3405 1486 3451 kenenus,
1511 3407 1690 3452 periculose
1719 3410 1868 3447 infirmos
1891 3407 2041 3442 adfirmat

1912 3465 1992 3490 tunc
