2352 3736
360 159 450 206 168
676 155 1005 199 SANcrl

286 242 474 276 Sanftorum
498 236 650 273 Eucherii
671 239 702 272 ὃ(
716 237 882 271 Bonifacii
908 246 1054 280 ternpore
1066 237 1165 271 fuerit

286 291 323 324 in
345 291 499 328 inferno,
523 289 622 323 tertio
645 289 776 323 decimo
793 286 908 319 saeculo
918 287 1081 320 transferri
1096 299 1163 321 non

287 343 415 385 potuit,
442 349 502 373 nec
525 339 592 382 ipse
615 339 649 371 in
673 348 750 380 pace
760 335 823 368 esse
847 333 1039 371 defunctus.
1065 337 1170 383 Qid-

288 390 368 432 quid
391 389 450 429 fit,
477 388 608 422 Sanstos
629 387 809 428 Episcopos
832 385 952 420 afflixit
972 410 982 426 ‚
1009 387 1169 425 Ecclesias

287 440 321 472 &
343 438 544 472 Monasteria
571 435 708 469 Clericis
727 437 879 470 vacuavit
901 438 937 471 δε
959 436 1140 471 Monachis
1160 462 1170 478 ,

290 490 432 531 ipsorum
445 487 586 522 decimas
596 485 629 517 δε
641 484 719 518 alias
732 486 938 527 possessiones
951 487 1066 522 invasit
1077 511 1088 527 ,
1111 498 1172 522 tra-

289 539 375 574 didit
386 536 546 572 militibus
571 535 606 568 in
621 535 778 578 stipendia
793 561 804 576 ‚
831 547 928 580 atque
950 537 994 571 ita
1009 537 1173 571 desolatus

289 590 335 624 est
356 600 393 621 ac
417 585 499 630 pene
520 585 678 619 destruxit
701 598 837 620 omnem
851 587 996 621 Franciae
1015 586 1173 622 Christia-

291 641 426 673 nitatem
439 662 447 669 .
475 636 568 669 Hinc
586 636 700 669 animae
721 637 782 671 suae
795 638 915 674 timens
938 638 1024 670 filius
1038 638 1175 676 Carolo·

290 698 431 722 mannus
451 686 573 721 dimisit
597 686 776 731 Regnum,
803 688 937 731 ignotus
963 687 1042 721 abiit
1065 689 1097 721 in
1113 688 1175 721 Ita-

289 739 390 778 liam,
418 749 456 771 ac
476 736 616 780 primum
641 737 673 770 in
699 737 804 770 Sancti
831 738 983 781 Sylvestri
1009 738 1171 771 Monaste-

287 788 340 822 rio
362 786 461 833 prope
483 788 626 821 Romam
642 811 654 828 ,
675 787 793 822 deinde
815 789 848 823 in
872 788 1046 825 Caffinenfi
1062 799 1170 823 coeno-

290 838 349 873 bio
384 836 492 872 induit
518 837 725 871 Monachum
749 863 760 878 ,
787 840 919 883 egitque
953 838 1173 872 humillimam

288 889 543 934 poenitentiam.
571 888 666 921 Alter
683 888 796 921 Caroli
819 890 905 947 Qlius
926 889 1085 932 pippinus
1098 891 1172 923 San-

291 940 337 974 cti
365 938 552 977 Bonifacii,
573 936 591 969 a
615 948 681 979 quo
704 938 737 971 in
752 938 879 982 Regem
900 941 1036 979 uncins,
1063 939 1170 972 moni-

292 991 335 1024 tis
359 988 489 1032 &jussis
510 987 738 1031 obtemperans
752 1013 762 1028 ‚
788 988 893 1023 Patris
916 990 1058 1023 facinora
1072 999 1172 1022 corre-

294 1042 344 1074 xit
368 1051 426 1082 pro
441 1038 563 1072 viribus
578 1062 589 1077 ,
613 1038 667 1072 sua
681 1040 832 1073 Ecclesiis
851 1039 886 1072 ὰ
900 1039 1111 1073 Monasteriis
1127 1049 1174 1071 ut·

294 1101 435 1132 cumque
472 1087 613 1122 reddidit
635 1115 645 1130 ‚
682 1101 756 1122 cum
784 1089 919 1123 Clericis
946 1091 979 1123 &
997 1086 1174 1123 Monachis

295 1140 478 1184 Episcopos
506 1165 516 1180 ,
543 1137 890 1182 christianitatemque
919 1141 952 1173 ὅ(
979 1138 1172 1171 Ecclesiasti-

295 1202 367 1225 cam
391 1190 596 1234 disciplinam
619 1190 749 1224 reduxit
771 1202 824 1233 per
846 1192 947 1223 varias
966 1189 1120 1232 Synodos
1136 1199 1173 1221 ac

296 1241 456 1284 reparavit
471 1265 478 1271 .
506 1239 584 1281 Ejus
604 1241 690 1274 filius
714 1241 852 1274 Carolus
877 1240 1020 1282 Magnus
1035 1263 1045 1278 ,
1073 1249 1174 1281 nepos

296 1290 488 1324 Ludovieus
500 1290 578 1323 Pius
588 1314 597 1329 ‚
624 1290 657 1323 &
670 1291 792 1331 reliqua
804 1289 872 1331 ejus
885 1290 1050 1332 posteritas
1061 1289 1173 1331 imper-

294 1340 521 1382 sestumipfius
532 1351 614 1383 opus
627 1351 805 1383 utcumque
828 1339 1090 1383 compleverunt.
1115 1338 1174 1371 Di-

293 1403 335 1427 co
357 1416 367 1432 ,
394 1393 551 1433 Utcumque
576 1403 586 1422 :
615 1389 717 1440 Qiod
738 1391 829 1424 enim
857 1391 957 1424 etiam
981 1389 1142 1432 Pippinus
1162 1413 1170 1427 ,

294 1442 435 1476 Carolus
469 1440 614 1483 Magnus
642 1464 652 1480 ‚
681 1441 867 1473 Ludovicus
896 1439 974 1472 Pius
999 1463 1009 1478 ‚
1037 1439 1174 1472 Carolus

296 1493 418 1527 Calvus
433 1514 443 1529 ‚
469 1490 591 1532 aliique
602 1489 707 1533 Reges
735 1488 795 1521 hac
809 1489 841 1522 in
858 1499 942 1531 parte
965 1488 1152 1522 excesserint
1165 1513 1174 1528 ‚

294 1540 402 1576 lucide
414 1538 508 1584 possit
521 1539 668 1573 ostendi.
697 1539 799 1585 Qod
812 1538 969 1580 Pippinus
982 1538 1173 1581 Lingonen-

294 1593 334 1625 fis
358 1590 505 1624 Ecclefiae
516 1589 604 1623 bona
623 1589 711 1622 fratri
741 1590 798 1622 suo
812 1588 990 1632 Remigio,
1018 1588 1173 1620 &omnes

295 1641 463 1675 Besuensis
485 1639 680 1674 Monasterii
713 1639 918 1681 possessiones
940 1638 1070 1670 cuidam
1094 1638 1174 1674 suo,

296 1696 350 1734 per
376 1684 522 1724 divitiam
544 1689 721 1722 vindie'tam
746 1687 873 1730 peffime
897 1687 1104 1729 postmodum
1121 1697 1174 1719 ex-

295 1742 438 1780 stint‘io,
466 1742 572 1773 scorto
593 1737 737 1778 dederit,
765 1738 799 1770 in
815 1736 956 1779 ejusdem
980 1734 1171 1769 Monasserii

295 1791 470 1826 Chronico
493 1789 632 1823 affirmat
653 1789 792 1831 loannes
814 1785 1005 1820 Monachus
1035 1811 1040 1817 .
1068 1784 1171 1830 Qod

298 1842 489 1875 Ludovicus
510 1839 622 1872 tertius
645 1838 717 1871 Rex
739 1837 851 1870 omnia
864 1835 1171 1870 Ecclesiarumbona

297 1891 338 1924 ad
363 1892 392 1924 se
415 1891 572 1933 spestare,
597 1889 696 1921 &suo
719 1898 798 1920 nutu
825 1888 922 1919 etiam
950 1887 981 1918 in
998 1884 1174 1919 Laicosdi·

298 1939 484 1975 stribuenda
508 1939 670 1977 voluerit,
696 1938 839 1979 queritur
858 1937 891 1969 &
914 1937 1055 1976 increpat
1070 1935 1174 1967 Hinc-

121 1994 233 2030 F--P-12·
251 1999 275 2020 C·
296 2003 404 2025 marus
427 1987 640 2032 Metrop013ta
666 1987 853 2020 Remensis.
883 1985 950 2018 Vix
975 1983 1020 2018 est
1035 1984 1170 2017 Gallica·

121 2046 148 2069 4*
296 2053 338 2074 na
360 2041 535 2083 Synodus,
563 2039 642 2081 quin
667 2037 811 2070 statuerit
831 2036 865 2068 in
880 2036 971 2068 istam
984 2034 1170 2078 sacrilegam

296 2092 443 2134 rapinam
473 2114 482 2129 ,
509 2099 579 2131 quae
601 2087 670 2130 post
694 2088 874 2120 extinstum
912 2084 1025 2118 Caroli
1052 2084 1172 2128 Magni

297 2152 401 2185 genus
427 2141 461 2173 ὅ(
487 2138 653 2171 commissa
687 2139 719 2169 in
745 2137 938 2169 Formosum
976 2134 1172 2167 Pontificem

298 2192 447 2225 scandala
463 2189 602 2222 nimium
616 2185 798 2225 recruduit,
811 2186 843 2218 &
855 2186 948 2217 duras
961 2184 1071 2217 Caroli
1087 2185 1174 2216 Mar-

299 2241 368 2274 telli
392 2250 507 2273 manus
532 2238 659 2270 reduxit
683 2236 828 2269 etiamin
845 2235 970 2268 Italiam
986 2259 995 2272 ,
1022 2245 1059 2266 ac
1073 2233 1173 2276 ipsam

301 2292 487 2325 Romanam
516 2288 705 2323 Ecrlesiam,
732 2286 772 2318 de
795 2296 858 2327 qua
874 2284 1075 2317 Guilielmus
1089 2283 1173 2317 Mal-

300 2340 539 2378 mesberiensis:
569 2341 656 2379 Papa
679 2339 832 2379 Gregorius
856 2332 959 2377 sextus
979 2341 1023 2366 ita
1047 2337 1173 2366 Romani

302 2391 481 2433 Apostolatus
490 2389 601 2429 statum
618 2397 675 2430 per
688 2392 832 2419 incuriam
847 2381 1172 2427 Antecefforumsuorum

301 2444 484 2474 diminutum
507 2444 645 2478 invenit,
673 2444 812 2478 utprgter
822 2444 919 2477 pauca
930 2435 1039 2476 oppida
1051 2434 1116 2466 urbi
1127 2439 1174 2467 vl-

118 1836 174 1866 An.
195 1845 258 1871 57⁸.

302 2540 596 2585 quosesuflentaret.
627 2538 719 2570 Lami
734 2536 900 2577 Principes
912 2535 1024 2567 omnia
1055 2535 1173 2567 invase-

303 2605 390 2626 rant.
423 2589 522 2623 Addit
535 2589 576 2621 de
589 2588 661 2629 ipsis
674 2585 833 2618 Fide-lium
851 2583 1095 2617 oblationibus.-
1121 2586 1174 2616 Su·

299 2651 355 2685 per
375 2641 439 2684 ipsa
450 2640 620 2672 Sanllorum
637 2639 670 2670 (εἰ
685 2635 874 2676 Apostolorum
890 2636 1096 2672 &Martyrum
1116 2644 1173 2665 cor-

303 2701 376 2735 pora
390 2717 397 2730 ,
420 2691 510 2734 super
530 2687 616 2731 sitem
639 2687 757 2718 Altaria
773 2686 872 2728 gladi)
896 2683 1087 2716 nudabantur
1104 2707 1114 2722 ,
1140 2684 1174 2715 (5

306 2744 464 2775 oblanones
478 2740 676 2772 accedentium
688 2738 816 2768 vixdum
829 2733 967 2775 appofitae
987 2734 1024 2765 de
1036 2732 1172 2765 manibus

307 2792 529 2833 abrlptebantur
555 2813 564 2827 ,
590 2790 721 2828 abreptae
740 2792 772 2817 in
794 2786 999 2827 comeffati'ones
1024 2783 1057 2815 <a
1071 2781 1174 2825 scorto-

307 2855 371 2875 rum
406 2840 548 2882 abusiones
583 2835 823 2880 confitmebantur
846 2860 852 2866 .
880 2835 1050 2877 Corrigere
1074 2832 1174 2874 coepit

309 2893 453 2925 laudatus
479 2889 657 2931 Gregorius
678 2911 687 2926 ‚
717 2896 826 2918 verum
848 2883 892 2917 ob
919 2882 1109 2916 Simoniacae
1129 2883 1175 2914 in-

312 2942 456 2974 trusionis
478 2939 689 2981 suspicionem
714 2936 754 2968 ab
775 2934 925 2967 Henrieo
957 2932 1052 2966 tertio
1075 2931 1175 2974 Impe-

313 3001 415 3023 ratore
444 2996 627 3026 deportatus
647 2987 680 3019 in
704 2985 916 3018 Germaniam
936 3008 944 3022 ‚
977 2993 1044 3015 non
1080 2982 1177 3023 perfe-

142 3049 208 3081 ¹⁸3·
234 3043 283 3081 Epi
311 3040 370 3071 cit-
404 3040 507 3071 Etim-i
528 3038 735 3071 Clementem
756 3034 932 3068 secundum
955 3033 1176 3066 &Damasum

146 3096 189 3115 ¹²-
311 3088 484 3121 secunaum
498 3089 623 3120 brevior
633 3088 665 3119 in
678 3086 799 3127 Papatu
817 3086 880 3117 vita
894 3080 1041 3125 impediit
1054 3108 1061 3114 .
1090 3081 1179 3113 Hinc

314 3138 349 3170 in
372 3147 452 3178 opus
473 3137 555 3169 istud
578 3139 595 3168 a
617 3139 691 3169 Deo
712 3135 826 3168 elesius
851 3135 919 3167 Leo
944 3143 1047 3165 nonus
1077 3130 1177 3165 edidit

316 3186 497 3230 praesentem
523 3186 693 3218 Canonem
714 3208 724 3223 ,
761 3197 827 3227 quo
851 3183 940 3217 nulla
970 3182 1180 3215 Ecclefiarum

318 3236 373 3269 seu
399 3234 504 3266 officia
531 3235 581 3265 seu
603 3232 688 3265 bona
714 3235 817 3267 voluit
846 3231 983 3267 detineri
1008 3232 1026 3264 ὲ
1051 3231 1180 3268 Laicis,

127 2548 230 2586 Fol.>83
239 2566 246 2577 .

1075 152 1445 197 LEON1s‹

1191 2111 1197 2342 l

1191 2344 1195 2426 ,ἑ

302 2499 368 2525 cina
384 2517 393 2531 ,
421 2493 454 2525 (9⁸
466 2489 623 2522 oblationes
646 2489 795 2519 Ftdelt‘um
810 2510 820 2525 ‚
842 2487 920 2526 pene*
935 2484 1015 2517 nihil
1033 2483 1151 2517 baberet
1163 2508 1173 2523 ‚
1190 2460 1193 2503 l

1483 152 1728 202 Noni

1225 237 1385 272 Urbanus
1406 237 1566 271 secundus
1581 256 1592 270 -.
1630 240 1773 282 *Ecclefiae
1794 245 1850 275 vel
1865 243 1983 287 deelmae
2003 269 2014 286 ,
2039 255 2106 287 qua

1226 289 1345 332 vulgari
1353 287 1493 323 vocabulo
1506 288 1625 321 Altaria
1636 298 1843 333 nuncupantur
1857 317 1864 324 .
1882 293 1935 326 Et
1945 285 1979 328 in
1993 294 2106 329 litteris

1226 338 1267 372 ad
1283 339 1334 372 Ul
1338 339 1465 382 getium
1477 337 1750 382 Andegavensem
1762 333 1957 386 Episcopum
1969 334 2108 379 'Goffre-

1227 390 1287 422 dus
1321 388 1435 424 Abbas
1469 387 1724 422 Vindocinenfis
1746 403 1756 422 .-
1795 391 1926 438 Ecclefiae
1945 416 1956 433 ‚
1992 395 2107 436 utique

1229 438 1433 475 parochiales
1456 463 1466 481 ,
1492 440 1613 482 vulgari
1633 438 1778 472 vocabulo
1795 441 2111 487 Alteras-nummu-

1231 498 1280 522 tur
1292 513 1299 520 .
1325 489 1593 535 Frequentiffima
1613 487 1699 533 apud
1723 488 1906 524 mediorum
1918 491 2107 529 saeculorum

1231 538 1387 574 Canones
1416 540 1451 574 &
1477 539 1655 582 Scriptores
1677 539 1722 573 est
1745 539 1803 574 ista
1827 541 1918 574 vocis
1940 545 2105 586 acceptio.

1198 632 1200 636 v
1233 590 1406 632 Reperitur
1421 589 1456 622 ὅ(
1468 589 1553 632 apud
1566 590 1734 632 antiquos.
1765 589 1856 624 Nam
1869 589 2109 636 Carthaginen-

1234 641 1298 674 sem
1323 633 1430 676 SanZii
1445 638 1604 684 Cypriani
1618 639 1787 675 Basilicam
1811 640 1942 675 Sanetus
1954 640 2112 686 Augusti·
2136 665 2143 670 ‚

1235 700 1293 723 nus
1316 690 1467 724 &omnis
1490 687 1647 723 Africana
1661 689 1802 724 Ecclesia
1823 690 1935 734 passim
1947 701 2110 726 vocarunt

1233 741 1377 781 mensam
1397 741 1450 774 seu
1475 739 1588 773 Altare
1610 740 1717 773 Sancti
1738 740 1897 784 Cypriani
1925 765 1933 773 .
1959 742 2108 778 Unicum

1232 790 1347 825 vAltare
1368 788 1507 824 habebat
1531 789 1614 824 olim
1627 790 1736 825 omnis
1747 790 1882 825 Basilica
1893 815 1904 832 ‚
1929 802 2027 835 quern
2038 803 2108 827 mo-

1235 852 1300 874 rem
1328 840 1513 876 constanter
1535 839 1620 875 adei>
1640 849 1760 876 renent
1788 841 1972 880 etiamnum
2005 841 2109 877 hodie

1234 891 1485 930 Graeciomnes,
1511 900 1546 924 ut
1557 889 1624 923 duo
1652 889 1778 925 Altaria
1802 891 1885 925 nulli
1897 893 2109 935 permittant,

1237 940 1295 975 nisi
1324 952 1394 984 quae
1413 941 1531 974 debeat
1551 939 1609 973 sibi
1629 940 1770 975 &nobis
1791 942 1923 977 Latinis
1938 944 2001 977 effe
2021 955 2111 978 com·

1237 992 1348 1024 munis>
1371 1015 1378 1023 .
1416 990 1545 1023 Nostris
1570 990 1660 1024 enim
1690 991 1860 1026 Altaribus
1880 992 1963 1038 aegre
1991 992 2111 1027 volunt

1235 1041 1477 1073 communicare
1489 1064 1496 1072 .
1524 1040 1639 1074 Altare
1660 1041 1706 1074 est
1724 1042 1826 1076 totius
1837 1043 1976 1077 Basilicae
1997 1044 2111 1078 funda-

1238 1100 1384 1123 mentum
1408 1102 1419 1121 :
1446 1089 1616 1132 Significat
1635 1091 1727 1123 enim
1747 1091 1869 1132 fidem,
1890 1092 1994 1131 ,bafim
2015 1094 2049 1128 <Sc
2064 1105 2112 1128 ra-

1237 1140 1342 1173 dicem
1364 1139 1466 1172 totius
1488 1137 1877 1182 nostraejustificationis,
1903 1151 1958 1185 per
1970 1143 2114 1186 quatu-in

1239 1190 1309 1223 viva
1341 1188 1374 1221 δε
1388 1199 1459 1222 vera
1482 1189 1547 1223 Dei
1571 1188 1716 1232 Templa
1738 1190 1964 1225 consecramur
1984 1216 1991 1223 .
2020 1191 2117 1227 Hinc

1238 1241 1283 1273 uri
1302 1239 1400 1282 justus
1422 1251 1462 1272 ex
1486 1237 1569 1279 fide,
1599 1240 1642 1273 ita
1667 1239 1803 1273 Basilica
1821 1241 1903 1275 vivit
1926 1251 1967 1274 ex
1980 1240 2114 1285 Altari;

1241 1290 1304 1324 Uti
1320 1291 1446 1323 excussa
1461 1289 1540 1323 fides
1554 1298 1658 1322 totam
1682 1290 1779 1335 nobis
1792 1288 1948 1332 justitiam
1958 1307 1974 1332 ,·
1999 1292 2046 1325 ita
2055 1287 2116 1325 All

1236 1341 1312 1373 titis
1325 1339 1498 1373 destrustio
1518 1350 1572 1373 aut
1584 1340 1690 1373 motio
1701 1338 1836 1374 destruit
1856 1352 1991 1375 omnem
2003 1340 2115 1377 Basili·

1237 1402 1278 1423 cae
1295 1391 1496 1423 sanititatem
1515 1415 1526 1430 ,
1551 1389 1763 1433 reparandam
1787 1401 1875 1424 nova
1899 1387 2120 1428 consecratio·

1238 1452 1297 1473 ne.
1329 1440 1381 1473 Sic
1412 1439 1507 1473 habet
1533 1439 1654 1482 Canon,
1673 1440 1843 1483 antiquus.
1870 1436 1916 1475 Et
1939 1434 2118 1478 uti‘tota‘m'

1236 1488 1454 1523 Christianam
1482 1489 1636 1532 justitiam
1656 1488 1836 1533 Apostolus
1854 1490 2122 1535 quandoquevoe

1236 1551 1286 1572 cat
1312 1539 1407 1572 fidem
1423 1564 1432 1577 ‚
1460 1539 1504 1572 ita
1527 1547 1628 1572 totam
1647 1539 1817 1574 Basilicam
1840 1540 1923 1575 reste
1945 1541 2118 1576 titulamus‘

1240 1589 1369 1622 Altare.
1398 1588 1501 1621 Porro
1525 1589 1565 1622 de
1577 1589 1682 1622 Laicis
1695 1589 1989 1625 Ecclesiasticorum
2012 1591 2116 1626 bono·
2176 1587 2180 1590 ⁴

1239 1650 1309 1672 rum
1326 1639 1382 1671 suo
1405 1647 1550 1680 tempore
1562 1639 1744 1682 raptoribus
1757 1639 1865 1674 scribit
1874 1639 2009 1685 San-stus
2023 1639 2117 1686 Ago-

1237 1687 1354 1721 bardus
1379 1687 1650 1730 Archiepiscopus
1672 1688 1917 1734 Lugdunensis:
1945 1694 2036 1724 Nunc
2056 1702 2115 1724 non

1231 1735 1498 1779 solumpoffeffiones
1509 1736 1729 1778 Ecclefiastlcae‚
1751 1738 1890 1781 sedipsae
1911 1735 2115 1774 eiiam'Eccle-
2178 1734 2184 1742 ¹

1233 1786 1283 1828 stae
1296 1798 1360 1819 cum
1367 1787 1578 1829 poffeffiombus
1591 1788 1809 1821 venumdamur
1821 1814 1828 1821 .
1856 1790 1909 1823 De
1918 1790 2063 1824 fundatis
2077 1800 2116 1824 ac

1238 1837 1357 1870 dotatis
1380 1837 1532 1869 Ecclesiis
1557 1836 1663 1871 laudat
1692 1840 1763 1872 suos
1777 1837 1943 1882 Majores‚
1967 1839 2117 1884 &prose-

1238 1888 1345 1928 quitur
1357 1898 1364 1917 :
1394 1891 1487 1919 Nunc
1503 1886 1665 1928 ipsicomra
1676 1894 1818 1930 pietatem
1830 1888 2118 1931 Majorumfiparie-

1238 1939 1282 1971 tei·
1298 1935 1354 1977 fibi
1377 1938 1531 1969 vindIcare
1547 1942 1721 1978 potuerim,
1747 1948 1805 1969 non
1827 1946 1947 1970 tantum
1967 1949 2003 1970 ea
2012 1941 2115 1980 quaed

1236 1984 1470 2027 construaeortbus
1486 1986 1592 2019 collata
1595 1985 1666 2029 fiant
1680 2011 1689 2027 ‚
1713 1985 1772 2032 sed
1795 1988 1829 2023 (9⁶
1841 1988 1934 2020 multa
1945 1982 2012 2030 quae
2019 1989 2114 2030 plera-

1238 2048 1292 2077 que
1299 2035 1435 2077 fidelium
1442 2044 1499 2077 pro
1507 2034 1669 2079 scpultuns
1680 2045 1732 2070 aut
1741 2037 1873 2078 qualibet
1886 2038 2039 2071 devotione
2048 2037 2114 2079 alla

1236 2083 1504 2128 ibidemsacrarum
1521 2110 1531 2125 ‚
1558 2098 1621 2119 cum
1632 2086 1698 2129 ipsis
1713 2086 1845 2128 Ecclefits
1858 2089 1992 2120 vendere
2001 2088 2114 2121 licitum

1233 2145 1347 2177 putant
1360 2136 1437 2168 nullo
1444 2135 1635 2177 probibente.
1650 2137 1763 2170 Tanta
1774 2147 1853 2171 tunc
1866 2138 1928 2172 fuit
1941 2137 2039 2171 etiam
2052 2138 2116 2170 Ec·

1237 2185 1342 2218 clefias
1353 2185 1497 2228 rapiendi
1512 2186 1643 2220 licentia
1656 2211 1667 2227 ‚
1693 2197 1729 2219 ut
1742 2186 1899 2230 adjungat
1913 2201 1923 2220 :
1950 2191 1985 2218 In
1997 2184 2115 2229 quibus·

1236 2238 1306 2267 dam
1322 2236 1390 2268 locis
1404 2235 1501 2268 nullus
1513 2237 1583 2268 ordo
1594 2236 1742 2269 hommum
1756 2261 1766 2277 ,
1785 2235 1847 2278 five
1854 2236 1913 2277 fint
1923 2236 2008 2269 libem·
2020 2261 2030 2276 ,
2051 2235 2115 2280 five

1231 2284 1313 2328 servi
1323 2311 1332 2325 ‚
1360 2287 1398 2317 de
1421 2284 1603 2319 habitatione
1608 2283 1663 2328 sua
1686 2295 1750 2318 tam
1763 2286 1873 2328 infidus
1884 2286 1923 2326 est
1936 2280 1971 2318 ur
1979 2287 2118 2324 Sacerdo-

1238 2347 1281 2368 tes
1293 2358 1303 2374 ,
1329 2329 1426 2376 utpote
1439 2341 1491 2376 qui
1504 2335 1579 2368 nullo
1587 2337 1669 2368 modo
1677 2333 1772 2379 securi
1782 2336 1833 2379 effe
1847 2332 1969 2378 poffint',
1983 2346 1984 2351 ¹
1997 2344 2049 2369 nlc
2055 2333 2115 2378 fit-

1236 2397 1267 2418 re
1287 2394 1354 2427 quot
1378 2384 1478 2418 diebus
1502 2384 1656 2426 Ecclefiam
1677 2387 1728 2420 vel
1748 2385 1945 2419 babitaculum
1957 2383 2045 2429 suum
2065 2390 2110 2425 μιν

1237 2434 1388 2476 baberefit
1398 2437 1508 2468 licitum
1521 2461 1528 2467 .
1558 2435 1622 2469 Uti
1648 2446 1716 2469 non
1728 2436 1811 2470 solas
1823 2436 2056 2478 Episcoporum
2066 2441 2114 2472 at-

1237 2496 1298 2528 que
1322 2484 1488 2519 Abbatum
1501 2485 1703 2528 possessiones
1712 2509 1723 2525 ,
1749 2483 1800 2518 sed
1823 2485 1886 2527 ipsa
1898 2484 2027 2527 insuper
2037 2484 2114 2517 Mo-

1241 2536 1374 2569 nasteria
1386 2546 1422 2568 ac
1436 2534 1638 2578 Episcopalia
1649 2535 1771 2567 Palatia
1784 2558 1795 2573 ,
1820 2534 1897 2577 quin
1918 2533 2042 2576 &ipsas
2052 2533 2113 2567 Ca-

1238 2585 1398 2618 thedrales
1410 2586 1443 2618 &
1454 2583 1643 2618 Abbatiales
1657 2583 1811 2617 Ecclefias
1823 2583 1945 2622 invasit,
1955 2594 1990 2615 ac
2001 2582 2115 2617 militi-

1238 2636 1296 2668 bus
1316 2636 1379 2668 suis
1391 2636 1423 2667 in
1447 2634 1676 2667 usumfructum
1700 2634 1753 2667 seu
1766 2634 1991 2667 commendam
2002 2658 2013 2673 ‚
2040 2631 2110 2666 imo

1218 2686 1268 2724 ,ὃς
1294 2686 1327 2718 in
1356 2683 1516 2717 Alodium
1537 2684 1590 2716 seu
1615 2684 1839 2725 proprietatem
1860 2681 1949 2716 dedit
1972 2682 2112 2722 Carolus

1239 2735 1432 2772 Manellus,
1461 2734 1503 2766 ita
1518 2732 1723 2766 Parochiales
1739 2732 1862 2766 &alias
1873 2732 2040 2766 inferiores
2052 2732 2111 2767 Ec-

1237 2783 1346 2817 clefias
1357 2784 1529 2816 tractarunt
1541 2782 1651 2816 Duces
1665 2807 1676 2823 ,
1702 2783 1852 2816 Comites
1863 2808 1873 2823 ‚
1885 2782 2027 2817 Barones
2040 2807 2050 2822 ‚
2076 2782 2112 2816 δε

1238 2834 1293 2866 alii
1310 2832 1495 2867 Domicelli.
1513 2833 1607 2866 Hinc
1619 2834 1769 2867 Sanstum
1780 2831 1953 2868 Othonem
1963 2833 2111 2867 Bamber-

1241 2884 1372 2928 gensem
1390 2883 1588 2926 Episcopum
1602 2909 1611 2924 ‚
1636 2883 1723 2924 quod
1735 2884 1841 2917 Sansti
1853 2883 2025 2917 Michaelis
2037 2883 2111 2916 Mo·

1240 2933 1375 2967 nasterio
1389 2957 1398 2971 ,
1420 2931 1582 2976 quandam
1599 2933 1771 2966 Ecclesiam
1790 2932 1976 2967 haereditario
1979 2932 2035 2974 fibi
2039 2935 2110 2974 jure

1236 2990 1388 3025 propriam
1399 2984 1525 3016 donarit
1536 3007 1545 3022 ‚
1574 2983 1683 3016 laudat
1696 2983 1842 3017 Andreas
1857 2983 1932 3017 dieii
1953 2982 2111 3017 Coenobii

1243 3032 1443 3066 Monachus.
1474 3033 1515 3066 Et
1527 3031 1673 3067 Paschali
1693 3033 1835 3067 secundo
1855 3032 2010 3067 Pontifici
2034 3035 2112 3068 San·
2130 3044 2188 3075 Lib.
2206 3055 2263 3078 μς,

1242 3085 1309 3116 stus
1321 3082 1374 3115 An
1381 3083 1494 3117 seimus
1505 3083 1747 3117 Cantuariensis
1756 3080 2028 3126 Archiepiscopus
2042 3095 2114 3127 pro·
2131 3095 2175 3123 ²3·

1244 3135 1349 3175 posuit
1364 3132 1447 3166 hanc
1458 3133 1668 3175 quaestionem
1681 3147 1692 3166 :
1717 3134 1748 3165 51
1757 3132 1794 3163 de
1806 3143 1895 3165 manu
1918 3136 2003 3166 Laici
2023 3134 2112 3169 liceat

1245 3182 1385 3226 Episcopo
1399 3184 1450 3216 vel
1459 3182 1567 3216 Abbati
1575 3189 1704 3225 accipere
1716 3179 1863 3222 ,Ecclefias
1876 3206 1886 3222 ‚
1913 3195 1990 3225 quas
2014 3190 2046 3216 in
2057 3181 2112 3226 suo

1245 3236 1370 3267 dominio
1380 3232 1491 3266 habent
1503 3258 1514 3274 ,
1540 3244 1604 3266 cum
1613 3243 1664 3265 eas
1675 3241 1733 3263 non
1747 3228 1880 3273 personae
1892 3257 1902 3272 ‚
1923 3231 1982 3276 sed
1991 3231 2113 3275 Episco-

319 3284 509 3325 nullumque
541 3282 737 3324 Episcopum
774 3284 806 3315 in
829 3284 926 3317 talem
958 3281 1179 3317 detentionem
1243 3291 1328 3325 patui
1356 3280 1686 3317 velAbbatiaedonent?
1714 3279 1757 3312 Et
1772 3280 1916 3316 nobilem
1940 3283 2042 3316 virum
2054 3281 2112 3315 Be·
2130 3300 2230 3337 Lib,3.

318 3335 514 3368 consentire.

369 3383 461 3430 Quid
486 3383 516 3415 in
552 3379 688 3413 secunda
710 3379 855 3413 Canonis
874 3392 962 3422 parte
984 3381 1184 3425 intelligatur

319 3447 376 3481 per
410 3432 532 3469 Altaria
557 3453 566 3469 ,
594 3429 727 3474 exponit
748 3427 781 3461 in
815 3429 1021 3464 Nemausensi
1048 3431 1180 3473 Synodo

1246 3336 1428 3378 rengarium
1451 3359 1460 3373 ,
1497 3330 1583 3374 quod
1602 3328 1795 3363 Divionenfi
1837 3330 1941 3365 Sansti
1969 3332 2111 3376 Benigni
2130 3343 2253 3378 Ep‘1‚55‚

1247 3384 1451 3417 Monasterio
1463 3379 1630 3414 dimidiam
1644 3378 1817 3413 Ecclesiam
1829 3380 1967 3418 dederit,
2002 3382 2112 3415 laudat

1247 3433 1329 3478 apud
1342 3434 1463 3467 Lucam
1475 3428 1672 3464 Dacherium
1684 3429 1826 3472 ejusdem
1840 3429 1994 3466 Coenobii
2007 3431 2112 3466 Chro-

1948 3483 2063 3518 nicon.

2348 1543 2352 1565 ..-
2347 1477 2352 1510 ..Λ
2344 983 2352 1458 μ,..-.,.α--’-.-·κη-.·-.μ-4.-,.“»ι-,ιη;ρ
2344 938 2352 964 ...z
