2352 3736
673 188 904 237 TERTIA
941 193 1340 236 Paoossnmms
1378 184 1811 252 Dasea-rnre,

1263 276 1381 310 litteris
1402 275 1443 310 ad
1468 276 1651 311 Henricum
1673 278 1870 315 Remensem
1892 280 2144 326 Mem->politam

319 333 425 375 gnalra
432 338 636 371 pervenerunt
651 354 656 361 .
684 329 777 362 Licet
790 336 929 367 namque
951 324 995 357 ob
1007 324 1196 369 rigidissima
1262 326 1445 370 Stephanus
1463 326 1588 360 Parisiis
1598 327 1706 361 adhuc
1728 329 1839 364 Abba-s
1850 330 1893 365 ad
1912 331 2063 367 Sanstam
2074 333 2144 368 Ge-

325 379 476 422 Gregorii
500 378 625 421 septimi
651 380 683 411 ὅ(
694 375 917 410 Successorum
939 374 1077 409 Decreta
1092 377 1199 420 Reges
1262 377 1415 410 novefam
1429 403 1438 415 ‚
1466 379 1638 420 &gratiori
1649 375 1815 419 dispensari
1821 378 1973 423 supplicat
1984 404 1996 423 ,
2025 380 2090 416 hoc
2104 382 2145 416 in

319 440 438 463 omnes
451 428 644 462 Antistitum
657 424 852 458 investituris
863 436 901 458 ac
914 426 1199 461 nominationibus
1242 426 1327 468 ‹ejus
1350 427 1510 461 elestione
1530 428 1649 461 vitium
1674 441 1680 460 :
1722 431 1866 461 Dominus
1888 434 1952 464 Rex
1979 430 2144 474 perfimaem
2161 436 2211 472 Ep.
2232 444 2294 472 ¹73·

322 479 478 513 ceffiffent
500 502 510 517 ,
538 477 668 519 quidam
690 485 799 509 tamen
819 475 1017 509 retinuerant
1038 476 1198 520 eligendae
1241 476 1342 535 'stam
1366 483 1539 509 nominatim
1559 478 1714 519 expreffit‚
1741 483 1917 512 nominatim
1934 488 2037 521 proca
2055 493 2143 526 roga.

321 530 463 573 personae
475 525 732 569 designationem
744 549 755 565 ‚
781 535 880 569 atque
902 525 946 558 ita
960 526 1049 558 istius
1072 526 1195 559 violen-
1258 532 1327 564 vit,
1355 533 1530 559 nominatim
1550 525 1679 567 Ecclefiae
1689 526 1864 569 Tornacenfi
1876 530 2007 571 pru-effev
2019 533 2139 574 voluit,

320 579 374 612 tiae
385 578 487 611 solum
501 585 619 607 nomen
631 598 641 615 ,
657 586 724 608 non
737 586 806 609 rem
823 574 971 609 abdicata
978 586 1020 608 nt.
1049 575 1195 618 ipsorum
1238 543 1243 622 l
1257 576 1291 608 (θ’
1302 578 1448 608 intendit.
1474 579 1507 608 si
1520 577 1608 610 aliter
1611 577 1732 618 fabium
1749 578 1850 619 fuerit
1862 602 1874 619 ,
1898 578 1937 619 est
1949 582 2114 617 verendum
2124 606 2138 623 ‚

318 622 634 662 EcclesiaeRichardi
647 626 776 659 causam
795 625 943 659 videntes
965 625 1019 659 fibi
1032 627 1213 659 ennom-1
1257 625 1378 666 &fortoi
1391 637 1519 666 verum,
1545 638 1581 659 ne
1590 628 1822 671 indignationem
1836 651 1846 667 ‚
1871 629 1990 662 &iram
2002 653 2013 669 ,
2037 630 2136 665 &im-

317 686 450 711 munem
463 697 474 713 ‚
500 684 639 717 utroque
661 676 761 710 oculo
784 675 817 708 in
838 675 1067 714 Alexandrum
1090 676 1195 710 interi·
1253 677 1394 715 miffioncs
1412 685 1469 718 per
1481 677 1601 721 Angelos
1611 678 1705 710 malos
1733 684 1900 721 concipiat,
1927 680 1961 712 tir
1974 678 2137 723 adversum

393 211 487 257 144

327 280 406 315 Illius
418 305 427 320 ‚
439 289 500 312 tam
511 277 648 312 relatione
659 304 669 320 ,
680 276 918 322 quampraesenti
929 273 1104 317 inspedlione
1112 301 1122 315 ,
1134 288 1197 308 ma-

130 1043 264 1077 &11:132

315 725 436 760 debant
451 750 458 756 .
485 722 610 758 Verum
630 724 671 759 de
682 725 780 759 solius
794 724 952 759 Richardi
976 726 1109 769 persona
1122 750 1132 766 ‚
1158 725 1192 759 δε

313 776 479 810 ele-{lionis
496 775 599 808 forma
621 773 778 818 judicavit
799 775 975 810 Pontifex:
1003 775 1097 809 illum
1116 787 1193 809 con-

314 825 449 860 secravit
472 849 483 866 ,
509 826 544 859 &2
565 826 683 859 remisit
707 825 741 860 in
764 826 923 871 Angliam
938 849 948 866 ,
975 827 1090 870 Regiae
1113 837 1192 869 qua:-

312 876 411 910 stioni
439 877 470 909 se
495 887 563 910 non
580 875 753 910 intromisit
771 900 779 907 .
809 878 920 924 Qam
941 877 1189 910 conniventiam

309 936 454 971 arguunt
468 924 661 969 Radulphus
679 925 720 960 de
730 925 854 964 Diceto
878 925 1090 964 &Gervasius
1102 926 1189 961 Can-

312 976 497 1010 tuarienfis.

362 1028 405 1060 Et
417 1037 524 1061 revera
550 1025 667 1061 exinde
690 1029 789 1063 etiam
812 1029 885 1064 Rex
905 1028 1071 1064 Henticus
1093 1028 1188 1061 Pater

308 1077 447 1119 priorem
466 1077 602 1111 abusum
625 1079 792 1123 resumpsit
805 1105 815 1120 ,
842 1081 988 1127 itemque
997 1079 1064 1123 ejus
1077 1079 1137 1112 filii
1153 1078 1186 1110 δε

307 1128 505 1160 Succeffooes
517 1127 701 1162 Richardus
711 1154 720 1169 ‚
732 1141 770 1164 ac
782 1130 952 1173 praesertim
964 1131 1104 1174 joannes
1116 1151 1126 1166 ,
1145 1126 1187 1160 de

127 1194 188 1228 fol.
221 1204 282 1232 139-
305 1177 571 1220 quolnnocentii
585 1179 672 1212 tertii
685 1179 858 1214 Pontificis
877 1181 964 1214 vita:
992 1181 1075 1213 Licet
1085 1178 1186 1210 beatus

256 1233 259 1235 ’
304 1226 434 1260 Thomas
461 1227 694 1271 archiepiscopus
721 1236 853 1263 animam
875 1229 963 1272 suam
986 1238 1042 1271 pro
1063 1226 1186 1269 Eclcfia-

118 1881 196 1911 Can·
212 1889 259 1918 ες.

297 1277 373 1318 stica
383 1276 510 1320 posuerit
535 1279 672 1312 libertate
683 1303 694 1319 ,
721 1281 801 1313 nulla
820 1289 920 1312 tamen
937 1281 1054 1312 utilitas·
1075 1289 1131 1320 quo
1142 1279 1187 1310 ad

302 1326 354 1359 hoc
367 1333 400 1359 in
409 1326 556 1371 sanguine
572 1329 635 1368 ejus
646 1338 712 1361 erat
723 1354 734 1369 ‚
760 1336 897 1371 quonlam
911 1330 1074 1373 anglicana
1084 1331 1114 1360 E
1116 1329 1182 1361 ccle—

296 1376 403 1418 fiaper
417 1373 588 1419 Principum
606 1376 793 1420 insolentiam
815 1379 1004 1421 inprofundo
1021 1377 1180 1422 fi’rvitutir

300 1427 445 1459 ancillata
463 1427 607 1467 jacebat,
635 1434 679 1461 ita
688 1438 720 1461 ut
732 1429 917 1470 apostolicum
938 1440 1046 1471 quoque
1057 1429 1182 1461 manda-

300 1485 365 1509 tum
388 1482 420 1508 in
443 1477 549 1518 Anglia
566 1479 636 1516 jam
657 1477 739 1518 quasi
752 1485 920 1518 precarium
944 1479 1101 1512 haberetur
1114 1502 1123 1517 ,
1148 1481 1182 1513 (9

301 1526 468 1560 ΕΙεέῖἰοηω
482 1528 679 1559 Praelatorum
699 1526 843 1569 nusquam
865 1529 955 1560 libere
970 1529 1097 1570 fierent.
1126 1529 1180 1562 Et-

302 1570 506 1610 iamin'aliis
517 1575 644 1621 Regnis
662 1577 833 1620 graffiuam
855 1578 947 1611 fuisse
971 1578 1109 1612 eandem
1123 1578 1182 1610 ini-

300 1626 460 1670 quitatem
479 1650 488 1665 ,
515 1626 580 1668 jam
593 1625 779 1661 audivimus
799 1627 840 1661 ab
857 1627 1031 1671 Arnulpho
1050 1627 1181 1670 Episco-

299 1686 344 1720 po
356 1677 548 1710 Lexovienli
563 1701 571 1708 .
598 1676 692 1709 Hinc
710 1677 831 1721 igitur,
858 1677 946 1720 quod
972 1678 1005 1710 in
1021 1676 1178 1712 Richardi

300 1726 545 1760 Cantuariensis
567 1727 661 1760 causa
682 1728 786 1761 facere
812 1726 967 1762 debuerat
992 1727 1181 1761 Alexander

297 1778 412 1810 tertius
424 1801 434 1817 ,
462 1777 496 1810 in
510 1777 562 1809 sua
574 1776 778 1810 Lareranensi
800 1778 938 1818 Synodo
959 1777 1090 1810 tandem
1103 1778 1180 1812 fecit

298 1826 512 1861 Innocentius
523 1827 636 1860 tertius
648 1837 703 1869 per
713 1825 802 1861 hunc
815 1822 1005 1862 Canonem:
1032 1826 1178 1870 ‚Quisquis

299 1876 479 1910 clcfflomde
488 1875 623 1918 sefac‘lae
639 1884 696 1917 per
704 1875 861 1919 saecularis
881 1876 1032 1919 potestatis
1055 1877 1178 1920 abusum

298 1925 460 1970 consentire
479 1924 699 1969 praesumpserit
720 1937 822 1960 contra
844 1932 1026 1960 eanonicam
1058 1928 1179 1961 liberta·

294 1987 360 2012 ‘tem
372 2003 381 2019 ‚
410 1979 443 2011 (ι’
464 1976 610 2009 σίεέῖἰοηι·;
631 1978 774 2008 commodo
794 1986 897 2010 careat
915 2003 924 2018 ‚
953 1979 987 2011 (ν
1007 1978 1175 2021 ineligibilis

294 2028 376 2070 fiat,
405 2038 455 2060 nec
465 2025 571 2069 absque
581 2023 794 2069 dispensatione
799 2028 881 2068 poffit
906 2029 949 2060 ad
958 2029 1088 2069 aliquam
1107 2029 1177 2072 eligi

296 2079 494 2120 dignitatem.
522 2078 666 2120 ,Quivero
676 2077 842 2109 elec‘lionem
867 2076 1056 2118 hujusmodi,
1083 2089 1174 2119 quam

299 2126 436 2170 ipsojure
447 2131 567 2158 irritam
587 2127 638 2169 effl’
647 2125 792 2169 censemus
806 2151 816 2166 ,
838 2126 1084 2169 praesumpscrint
1107 2129 1176 2160 cele-

297 2178 404 2217 brare,
432 2176 470 2209 ab
480 2176 575 2218 officiis
613 2175 932 2218 acbeneficiispenitus
949 2186 1007 2218 per
1019 2182 1177 2210 triennium

295 2226 517 2270 suspendantur
530 2250 540 2266 ‚
567 2226 692 2269 eligendi
707 2235 776 2259 tunc
793 2225 933 2266 potestate
940 2232 1083 2268 privati.
1112 2227 1174 2261 Per

299 2279 407 2312 Laicae
419 2275 583 2320 potestatis
594 2276 728 2309 abusum
751 2277 831 2309 fasta
840 2276 956 2311 elediio
978 2276 1022 2310 est
1035 2278 1177 2311 omnino

297 2327 355 2361 illa
366 2352 376 2368 ‚
402 2327 454 2360 cui
468 2327 584 2361 Laicus
598 2325 755 2370 Princeps
767 2324 951 2371 eligendam
961 2327 1175 2372 defignaverit

300 2379 473 2422 personam
487 2403 494 2410 .

349 2429 431 2462 Eam
457 2440 523 2462 non
544 2429 667 2470 irritat,
693 2427 744 2464 sed
767 2430 888 2465 irritam
911 2427 1051 2466 declarat
1076 2430 1176 2465 Inno-

248 2509 251 2511 ,
300 2480 401 2513 centii
416 2479 583 2521 synodus.
612 2480 691 2514 Non
703 2481 747 2515 est
759 2480 871 2515 elestio
888 2481 1008 2520 libera,
1036 2482 1088 2516 sed
1105 2482 1175 2515 vio-

298 2530 389 2563 lenta
411 2530 568 2569 extorsio,
596 2529 736 2574 ideoque
755 2531 839 2563 irrita
859 2531 928 2574 jure
951 2541 1071 2565 naturae
1091 2557 1097 2563 .
1127 2532 1174 2564 Ita

300 2580 336 2612 in
346 2578 489 2613 addutflis
502 2579 590 2621 supra
602 2581 799 2614 testimoniis
818 2582 1003 2624 supponunt
1018 2581 1176 2614 Hincma-

299 2639 355 2663 rus
378 2629 593 2672 Metropolim
614 2628 800 2669 Remum,
826 2631 1005 2663 &Sanc'tus
1027 2631 1084 2663 lvo
1100 2631 1175 2663 Car·

300 2678 444 2713 nutenfis
456 2680 649 2723 Episcopus.
681 2682 722 2714 Et
736 2679 813 2713 hinc
825 2681 960 2714 Sanetus
978 2681 1083 2724 Hugo
1097 2681 1171 2714 Lin-

298 2729 475 2764 corlnienfis
496 2730 641 2763 Ecclesiae
654 2730 780 2764 Elestus
792 2731 908 2764 fastam
929 2741 970 2764 ex
981 2730 1121 2764 Henrici
1134 2731 1174 2764 se-

300 2778 400 2814 cundi
412 2779 639 2823 designatione
648 2780 841 2814 elestionem
852 2780 1025 2815 admittere
1046 2780 1176 2820 noluit,

300 2830 434 2864 afferens
446 2830 508 2863 effe
520 2830 684 2873 palliatam
707 2831 921 2865 intrusionem
935 2856 941 2862 .
969 2829 1085 2865 Libere
1098 2830 1176 2874 eligi

302 2878 414 2913 denuo
427 2879 530 2913 voluit
542 2904 552 2919 ‚
562 2880 597 2913 ὅ(
608 2881 669 2913 fuit
683 2880 810 2914 Electus
822 2905 829 2911 .
857 2880 1075 2914 Guilielmum
1088 2878 1174 2912 Ebo-

304 2931 465 2963 rac-ensem
489 2927 781 2972 Archiepiscopum
802 2953 812 2969 ,
838 2940 879 2962 ex
900 2929 1054 2972 Stephani
1075 2929 1176 2972 Regis

303 2977 525 3023 designatione
538 2980 681 3013 Electum
695 3004 704 3019 ‚
732 2978 919 3024 degradavit
936 2979 1101 3027 Eugenius
1121 2989 1180 3012 ter-

306 3027 372 3059 tius
393 3029 424 3061 in
444 3029 579 3071 Synodo
603 3030 753 3063 Remenli
775 3054 781 3061 .
813 3028 937 3062 Eadem
962 3032 1014 3063 via
1035 3027 1179 3063 Cantua-

305 3075 442 3109 riensem
464 3078 659 3113 Cathedram
687 3079 844 3124 ingressus
866 3079 914 3113 est
935 3079 1065 3113 Sandtus
1085 3077 1181 3112 Tho-

306 3134 379 3157 mas
404 3149 409 3154 .
437 3126 526 3158 Hinc
538 3129 606 3170 post
626 3139 752 3172 apertos
771 3130 889 3163 mentis
908 3130 1025 3163 oculos
1048 3128 1179 3163 deflevit

308 3174 343 3207 se
358 3174 513 3207 ifltfflsum
527 3199 536 3214 ³
564 3178 797 3222 Episcopatum
820 3178 859 3213 ad
873 3179 1179 3213 manusAlexandri

305 3222 397 3256 ter-tii
416 3223 562 3266 deposuit
582 3226 615 3257 in
637 3226 822 3263 Turonensi
844 3229 982 3272 Synodo
1001 3255 1012 3271 ,
1038 3227 1178 3263 eundem

307 3273 478 3315 'resumi’fit
488 3272 528 3305 ab
538 3273 651 3307 eodem
664 3299 673 3314 2
698 3288 735 3311 ac
747 3279 797 3311 isti
821 3280 879 3313 suo
890 3279 1011 3314 delisto
1031 3288 1179 3322 acceptas

305 3323 434 3366 semper
451 3322 563 3354 retulit
581 3333 695 3357 ornnes
714 3326 783 3359 suas
804 3330 1040 3370 persecutiones
1060 3355 1067 3361 .
1095 3329 1178 3375 Qae

306 3372 423 3406 omnia
436 3370 498 3404 late
508 3371 602 3404 refert
613 3372 802 3415 Radulphus
813 3377 852 3410 de
863 3378 1000 3412 Diceto.
1027 3378 1180 3413 Parifien-

1253 736 1320 765 eos,
1349 731 1397 768 qui
1410 734 1619 768 promotionem
1645 737 1742 761 tantae
1762 729 1898 772 personae
1921 730 2136 772 impedierint,

1253 777 1389 819 Regalem
1410 778 1588 810 &inutilem
1613 780 1800 810 iracundiam
1818 780 1957 812 accendat
1970 804 1978 812 .
2003 779 2136 815 Elestus

1254 825 1308 859 ille
1337 826 1532 861 elestionem
1559 828 1653 862 istam
1686 826 1782 862 duxit
1804 829 1869 864 esse
1898 830 2136 870 intrufionem‚

1253 875 1393 919 ideoque
1415 878 1480 911 fine
1503 877 1729 921 Metropolitae
1764 878 2003 922 dispensatione
2024 879 2135 914 noluit:

1250 927 1447 960 consecrari.
1479 927 1604 962 Verum
1626 928 1791 962 Henricus
1815 929 2031 972 Metropolita
2057 954 2068 970 ,
2095 931 2134 963 li-

1248 975 1300 1009 cet
1311 978 1481 1011 memorati
1494 977 1596 1022 Regis
1617 977 1781 1013 Ludovici
1806 979 1931 1023 septimi
1949 979 2134 1014 Germanus

1248 1024 1344 1060 frater
1363 1051 1373 1066 ,
1401 1038 1469 1060 non
1491 1026 1685 1071 dispensavit
1707 1041 1715 1061 :
1743 1028 1834 1062 istius
1861 1030 1951 1063 enim
1975 1029 2134 1064 Cantoris

1249 1075 1284 1107 in
1316 1078 1428 1109 locum
1461 1076 1633 1111 Canonice
1682 1079 1801 1112 electus
1827 1080 1889 1113 fuit
1925 1077 2131 1118 Everardu5‚

1249 1124 1398 1159 Gualteri
1410 1125 1551 1159 Domini
1567 1125 1759 1159 Avesnensis
1771 1127 1856 1162 filius
1867 1153 1879 1168 ‚
1906 1129 2054 1164 Ecclesiae
2064 1129 2131 1163 Ca·

1249 1176 1437 1209 meracensis
1466 1174 1751 1216 Archidiacoms,
1777 1177 1990 1220 cuiproxime
2010 1179 2130 1213 success

1247 1225 1284 1258 sit
1312 1224 1460 1259 laudatus
1481 1223 1592 1259 Abbas
1615 1227 1728 1260 sannae
1752 1225 1929 1261 Genovefae
1952 1251 1959 1259 .
1989 1227 2131 1271 Cyprio-

1246 1285 1316 1308 rum
1340 1276 1467 1320 Regem
1488 1299 1499 1315 ,
1525 1275 1615 1319 quod
1639 1276 1679 1310 ad
1705 1276 1926 1310 Nicosiensem
1949 1277 2130 1313 Ecclesiam

1245 1323 1327 1358 duos
1348 1326 1563 1367 nominasset,
1591 1336 1634 1359 ex
1644 1326 1716 1369 ipsis
1730 1324 1871 1360 alterum
1885 1326 2002 1369 jubens
2017 1327 2129 1371 eligi,

1245 1385 1280 1407 ut
1305 1375 1530 1409 Ecclefiasticae
1553 1374 1709 1410 libertatis
1741 1377 1923 1410 invasorem
1945 1374 2128 1421 graviffime

1246 1425 1427 1468 increpavit
1438 1426 1651 1459 innocentius
1675 1426 1813 1466 tertius,
1841 1425 2033 1469 addiditque
2053 1438 2128 1462 cau·

1245 1476 1312 1509 sam
1325 1489 1335 1508 :
1363 1477 1393 1507 Si
1404 1476 1524 1508 carnale
1532 1477 1696 1518 conjugium
1706 1477 1818 1509 liberas
1836 1481 1929 1519 exigit
1950 1476 2129 1511 contraben-

1244 1530 1317 1557 tium
1336 1525 1525 1564 voluntam,
1551 1524 1738 1568 ridiculosum
1763 1525 1800 1565 est
1821 1527 1855 1561 (9¹
1872 1525 2065 1569 probrosum,
2091 1534 2128 1560 ut

1244 1574 1370 1616 Ecclesia
1376 1577 1563 1616 compellatur
1574 1576 1695 1610 alterius
1708 1575 1878 1610 contrahere
1887 1577 2044 1610 voluntate
2055 1600 2067 1618 ‚
2089 1586 2125 1610 ac

1237 1623 1399 1668 spirituale
1429 1627 1594 1669 conjugium
1621 1627 1660 1659 de
1680 1626 1805 1658 arbitrio
1836 1629 1968 1667 pendeat
1990 1628 2124 1660 LaicaII.

1244 1674 1613 1717 Ejusmodielecnonem
1624 1675 1896 1710 declaratitritam
1906 1677 1939 1710 in
1952 1676 2069 1710 litteriS
2081 1673 2124 1710 ad
2140 1687 2201 1719 Lib,
2209 1690 2302 1729 3qu

1244 1725 1423 1758 Ecclesiam
1435 1725 1661 1758 Nicoliensem
1674 1749 1681 1757 .
1710 1726 1861 1760 Eundem
1884 1726 2020 1760 abusum
2033 1726 2123 1760 dam·
2141 1739 2206 1760 20².

1242 1784 1298 1807 nat
1321 1774 1355 1806 in
1380 1773 1515 1810 Comite
1535 1774 1750 1817 Tripolitano
1774 1798 1785 1814 ,
1813 1777 1870 1818 qui
1894 1786 1956 1810 tres
1975 1776 2125 1810 electuris·

1240 1822 1420 1858 Monachis
1444 1823 1661 1858 nominabat.
1691 1825 1735 1858 Et
1754 1823 1826 1858 lata·-
1858 1826 1894 1858 in
1914 1823 2122 1861 Fredericum
2141 1846 2188 1881 Ep.
2207 1855 2283 1879 ²04-

1244 1872 1420 1907 secundum
1443 1874 1676 1917 Imperatorem
1695 1873 1932 1918 degradatoriae
1957 1877 2124 1912 sententias
2141 1884 2191 1922 Ep.
2206 1893 2276 1919 ur..

1240 1923 1454 1959 Innocentius
1475 1935 1606 1968 quartus
1626 1936 1664 1957 ac
1684 1923 1752 1966 ejus
1764 1924 1992 1969 Lugdunensis
2014 1927 2122 1968 Syno-

1240 1973 1299 2008 dus
1317 1998 1328 2014 ,
1354 1974 1402 2007 uti
1422 1975 1544 2017 grande
1565 1974 1687 2007 crimen
1710 1974 1912 2007 inseruerunt
1938 1999 1949 2015 ,
1976 1975 2065 2017 quod
2085 1976 2124 2009 il-

1243 2025 1271 2058 le
1290 2022 1492 2068 quarundam
1516 2022 1729 2057 Ecclesiarum
1752 2023 1926 2057 electiones
1953 2024 2123 2060 violentas-

1315 2098 1324 2112 ,
1362 2074 1474 2116 utique
1502 2084 1557 2117 per
1582 2073 1842 2118 designationem
1868 2072 2025 2118 eligenda:
2051 2085 2123 2118 per-

1242 2225 1347 2267 patuit
1361 2225 1468 2270 Reges
1480 2227 1521 2260 ab
1535 2225 1752 2270 inquietandis
1762 2225 1974 2260 elestionibus
1989 2222 2124 2257 cohibe-

1241 2285 1272 2308 te
1284 2300 1291 2307 .
1319 2276 1454 2309 Etenim
1466 2276 1506 2310 de
1516 2274 1699 2320 Rudolpho
1711 2277 1817 2320 primo
1827 2276 2027 2317 Imperatore
2048 2272 2120 2307 scri-

1240 2323 1555 2368 bitsupplementum
1581 2326 1718 2360 Abbatis
1732 2325 1972 2369 Uspergensis:
1999 2326 2124 2365 Tempo-

1238 2387 1269 2408 re
1280 2375 1525 2419 Rudolphifuiffe
1537 2375 1620 2419 usum
1627 2381 1794 2418 primarum
1806 2384 1930 2418 precum
1941 2399 1952 2414 ,
1977 2373 2122 2415 colligitur

1238 2437 1276 2459 ex
1287 2428 1343 2459 tali
1356 2425 1476 2467 forma.
1503 2425 1608 2460 Addit
1634 2427 1668 2460 ὅ(
1679 2426 1822 2460 formam
1849 2425 1902 2458 seu
1915 2423 2095 2467 Epistoiam
2108 2445 2121 2461 ‚

1239 2488 1300 2519 qua
1323 2475 1521 2519 Rudolphus
1549 2476 1717 2520 Episcopis
1743 2476 1778 2509 ἀ
1798 2473 1985 2508 Abbatibus
2010 2469 2121 2514 jubere

1240 2526 1361 2560 solebat
1372 2525 1480 2570 potins
1494 2537 1591 2569 quam
1616 2525 1813 2568 supplicare:
1841 2527 1964 2555 Cumex
1991 2526 2121 2563 antiqua

1239 2578 1272 2610 Θ
1282 2577 1448 2619 approbata
1462 2600 1472 2615 ,
1497 2587 1532 2608 ac
1549 2577 1569 2606 ἆ
1585 2576 1668 2607 divis
1691 2570 1920 2615 Imperatoribus
1941 2573 1976 2605 ὁ·
1988 2570 2121 2615 Regibus·

1238 2628 1281 2658 ad
1299 2639 1350 2660 nos
1369 2626 1516 2668 parduna
1528 2623 1730 2667 consuetudine
1754 2622 1893 2665 quaelibet
1910 2620 2035 2662 Ecclefia
2047 2644 2058 2660 ‚
2083 2627 2117 2654 in

1239 2675 1330 2716 nostro
1341 2680 1471 2708 Romano
1490 2678 1613 2716 Imperio
1623 2673 1778 2713 constituta
1787 2695 1798 2710 ‚
1822 2673 1868 2705 ad
1876 2683 1965 2714 quam
1977 2667 2125 2710 Ecclefia*

1231 2725 1366 2765 stioorum
1387 2723 1581 2766 beneficiorum
1598 2727 1728 2765 pertinet
1751 2722 1865 2755 collatio
1884 2746 1894 2762 ‚
1918 2718 2008 2764 super
2027 2724 2120 2754 unius·

1239 2776 1367 2816 beneficii
1379 2776 1527 2808 collatione
1536 2782 1655 2815 precum
1668 2771 1826 2812 nostrarum
1841 2774 1963 2804 Primas
1981 2779 2120 2804 teneatur

1238 2827 1399 2858 admittere
1417 2848 1427 2863 ‚
1455 2827 1646 2857 Devotionem
1670 2832 1753 2856 tuam
1777 2833 1912 2865 rogamus
1934 2845 1946 2861 ‚
1970 2820 2119 2862 quatenus·

1238 2875 1304 2908 huic
1312 2876 1426 2908 clerico
1437 2875 1473 2907 de
1499 2871 1686 2914 Ecclesiastico
1697 2872 1828 2914 beneficio
1840 2894 1851 2910 ,
1875 2873 1956 2914 quod
1977 2871 2020 2903 ad
2028 2877 2117 2900 tuam

1238 2926 1416 2958 colla-tionem
1436 2931 1587 2965 pertinet,
1614 2924 1648 2956 ob
1667 2926 1867 2956 reverentiam
1886 2920 1968 2963 sacri
1986 2922 2117 2950 Romani

1239 2979 1359 3017 Imperii
1374 2973 1495 3014 studeas
1518 2974 1679 3007 liberaliter
1695 2974 1855 3014 providere
1868 2995 1875 3002 .
1901 2970 2035 3003 istarum
2049 2980 2118 3010 pre·

1239 3037 1314 3058 cuin
1336 3025 1564 3068 antiquitatem
1598 3024 1631 3057 &
1651 3022 1917 3066 approbationem
1941 3030 2005 3062 ego
2028 3016 2117 3071 certe

1240 3076 1358 3119 ignoro
1376 3099 1384 3106 .
1415 3074 1548 3108 Etenim
1571 3072 1762 3107 Ludovicus
1783 3072 1890 3104 sextus
1912 3068 2118 3102 Francorum

1240 3125 1313 3158 Rex
1337 3124 1544 3167 Apostolicas
1568 3147 1580 3162 ,
1603 3123 1720 3166 quibus
1742 3119 1847 3164 ptimo
1872 3128 2057 3152 vacaturam
2076 3117 2116 3151 iu

1237 3175 1353 3218 quavis
1375 3173 1565 3208 Cathedrali
1590 3172 1728 3207 Ecclesia
1751 3167 1970 3203 'Praebendarn
1991 3169 2117 3202 donare

1240 3225 1481 3269 permittebatur
1493 3248 1503 3264 ‚
1530 3222 1587 3257 fibi
1598 3222 1717 3256 delatas
1736 3218 1858 3252 litteras
1877 3218 2025 3252 exuffiffe
2047 3216 2115 3251 lau·-

1239 3276 1333 3310 datur
1369 3276 1387 3308 a
1414 3272 1594 3317 Radulpho
1624 3268 1664 3303 de
1701 3268 1821 3302 Diceto
1848 3292 1859 3308 ,
1892 3268 1928 3301 δε
1964 3268 2115 3301 Hem-ico

1240 3324 1450 3370 Cnyghtono
1473 3349 1482 3356 .

2143 2428 2173 2458 A.
2186 2429 2270 2457 1286.

1524 3319 1643 3363 Ajebat
1665 3319 1802 3361 ipsarum
1823 3319 1916 3352 causa
1936 3317 2026 3351 nolle
2048 3314 2116 3349 aui-
2137 3335 2166 3361 A,
2189 3341 2270 3369 1¹35-

1241 3387 1328 3410 mam
1355 3377 1446 3409 suam
1470 3373 1505 3406 in
1521 3370 1649 3404 inferno
1674 3368 1763 3401 exuri
1786 3393 1791 3399 .
1820 3366 1921 3412 Qod
1944 3367 2052 3409 ipsum
2072 3366 2115 3399 de
2138 3371 2274 3402 Libones

1242 2076 1286 2107 set

1241 2125 1325 2157 sonte
1344 2148 1352 2156 .

1217 2090 1227 2676 ί
1290 2173 1417 2209 Verum
1432 2186 1490 2211 nec
1514 2175 1659 2210 laudatus
1675 2174 1862 2210 innocentii
1885 2175 1971 2210 tertii
1998 2174 2121 2208 Canon

306 3422 350 3456 ‘fis
371 3421 513 3455 Ecclefiae
531 3421 710 3455 Cantorem
732 3447 741 3462 ‚
768 3423 785 3454 ἓι
808 3424 1006 3461 Tornacensi
1030 3429 1127 3464 Clero
1146 3428 1196 3469 &s
1242 3425 1415 3460 Ludovico
1440 3421 1558 3456 Sancto
1590 3418 1744 3452 testantur
1772 3429 1812 3451 ex
1833 3418 2015 3458 Broymaro
2047 3414 2115 3456 ejus
2140 3421 2180 3441 ¹0-

309 3471 438 3516 P0P⁰¹⁰
466 3471 609 3507 ‘mum
638 3471 867 3516 Episcopum,
905 3477 984 3511 mire
1014 3477 1123 3515 lauda-t
1146 3470 1201 3578 in}
1243 3472 1450 3510 Cancellario
1482 3494 1495 3511 ,
1530 3469 1730 3515 laudantque
1760 3465 1910 3503 Michael
1944 3466 2080 3550 {assei
2098 3489 2116 3506 ⁴,

1223 3538 1229 3566 ι
1950 3546 1954 3549 <
2037 3526 2068 3549 e-
