2352 3736
38 2159 195 2198 'af-0200.

412 184 468 213 DE
504 170 698 214 SIMONIAE
730 180 944 223 CRIMINE,
982 181 1033 210 ET
1066 179 1208 210 vimus
1243 179 1303 209 AD
1336 177 1458 209 II’SUM
1492 179 1817 212 SPECTANTIBUS·

208 253 284 291 duee
292 260 351 284 non
366 256 486 292 poterat
497 273 508 289 ‚
535 250 571 284 ό·
584 253 689 283 vinum
703 247 801 282 bibere
817 247 934 282 volebat
945 271 956 287 ‚
978 244 1086 289 saltem

208 302 359 340 melaniam
368 300 524 334 denarium
537 299 662 342 donasset
672 323 680 331 .
695 300 738 332 Et
750 300 881 333 Sanetus
891 295 1066 330 Cutbertus
1075 318 1085 334 ‚

209 350 269 396 qui
289 349 330 387 ad
341 350 447 384 oiiavi
457 349 560 383 saeculi
581 349 725 383 medium
737 348 848 382 floruit
861 345 1086 388 Archiepisco-

209 411 271 445 pus
282 399 539 440 Cantuarienfis,
566 399 720 433 statuitin
742 399 798 430 sua
819 393 1085 430 Choveshovien-

208 449 400 493 fisynodoz
427 453 474 484 De
485 449 550 488 boc,
580 449 694 491 utique
711 444 752 479 de
762 445 922 479 divitibus
941 454 1085 489 peccato·

210 498 301 535 ribus
321 498 537 535 Poenitentias
556 496 691 542 pecunia
709 494 943 530 redimentibus
964 519 975 535 ‚
995 495 1087 537 proli-

213 550 283 584 xius
294 548 505 592 disputandum
513 548 552 589 ist
562 571 575 587 ‚
599 546 663 580 idea
675 550 747 587 quia
758 553 852 587 nuper
861 546 987 588 quidam
998 545 1085 578 dives

205 597 368 644 secundum
390 597 584 642 hocsaeculum
599 619 610 636 ‚
629 602 735 637 petens
747 596 1022 629 Reconciliationem
1029 602 1087 636 pro

210 662 318 694 magno
338 650 462 693 quodam
474 644 527 688 fico
530 645 666 687 facinore
677 644 734 686 fibi
757 647 847 680 citius
871 647 942 679 dari
959 669 970 685 ,
997 642 1087 685 adfir-

211 712 301 733 mans
322 705 356 732 in
374 700 483 731 litteris
499 694 565 738 sicis
586 697 666 729 idem
700 695 790 737 nefas
806 697 905 736 Juxta
926 695 1086 728 multorum

208 749 347 793 promiffa
364 752 397 779 in
411 746 528 778 tantum
547 746 597 789 ff
606 751 759 787 expiatum
773 770 784 786 ‚
810 755 844 779 ut
848 744 878 787 si
890 747 1026 787 deinceps
1039 749 1086 778 vi-

210 808 280 835 vere
291 796 374 839 poffit
385 820 397 837 ,
422 806 615 830 trecentorum
637 807 780 829 annorum
791 804 848 838 pro
869 807 900 829 eo
915 795 1086 837 pleneJeju-

208 854 291 884 nm
296 844 540 889 satisfallionum
553 848 648 879 modis
660 871 670 886 ,
684 854 741 888 per
751 846 874 879 aliorum
880 843 990 888 scilicet
1003 843 1087 887 Psal-

209 898 338 932 modiam
350 920 361 936 ‚
387 898 422 930 Θ·
435 899 588 937 jejunium
611 920 622 936 ,
647 897 680 930 Θ
701 894 889 939 eleemosinas
904 893 1086 939 persolutum

205 946 294 990 efflet,
321 955 443 988 excepto
455 948 536 980 illius
539 948 654 987 jejunio
668 971 678 987 ,
704 948 892 988 &quamvis
903 944 967 988 ipse
976 954 1085 978 utcum-

205 1006 264 1038 que
272 1007 325 1030 aut
331 1004 441 1037 parum
443 998 601 1038 jejunaret
613 1021 621 1029 .
648 1000 730 1040 Ergo
735 995 766 1038 fi
771 1003 818 1029 Ita
825 1004 881 1038 per
893 996 964 1029 altos
968 995 1085 1037 placari

203 1045 296 1088 potest
316 1049 436 1079 Divina
439 1048 467 1089 J
472 1046 571 1087 ustitia
583 1072 594 1088 ,
619 1057 669 1079 cur
679 1047 792 1080 divites
805 1071 816 1087 ,
841 1057 898 1080 non
911 1045 997 1086 stulti
1016 1054 1085 1087 pro-

204 1096 333 1139 miffores
345 1120 356 1135 ,
381 1102 431 1139 qui
436 1105 492 1139 pro
497 1096 562 1141 suis
574 1097 696 1140 flagitiis
708 1098 831 1130 aliorum
855 1102 1010 1129 innumera
1016 1093 1082 1137 pos-

200 1143 278 1191 sunt
295 1153 431 1188 praemiis
438 1149 564 1188 Jejunia
584 1149 748 1187 redimere,
773 1147 919 1187 difficilius
930 1157 998 1179 voce
1009 1149 1084 1179 veri·

206 1201 285 1233 tatis
307 1200 442 1239 Regnum
463 1203 576 1229 intrare
593 1199 745 1236 coelorum,
773 1208 863 1238 quam
883 1203 939 1236 per
943 1195 1085 1237 fhramen

205 1257 278 1279 acus
301 1248 455 1280 camelum
476 1246 600 1288 transire
622 1248 760 1279 dicuntur
779 1247 791 1278 ?
820 1245 1017 1279 Earumdem
1039 1256 1087 1278 re-

203 1296 439 1339 demptionum
459 1297 613 1331 meminit
635 1307 777 1340 magnus
800 1293 999 1330 Theodorus
1026 1294 1088 1328 Ar-

204 1343 433 1390 chiepiscopus
446 1371 457 1387 ‚
484 1346 630 1391 ipsasque
642 1346 752 1380 laudat
763 1345 797 1379 &
811 1346 926 1390 probat
938 1370 949 1386 ‚
977 1345 1086 1378 verum

205 1395 388 1431 Cutbertus
409 1396 580 1439 proscribit
611 1397 645 1430 δε
666 1396 802 1431 damnat
823 1421 830 1428 .
857 1397 916 1429 Eis
942 1395 1087 1438 contigit

206 1445 300 1490 quod
321 1446 438 1480 saneto
457 1446 556 1481 Petro
566 1445 724 1480 Damiani
743 1446 907 1479 &Sansto
932 1444 986 1477 Ru
994 1444 1086 1477 dolfo

207 1494 394 1541 Eugubino
415 1496 581 1538 Episcopo
604 1508 611 1527 :
639 1495 709 1529 Hic
736 1494 826 1529 enim
850 1494 1087 1536 redemptiones

206 1545 306 1586 istas,
331 1554 410 1587 quas
420 1544 536 1579 Petrus
559 1543 700 1579 omnine>
721 1544 857 1588 probat,
883 1545 945 1578 effe
956 1545 1003 1577 ait
1028 1544 1089 1577 im·

206 1594 407 1639 probitatem
431 1596 622 1634 corvinam,
648 1594 885 1640 pinguedinem
907 1593 1086 1628 haustame

203 1643 419 1679 cadaveribus
442 1670 450 1677 .
476 1643 565 1690 Agit
586 1646 756 1688 praesertim
783 1644 818 1677 in
843 1644 1025 1688 Episcopos
1050 1655 1087 1677 ac

204 1692 418 1738 presbyteros
429 1717 441 1735 ‚
467 1696 523 1737 qui
535 1694 776 1739 redemptiones
788 1694 861 1735 istas
872 1695 1040 1729 vertebant
1052 1695 1086 1727 in

205 1743 301 1780 suum
311 1744 437 1779 lucrum
447 1770 458 1786 ,
483 1745 688 1788 accipiebant
699 1745 820 1780 fundos
831 1745 865 1780 δε
877 1745 955 1779 alias
968 1756 1015 1779 res
1027 1745 1086 1778 im-

206 1794 349 1829 mobiles
362 1819 375 1836 ,
399 1804 496 1840 atque
518 1796 564 1831 ita
577 1795 736 1829 Ecclefias
755 1797 826 1829 suas
837 1794 990 1830 ditabant
1006 1819 1012 1827 .
1039 1795 1086 1828 Ita

207 1843 300 1882 enim
325 1845 385 1879 suo
401 1855 547 1889 tempore
569 1846 661 1881 fuisse
681 1846 861 1880 factitatum
882 1845 987 1880 edixit
999 1846 1088 1889 supra

206 1894 360 1929 laudatus
382 1895 560 1931 Damiani.
588 1897 633 1930 Et
644 1895 750 1931 revera
767 1896 877 1931 omnis
888 1895 946 1930 ista
968 1895 1090 1930 redem-

206 1945 282 1988 ptio
302 1942 419 1980 habuit
429 1946 545 1986 ansas,
570 1957 612 1980 ex
625 1946 742 1991 quibus
764 1946 894 1991 probari
906 1945 1029 1990 potuit,
1057 1946 1090 1979 δε

205 1992 387 2038 improbari
399 2019 406 2026 .
430 1995 583 2030 Adducta
594 1997 725 2031 interim
736 1997 921 2032 testimonia
932 1996 1090 2031 evincunt

205 2043 272 2079 effe
291 2044 461 2089 antiquam
473 2070 480 2078 .
507 2046 598 2081 Nam
620 2048 701 2080 &in
724 2047 868 2080 Decreto
887 2047 946 2080 suo
957 2045 1090 2079 Samstus

205 2094 267 2130 lvo
281 2095 493 2130 Carnutensis
505 2096 686 2139 Episcopus
704 2096 838 2131 adducit
850 2095 939 2130 illius
950 2095 1087 2138 speciem

207 2144 244 2180 ἀ
255 2144 432 2180 Canonem
442 2170 453 2187 ,
478 2156 550 2189 quae
570 2146 632 2180 effe
650 2145 732 2180 dicit
756 2147 775 2180 a
788 2146 965 2180 Bonifacio
978 2144 1064 2189 Papa
1077 2170 1088 2186 ,

209 2195 322 2240 utique
331 2195 431 2230 tertio
442 2205 499 2230 aut
510 2206 627 2239 quarto
641 2222 649 2229 .
670 2195 844 2245 Qidquid
859 2197 895 2231 fit
906 2221 917 2237 ‚
943 2195 989 2230 est
1002 2206 1089 2230 vetu-

209 2244 277 2286 sta,
302 2246 336 2279 &
345 2245 413 2289 ejus
424 2247 588 2281 austorem
602 2247 792 2291 ignoramus
804 2272 812 2280 .

259 2293 377 2330 Praeter
396 2296 497 2338 ipsam
521 2297 584 2331 fuit
604 2297 688 2331 olim
705 2296 739 2330 ὅ(
761 2297 825 2331 alia
849 2295 993 2335 exafflo,
1019 2294 1086 2329 fieri

207 2343 365 2378 consueta
378 2343 413 2377 in
423 2344 490 2387 ipsa
503 2345 715 2381 Confeffione
727 2369 738 2384 ,
762 2355 818 2380 aut
832 2345 1090 2380 Reconciliatio-

208 2404 253 2428 πε
263 2417 271 2425 .
299 2393 379 2427 Erat
392 2392 588 2437 stipendium
598 2419 609 2434 ,
623 2395 849 2430 Honoras-ium
862 2420 873 2436 ,
886 2404 942 2430 aut
953 2395 1087 2430 xenium

208 2442 353 2476 Ministri
365 2443 569 2488 injungentis
581 2444 812 2480 Poenitentiam
824 2470 834 2486 ,
859 2445 1088 2480 Reconcilian-

208 2493 272 2533 tis,
298 2502 354 2527 aut
377 2491 464 2527 certe
475 2492 517 2528 ad
541 2495 867 2530 Reconciliationem
876 2495 1086 2531 adducentis.

207 2543 304 2577 Olim
315 2543 407 2579 enim
417 2554 532 2578 omnes
543 2545 730 2588 graviorum
743 2556 951 2588 peccatorum
971 2546 1015 2580 rei
1030 2546 1090 2580 im-

211 2593 346 2634 positam
358 2593 413 2627 sibi
425 2594 443 2628 a
457 2593 658 2637 Presbyteris
668 2596 919 2630 satisfactionem
932 2594 1089 2639 adimple-

214 2650 248 2674 re
257 2641 456 2686 cogebantur
477 2654 553 2679 ante
563 2645 887 2681 Reconciliationem
901 2670 912 2686 ‚
938 2657 1008 2689 quae
1020 2657 1088 2680 om-

217 2688 310 2723 nibus
321 2693 412 2726 fimul
433 2705 488 2737 per
497 2693 663 2729 Patochos
675 2694 819 2730 adductis
842 2695 1087 2739 impendebatur

217 2736 260 2770 ab
279 2737 435 2794 Episcopo
454 2745 489 2778 in
508 2747 622 2787 quinta
642 2746 719 2779 feria
742 2746 931 2781 Dominicae
955 2746 1068 2780 Coenae
1081 2771 1088 2779 .

217 2785 371 2842 Apaucis
390 2792 506 2827 saeculis
529 2794 622 2829 defiit
643 2795 702 2829 ista
715 2796 936 2831 consuetudo.
964 2795 1090 2830 Adver-

216 2834 270 2868 δὺδ
280 2835 396 2891 ῴᾶᾶῐῦ
409 2843 606 2878 exactionem
627 2845 738 2880 statuit
747 2846 782 2879 in
795 2847 851 2880 suo
875 2847 915 2881 ad
926 2844 1089 2881 Parochos

216 2885 398 2927 Capitulari
411 2886 482 2921 Leo
494 2890 578 2935 Papa
588 2905 736 2937 quartus:
762 2898 876 2930 Nullus
897 2896 1024 2937 vestrum
1032 2905 1089 2938 pro

216 2933 342 2976 infirmis
365 2940 584 2973 reconciliandis
601 2950 758 2984 pra-mium
779 2956 833 2980 aut
845 2958 954 2980 mum„
965 2954 1067 2991 exigat
1081 2971 1088 2979 ,

217 2985 331 3018 Nullus
348 2987 449 3018 minus
479 2989 567 3033 digne
598 2994 790 3029 Poem'tentem
818 2996 1021 3040 cuiuscumque
1045 3003 1089 3031 rei

214 3040 319 3077 gratia
348 3036 393 3068 ad
418 3038 683 3075 Reconciliationem
714 3047 847 3080 adducat
870 3072 881 3088 ,
921 3049 955 3082 (w
976 3052 1002 3081 et
1032 3051 1087 3081 Re-

216 3085 424 3118 conciliationis
448 3086 640 3124 testimonium
653 3090 769 3131 faciat.
794 3095 899 3144 Qod
921 3098 1025 3141 ipsum
1034 3095 1088 3131 ha-

217 3132 274 3167 bet
294 3134 445 3177 antiquus
478 3137 574 3172 Ordo
605 3139 776 3176 Romanus
796 3169 803 3176 .
830 3147 978 3194 Qisque
1004 3148 1088 3182 olim

216 3182 385 3218 PMOChUS
409 3185 466 3220 suo
479 3210 490 3227 2
515 3199 612 3232 quem
626 3190 789 3235 Episcopo
809 3197 1088 3232 reconciliandum

217 3232 416 3275 adducebat,
441 3235 645 3272 Parochiano
653 3239 748 3275 dabat
760 3242 931 3286 impartitae
946 3257 1002 3289 per
1013 3247 1089 3290 Epi.

215 3283 350 3328 scopum
373 3283 665 3323 Reconciliationis
695 3290 928 3329 testimoniales
950 3295 1089 3330 litteras.

214 3333 262 3368 Et
285 3333 344 3368 sub
371 3335 534 3380 Gregorio
557 3349 672 3381 quarto
697 3340 778 3376 fasta
795 3343 885 3378 sexta
909 3345 1090 3381 Parifienfis

215 3383 369 3426 Synodus
379 3387 545 3420 Sacerdotes
557 3411 568 3427 ,
593 3394 642 3430 qui
652 3397 783 3425 muneris
794 3393 883 3438 causa
901 3403 1035 3437 tempora
1058 3398 1092 3431 et

218 3435 334 3469 modum
356 3437 544 3471 Poenitentiae
564 3440 609 3472 ad
629 3439 744 3474 libitum
763 3448 980 3480 paena-entium
1016 3448 1091 3480 {nd}-

1887 178 2012 226 71.

1145 251 1215 278 cunt
1225 269 1236 286 ,
1262 245 1369 289 culpat
1379 244 1559 289 gravissime
1567 270 1577 285 ,
1590 243 1629 280 ad
1635 245 1738 279 serens
1745 256 1801 279 eos
1812 255 1896 282 vana
1907 246 2020 290 loqui,

1147 296 1179 329 &
1190 295 1336 329 divinare
1358 294 1562 330 mendacium
1574 319 1582 328 .
1611 295 1655 330 Et
1666 294 1701 327 in
1723 297 1780 328 suo
1793 295 2019 332 parochorum

1148 344 1329 387 Capitulari
1356 346 1556 381 Hincmarus
1589 344 1805 387 Metropolim
1829 346 2020 383 Remenfis:

1150 398 1248 428 Nemo
1260 395 1500 434 Presbyterorum
1510 398 1530 428 ἃ
1544 405 1714 438 quocumque
1724 397 1886 430 Poenitente
1896 406 1948 429 aut
1952 410 2022 442 gra·
2039 400 2068 430 L.
2077 409 2099 429 1.
2111 408 2135 431 c.
2150 410 2159 430 ι
2166 409 2192 437 3.

1146 449 1221 476 tiam
1232 466 1243 482 ‚
1267 453 1320 478 aut
1325 444 1466 486 favorem
1476 471 1486 486 ‚
1512 455 1566 478 aut
1580 457 1685 479 munus
1691 443 2022 489 fitsciperepraesumat‚

1146 503 1199 527 aut
1229 495 1329 528 minus
1352 496 1441 538 digne
1465 498 1657 528 Pte-nitentem
1688 496 1734 528 ad
1752 497 2022 530 &conciliationem

1147 545 1300 586 adducat,
1325 554 1378 577 aut
1387 551 1416 579 et·
1427 545 1618 585 testimonium
1631 549 1884 580 Reconciliationis
1897 546 2020 588 faciat.

1149 594 1311 628 Adfirmat
1321 595 1383 629 effe
1406 595 1482 628 Deo
1502 595 1535 627 &
1548 592 1739 629 hominibus
1763 595 2020 631 abominabilem

1148 644 1329 679 Simoniam
1350 668 1357 676 .
1385 644 1429 677 Et
1453 645 1487 676 in
1504 643 1685 686 Capitulari
1711 645 1752 678 ad
1776 645 2021 681 Archi-Diam·-

1147 705 1208 728 nos
1220 708 1230 728 :
1256 696 1371 728 Soliciti?
1379 695 1536 736 providete
1547 716 1562 731 r
1582 704 1617 726 ne
1628 705 1683 726 vos
1696 697 1748 727 vel
1760 697 1923 735 Presbyteri
1934 699 2023 741 negli-
2041 711 2073 743 ι,
2080 719 2108 747 9,
2132 719 2157 741 c·

1142 753 1246 788 genter
1258 747 1439 778 Pia-nitentes
1446 752 1503 785 pro
1515 745 1614 785 aliquo
1624 755 1743 777 munere
1756 745 1801 776 ad
1812 748 2022 780 Paenitentiam

1148 796 1307 828 adducatis
1329 818 1340 834 ‚
1361 795 1415 827 vel
1426 794 1490 835 post
1511 795 1783 827 Reconciliationem
1809 805 1856 827 eos
1894 797 2024 840 negliga-

1147 851 1188 877 tis
1201 868 1211 884 ,
1237 845 1316 886 quod
1334 846 1527 877 simoniacum
1544 843 1600 883 est.
1629 843 1848 878 Reconciliati
1870 845 1960 878 enim
1971 857 2027 888 per

1149 894 1350 938 Episcopum
1373 893 1578 928 Poenitentes
1602 894 1779 928 manebant
1804 905 1861 938 per
1893 894 2029 936 aliquod

1148 954 1274 988 tempus
1285 944 1343 978 sub
1354 944 1505 988 singulari
1515 943 1617 978 ferula
1632 946 1765 979 suorum
1777 942 2004 979 parochorum
2017 970 2030 986 ,

1148 995 1165 1028 a
1190 994 1308 1038 quibus
1329 994 1478 1037 quetidie
1510 994 1753 1029 instruebantur
1772 1006 1940 1038 acceptam
1965 995 2032 1028 Re-

1148 1044 1392 1079 conciliationis
1410 1044 1550 1089 gratiam
1575 1056 1650 1078 cum
1664 1046 1775 1079 multae
1795 1044 2032 1080 sollicitudinis

1147 1094 1273 1129 cautela
1299 1094 1462 1129 custodire
1482 1120 1489 1127 .
1517 1095 1629 1129 Etiam
1649 1095 1882 1130 Hedenulfum
1907 1119 1918 1136 ,
1945 1094 2032 1130 Lau·

1148 1145 1297 1179 dunensis
1311 1145 1459 1179 Ecclefiae
1470 1144 1618 1179 Electum
1629 1168 1640 1185 ‚
1664 1154 1841 1190 antequam
1862 1146 2033 1180 consecra-

1149 1204 1217 1236 ret,
1243 1194 1391 1230 laudatus
1402 1195 1607 1230 Hincmarus
1617 1196 1780 1239 compulit
1798 1194 1840 1229 ad
1852 1194 2034 1230 solemnem

1149 1239 1301 1278 similium
1310 1246 1515 1280 exaffionum
1525 1246 1750 1290 ejerationem.
1778 1246 1818 1280 In
1833 1246 1980 1280 suoitem
1992 1245 2035 1279 ad

1150 1294 1314 1329 Parochos
1328 1295 1512 1339 Capitulari
1534 1295 1646 1330 scribit
1667 1296 1833 1330 Herardus
1861 1294 2033 1339 Archiepi-

1152 1346 1266 1388 scopus
1288 1346 1493 1380 Turonensis
1511 1359 1519 1378 :
1548 1345 1714 1384 Presbyteri
1737 1346 1910 1389 regulariter
1935 1348 2035 1378 Poeni-
2052 1363 2123 1399 Cap,
2143 1364 2191 1394 87·

1150 1401 1261 1429 tentias
1283 1396 1372 1435 dent,
1397 1397 1432 1430 6·
1450 1397 1657 1438 injudicando
1682 1401 1856 1438 aequitatem
1877 1395 2009 1428 habeant
2021 1420 2033 1437 ‚

1152 1447 1316 1479 &munera
1328 1447 1399 1478 inde
1420 1456 1478 1477 non
1498 1450 1640 1487 exigant.
1671 1445 1713 1479 Et
1728 1446 1882 1479 Riculfus
1899 1446 2036 1487 Episco-

1152 1507 1211 1538 pus
1221 1494 1464 1529 Sueffionenfis:
1493 1495 1625 1527 Videant
1637 1505 1673 1526 ne
1692 1496 1804 1526 simoni
1817 1498 1904 1538 Mago
1928 1496 2037 1538 &Ju-

2172 721 2199 751 9.

1153 1546 1201 1578 dae
1225 1546 1366 1577 traditori
1388 1544 1552 1585 efficiantur
1570 1542 1678 1584 fimiles
1693 1568 1703 1583 ‚
1722 1543 1754 1585 fi
1766 1552 1822 1586 pro
1827 1550 1927 1586 pretio
1939 1546 2038 1578 Pami-

1152 1602 1245 1628 temes
1266 1603 1337 1627 ante
1347 1602 1460 1636 tempus
1482 1595 1526 1626 ad
1537 1595 1807 1627 Reconciliationem
1827 1596 2037 1636 adduxerint,

1151 1646 1185 1679 6
1197 1650 1239 1679 eis
1247 1652 1304 1687 pro
1314 1646 1556 1678 Reconciliatione
1566 1644 1750 1684 :estmenium
1767 1646 1905 1678 dederint
1917 1670 1925 1677 .

1201 1694 1411 1739 iniquitatem
1424 1692 1510 1729 hanc
1523 1694 1585 1729 effe
1596 1695 1698 1739 longe
1719 1695 1941 1738 antiquiorem
1952 1720 1962 1736 ,
1990 1695 2037 1730 lu-

1151 1753 1203 1779 cet
1227 1756 1268 1778 ex
1281 1747 1388 1780 Sansti
1400 1745 1605 1788 Hieronymi
1627 1746 1667 1778 ad
1684 1745 1817 1779 Eusebii
1830 1746 2035 1781 Caesareenfis

1153 1795 1349 1830 Chronicon
1362 1794 1540 1839 appendice
1554 1808 1561 1828 ε
1574 1796 1768 1829 Alexandri-e
1779 1795 1848 1839 post
1868 1796 2035 1841 Magnum

1154 1844 1369 1881 Athanasium
1391 1847 1546 1879 ordinatur
1567 1844 1731 1889 Episcopus
1746 1849 1874 1887 Petrus,
1900 1852 1952 1888 qui
1970 1846 2037 1888 post

1153 1896 1290 1930 Valentis
1301 1902 1457 1931 interitum
1468 1906 1532 1931 tam
1545 1896 1677 1938 affabilis
1698 1902 1731 1930 in
1742 1898 1918 1939 recipiendis
1940 1896 2038 1930 baere-

1153 1952 1217 1980 ticis
1223 1946 1310 1989 fuit,
1339 1957 1372 1981 ut
1386 1948 1533 1981 nonnullis
1551 1946 1743 1991 suspicionem
1766 1953 2037 1990 acceptaepecuniae

1153 1998 1303 2031 intulerit.
1333 1996 1438 2045 Qod
1462 1998 1581 2034 vitium
1603 1999 1703 2035 etiam
1729 1999 1763 2033 in
1775 1997 1931 2042 Zozymo
1941 1997 2040 2032 Pelu-
2058 2020 2085 2047 L·
2099 2026 2125 2052 3·
2142 2019 2191 2053 Ep.

1153 2047 1267 2081 sioticae
1290 2048 1439 2081 Ecclefiae
1451 2046 1644 2090 Presbytero
1665 2057 1779 2090 notat,
1806 2060 1844 2083 ac
1855 2049 2040 2094 graviffime
2060 2063 2124 2088 260.

1152 2097 1285 2131 damnat
1295 2096 1432 2131 Isidorus
1443 2097 1607 2133 pelusiota
1621 2123 1631 2138 ,
1656 2097 1884 2133 demonstrans
1902 2099 2039 2140 ejusmo-

1152 2147 1186 2181 di
1199 2147 1442 2182 absolutionem
1455 2150 1518 2183 effe
1528 2149 1652 2183 irritam
1675 2160 1712 2182 ac
1725 2147 1848 2182 nullam
1859 2173 1867 2180 .
1896 2148 1939 2181 Et
1952 2145 2040 2183 hanc

1154 2197 1254 2231 solam
1265 2198 1468 2233 exactionem
1491 2198 1626 2231 sanstus
1649 2198 1815 2231 Rudolfus
1840 2198 2040 2242 Eugubinus

1154 2247 1331 2291 Episcopus
1343 2248 1435 2290 poffit
1450 2249 1591 2281 corvinae
1610 2246 1830 2291 improbitatis
1854 2248 2038 2282 damnasse.

1153 2296 1364 2331 Peffimorum
1388 2299 1420 2330 in
1433 2298 1548 2342 grandi
1574 2296 1638 2330 hoc
1651 2298 1859 2332 Sacramento
1879 2297 2040 2333 abusuum

1151 2348 1315 2393 originem
1340 2347 1374 2380 &
1402 2349 1531 2381 causam
1551 2347 1646 2381 fuisse
1668 2348 1757 2382 vides
1778 2348 1871 2382 istam
1900 2349 2041 2383 exastio·

1153 2408 1238 2438 nem,
1251 2398 1391 2441 ideoque
1403 2398 1521 2431 merito
1535 2397 1722 2432 damnatam
1737 2423 1744 2430 .
1773 2398 1914 2433 Laudati
1927 2409 2039 2432 tamen

1152 2447 1330 2491 Episcopi,
1358 2448 1449 2490 juxta
1461 2448 1551 2482 istius
1563 2449 1718 2491 temporis
1730 2448 1905 2483 Canonem
1918 2449 1952 2482 in
1965 2449 2041 2482 aliis

1151 2498 1363 2532 Sacramentis
1387 2499 1604 2538 consuetum,
1631 2499 1801 2542 permisere
1824 2500 2040 2541 spontaneam

1151 2548 1392 2582 Poenitentium
1413 2547 1616 2582 oblationem
1646 2573 1657 2589 ‚
1684 2548 1726 2582 de
1746 2559 1809 2591 qua
1836 2549 1875 2582 ad
1899 2549 2038 2582 Petrum

1151 2599 1387 2632 Santonensem
1407 2597 1607 2642 Episcopum
1630 2623 1640 2638 ,
1665 2599 1701 2632 δε
1728 2597 1946 2633 Goscelinum
1970 2598 2038 2640 ejus

1151 2646 1458 2682 Archi-Diaconum
1471 2649 1581 2684 scribit
1595 2648 1769 2683 Goffredus
1784 2648 1895 2683 Abbas
1909 2649 2039 2683 Vindo-

1150 2698 1287 2732 cinensis
1300 2713 1311 2732 .-
1339 2701 1486 2732 Pervenit
1512 2701 1557 2732 ad
1576 2711 1628 2732 nos
1649 2724 1659 2739 ,
1685 2701 1766 2742 quod
1785 2699 1944 2732 oblationes
1966 2710 2037 2731 con-
2056 2706 2081 2733 L-
2096 2715 2122 2741 3·
2137 2708 2191 2745 Ep.

1144 2748 1296 2790 fefflonum
1318 2754 1352 2781 in
1373 2748 1500 2789 Ecclesia
1520 2751 1723 2792 surgeriarum
1744 2749 1826 2782 nobis
1852 2747 2006 2790 abstulistis
2028 2773 2034 2780 .
2053 2756 2100 2780 40·

1151 2800 1244 2842 ,Quod
1259 2796 1342 2839 fiita
1352 2810 1404 2831 nos
1428 2797 1559 2841 absentes
1573 2801 1610 2832 de
1635 2798 1707 2839 boc,
1733 2800 1815 2840 quod
1831 2808 1889 2841 per
1909 2803 2036 2841 triginta

1150 2859 1242 2882 annos
1263 2850 1343 2883 nullo
1369 2847 1514 2892 Epifi‘opo
1536 2850 1587 2882 vel
1599 2849 1831 2882 Archi-Diacono
1857 2850 2036 2882 reclamante

1151 2904 1299 2933 tenuimus
1318 2924 1329 2940 ‚
1369 2909 1459 2942 atque
1482 2903 1682 2932 Romanorum
1711 2899 1886 2942 Pontificum
1912 2900 2033 2931 licentia

2058 1824 2108 1852 An.
2126 1833 2192 1860 377.

1151 2948 1231 2982 nobis
1242 2950 1393 2994 concessum
1413 2949 1450 2989 est
1462 2973 1473 2989 ,
1499 2949 1691 2990 exinvestistis
1704 2975 1715 2990 ‚
1742 2952 1776 2984 ἐν
1788 2948 1955 2986 Prvsbytero
1986 2958 2034 2980 no-

1144 2998 1204 3038 stro
1217 3023 1228 3039 ,
1253 3001 1332 3042 quod
1346 2999 1470 3039 nostrum
1493 3010 1559 3033 erat
1574 3025 1585 3040 ‚
1610 3001 1692 3033 nobis
1715 2998 1879 3033 nolentibus
1901 3019 1912 3035 ‚
1936 3005 2037 3030 contu-

1151 3049 1223 3089 listis
1233 3072 1243 3087 ‚
1270 3061 1320 3084 nec
1331 3050 1515 3084 dileilionem
1526 3050 1608 3083 nobis
1629 3048 1797 3088 exhibuistis
1809 3073 1820 3089 ‚
1846 3058 1897 3081 nec
1907 3046 2034 3080 dilefflo-

1152 3097 1346 3141 nisspeciem.
1373 3099 1494 3134 Multis
1506 3099 1687 3142 expostulat
1706 3097 1855 3132 adversus
1877 3097 1970 3130 istam
1985 3098 2033 3130 in»

1151 3149 1266 3193 juriam
1278 3173 1289 3188 ,
1310 3150 1343 3182 ὃς
1357 3148 1506 3193 adjungit
1515 3162 1527 3180 .-
1556 3151 1588 3194 Si
1598 3149 1699 3182 dicim
1711 3149 1790 3190 quod
1797 3148 1845 3180 ille
1855 3147 2032 3180 oblationem

1151 3199 1323 3241 confeffionis
1346 3197 1454 3231 habere
1475 3197 1562 3230 debet
1573 3222 1583 3238 ,
1609 3205 1654 3231 cui
1680 3201 1830 3231 Poenitens
1849 3197 2007 3240 confitetur
2018 3220 2030 3236 ,

1146 3249 1233 3292 simili
1255 3250 1338 3281 modo
1357 3249 1451 3280 dicere
1467 3246 1588 3287 potestis
1619 3271 1630 3288 ,
1655 3257 1688 3281 ut
1709 3248 1885 3281 oblationem
1912 3249 2030 3281 altaris

1154 3299 1261 3333 babeat
1273 3301 1292 3329 ἃ
1301 3309 1356 3339 quo
1368 3297 1451 3339 Missa
1463 3306 1617 3337 cantatur,
1647 3300 1681 3331 &
1694 3297 1868 3332 oblationem
1891 3303 1997 3331 mortui
2010 3299 2031 3330 ἆ

1155 3360 1208 3392 quo
1220 3356 1347 3381 mortuus
1355 3345 1495 3389 sepelitur
1507 3371 1518 3388 ‚
1541 3346 1618 3389 &fic
1632 3348 1764 3388 Minister
1777 3349 1866 3390 noster
1876 3358 1971 3381 totum
1983 3357 2029 3380 ac-

1155 3405 1247 3441 cipiat
1257 3423 1266 3437 ,
1292 3405 1325 3430 ut
1337 3397 1414 3430 nibil
1420 3398 1599 3431 oblationum
1609 3404 1641 3431 in
1653 3398 1786 3440 Ecclefiis
1797 3423 1808 3439 ‚
1819 3398 1922 3441 quibus
1934 3399 1982 3430 die
1995 3397 2030 3429 (⁸5

1156 3445 1385 3491 nodeservimus
1397 3447 1499 3490 ,nobis
1512 3448 1661 3492 relinquat
1671 3475 1680 3483 .
1694 3447 1839 3495 Vigebat
1853 3458 1930 3483 tunc
1944 3454 2029 3485 mos>

1914 3505 1982 3538 quo
