2352 3736
160 273 220 305 nh.
247 282 272 309 3.

159 317 210 352 Ep.
227 324 271 350 45.

398 127 464 172 40

331 194 480 230 Anselmi
493 192 735 228 Cantuarienfis
747 190 991 234 Archiepiscopi
1004 188 1203 223 relationem:

329 247 375 280 De
396 246 584 278 sacerdotum
600 242 675 284 filiis
702 242 753 276 vel
767 242 1004 275 concubinarum
1018 263 1028 279 ,
1055 244 1104 281 qus·
1125 238 1204 283 quos-

325 297 403 328 dam
414 295 479 328 olim
485 293 600 336 gradus
613 300 785 335 acceperunt
797 315 807 331 ,
824 293 858 325 ὁ*
873 291 976 323 volunt
985 294 1101 321 omnino
1110 291 1205 324 redire

327 346 374 378 ad
382 344 604 378 immunditiam
610 342 710 387 saeculi
720 365 732 381 ‚
756 339 813 382 m'st‘
818 341 863 371 ad
872 339 996 379 majores
1014 347 1205 380 promovean-

330 405 402 434 tur,
425 399 606 436 promittunt
628 389 789 434 religiosam
800 394 917 427 vitam,
945 389 1019 431 quid
1037 391 1206 434 agendum?

328 443 513 487 Respondit
524 441 685 477 paschaiis
696 437 873 472 secundus:
901 441 948 472 De
973 441 1161 474 sacerdotum
1172 440 1206 482 fi-

327 494 379 526 liis
392 496 443 530 vel
453 492 682 526 concubinarum
692 512 703 528 ‚
735 499 824 528 quam
837 494 937 522 vitam
950 491 1110 522 tenendam
1122 493 1205 523 Prae-

325 544 478 587 decessores
504 540 588 580 nostri
610 539 695 573 sedis
716 536 881 580 Apostolrcae
902 539 1058 581 Pontifices
1081 539 1204 580 institue-

327 603 419 633 runt,
447 592 516 632 noffe
536 599 566 623 te
590 590 735 622 credimus
747 613 754 620 .
783 592 849 622 Nec
868 600 920 622 nos
931 588 968 621 ab
991 591 1103 625 illorum
1119 592 1203 624 volu-

327 654 392 680 mus
403 641 542 674 aberrare
551 638 679 682 vestigas
693 663 701 672 .
730 639 823 682 ,Quod
829 645 919 683 igitur
932 639 986 672 tibi
992 638 1083 681 fhper
1109 639 1201 672 bisin

325 692 460 725 barbaris
470 689 632 734 regionibus
645 687 684 730 fit
705 688 940 732 disponendum,
965 701 1004 722 ex
1028 688 1114 731 ipfius
1123 698 1202 731 prae·

323 746 412 782 ceptis
420 746 533 784 poteris
543 741 692 774 collatione
704 739 878 783 distinguere
891 764 898 771 .
926 738 1007 773 Non
1022 740 1120 773 solius
1131 740 1200 775 Ur-

321 791 419 833 bani,
450 791 504 834 sed
529 791 562 824 &
582 789 721 825 aliorum
745 788 1009 824 Praedecefforum
1031 799 1123 834 urget
1134 791 1199 824 De-

320 851 430 882 creta,
456 852 525 885 quae
544 840 683 874 urbano
701 838 842 873 debeant
864 839 927 873 eise
943 840 1127 883 antiquiora
1141 865 1148 873 .

370 891 570 935 Respondeo
591 901 660 924 non
685 889 760 924 effe.
789 890 895 924 Lucet
915 900 956 925 ex
967 887 1032 924 huc
1045 890 1141 933 usque
1153 889 1198 925 di-

320 943 404 981 ctis,
432 953 470 976 ac
480 941 608 983 insuper
618 951 659 974 ex
669 937 862 974 Theobaldi
874 939 1066 984 Stampensis
1091 940 1198 983 dispu-

319 993 446 1032 tatione
464 989 615 1026 adversus
638 990 851 1025 Roscelinum
879 990 1175 1032 Compendiensem
1191 1015 1198 1022 .

318 1042 421 1077 Hunc
432 1067 443 1083 ‚
469 1041 560 1087 quod
571 1039 782 1076 Sacerdotum
795 1039 881 1074 filios
894 1063 906 1080 ,
933 1040 967 1073 δε
980 1039 1061 1073 alios
1078 1051 1119 1073 ex
1134 1040 1198 1072 car*-

317 1093 369 1125 nis
389 1093 478 1135 lapsu
502 1101 674 1135 generatos
697 1091 881 1124 asseveraret
903 1089 1032 1134 exleges
1048 1114 1059 1130 ,
1083 1090 1138 1123 ille
1157 1088 1198 1122 de

317 1140 501 1186 improvida
514 1141 597 1176 ultra
609 1139 815 1176 sobrietatem
829 1140 986 1184 sapientia
1008 1151 1045 1174 ac
1055 1139 1096 1174 de
1116 1139 1199 1173 anti·

316 1203 458 1237 quorum
472 1192 650 1228 Canonum
662 1192 925 1236 praevaricatione
935 1191 1044 1235 arguit
1056 1214 1067 1230 ‚
1093 1189 1196 1223 afferit

314 1255 355 1279 ex
367 1242 527 1278 Bastardis
541 1243 689 1278 Ecclefiae
700 1242 881 1286 proveniffe
898 1242 1042 1275 summos
1055 1239 1138 1272 olim
1161 1239 1195 1274 &

316 1291 475 1339 plurimos
497 1294 698 1338 Episcopos‚
722 1303 799 1327 cum
821 1290 999 1326 Leofstano
1013 1289 1121 1324 Sancti
1137 1288 1195 1322 Al-

316 1344 392 1380 bani
415 1345 547 1383 Abbate
570 1345 639 1385 vult
660 1343 796 1376 vitiosos
819 1341 853 1374 in
877 1341 951 1384 ipsis
973 1340 1092 1374 natales
1104 1337 1196 1382 plene

312 1395 444 1439 purgari
466 1405 521 1437 per
531 1393 755 1436 Baptismum,
784 1391 819 1425 δε
843 1389 1017 1434 adjungit:
1045 1391 1197 1433 ‚Quodna-

312 1453 374 1479 tem
396 1445 585 1477 sacerdotum
607 1441 662 1483 filii
684 1442 725 1474 ab
745 1440 898 1474 ordinibus
920 1440 1131 1480 reprobentur,
1157 1450 1196 1477 ex

315 1499 408 1538 rigore
416 1491 662 1535 justitiaefallum
681 1490 740 1530 est,
760 1487 820 1531 sed
830 1489 910 1522 nullo
921 1490 1005 1522 modo
1018 1489 1194 1529 justumest.

312 1543 442 1580 Lucide
453 1553 542 1578 taxat
555 1541 690 1576 Urbani
702 1539 835 1575 secundi
847 1539 1020 1573 Canonem
1034 1564 1043 1579 ‚
1072 1540 1119 1573 uti
1134 1539 1196 1572 ini-

312 1604 416 1638 quum
429 1594 525 1638 hujus
537 1591 692 1627 novitatis
703 1588 873 1626 authorem
886 1614 893 1621 .
922 1588 966 1622 Et
981 1589 1085 1633 pergit
1100 1602 1106 1621 :
1123 1591 1196 1632 ,Qua

315 1651 407 1689 igitur
425 1644 532 1687 fronte
545 1643 668 1686 quidam
678 1641 899 1681 homunciones,
927 1650 987 1672 non
992 1639 1120 1681 palam,
1141 1637 1198 1682 sed

314 1694 475 1729 &latibulis
495 1694 664 1736 loquentes,
688 1694 830 1726 &totam
870 1694 1073 1731 Campaniam
1097 1687 1196 1722 libidi-

315 1743 386 1788 nosa
405 1749 643 1788 peregrinatione
659 1745 826 1784 polluentes
840 1764 851 1779 ,
877 1741 1016 1783 indignos
1039 1739 1197 1772 sacerdotii

315 1796 455 1839 judicant
470 1820 479 1836 ,
505 1805 574 1837 quos
590 1796 698 1827 Petrus
721 1793 901 1835 &joannes
926 1789 1018 1833 regali
1029 1789 1194 1822 sacerdotio

315 1847 419 1889 dignos
439 1846 490 1888 effe
513 1844 688 1886 confirmant
700 1842 715 1873 ἓ
742 1840 997 1875 Monachisillis
1014 1864 1025 1880 ‚
1051 1839 1108 1882 qui
1119 1839 1197 1873 Gre-

313 1895 402 1940 gorii
412 1894 538 1937 septimi
549 1893 719 1928 adversum
732 1892 937 1925 Simoniacos
958 1890 992 1924 &
1002 1889 1196 1933 conjugatos

315 1945 464 1980 Clericos
485 1945 623 1978 Decreta
646 1941 851 1986 divulgarant
867 1966 877 1982 ,
908 1940 949 1975 ad
970 1938 1074 1974 hocce
1095 1939 1196 1973 etiam

315 1993 555 2038 divulgandum
569 1995 643 2028 usus
662 1993 756 2028 fuisse
767 1991 892 2026 videtur
906 1989 1067 2025 Urbanus
1081 2013 1091 2029 ,
1116 1990 1150 2023 &
1162 1989 1197 2023 in

315 2045 403 2089 ipsos
415 2045 468 2079 hic
479 2043 660 2078 declamare
669 2039 895 2076 Theobaldus.
921 2040 1053 2073 Fundat
1065 2040 1096 2072 so
1109 2039 1141 2071 in
1153 2049 1198 2071 ar-

315 2094 720 2140 gumentisineptiffimis‚
745 2103 814 2136 quae
824 2100 935 2124 tamen
956 2088 1070 2122 omnia
1083 2088 1198 2130 suppo-

317 2155 400 2180 nunt
420 2146 600 2180 Decretum
621 2142 685 2177 hoc
698 2143 760 2176 effe
782 2140 984 2174 hesternum.
1012 2138 1084 2172 Nec
1108 2135 1197 2171 obest

314 2195 453 2228 Isidorus
475 2195 639 2228 Pelusiota
653 2208 664 2227 :
690 2190 929 2225 Martinianum
951 2188 1043 2222 enim
1067 2197 1135 2221 non
1158 2185 1199 2221 de

317 2245 489 2290 illegitima
503 2268 512 2283 ‚
540 2245 593 2277 sed
605 2244 645 2277 de
656 2242 821 2287 peregrina
834 2238 942 2284 arguit
954 2238 1083 2281 origine
1098 2261 1109 2276 ‚
1135 2246 1198 2279 qua

316 2296 400 2330 olim
423 2305 522 2339 quem
543 2294 636 2327 fuisse
655 2291 862 2335 irregularem
884 2288 1006 2322 docent
1025 2298 1101 2320 cum
1124 2286 1197 2319 aliis

319 2346 433 2381 multis
453 2345 606 2379 canones
631 2340 808 2375 Eliberini.
836 2338 970 2382 Spurios
995 2338 1028 2369 in
1041 2336 1197 2369 Romano

322 2396 465 2439 Imperio
483 2396 586 2428 fateor
607 2392 699 2425 fuisse
720 2389 857 2423 infames
878 2388 911 2421 δε
924 2386 1023 2420 viles:
1051 2395 1196 2419 attamen

319 2447 375 2490 qui
386 2445 483 2479 bonis
495 2442 640 2478 moribus
654 2451 788 2485 purgare
800 2438 924 2482 poffent
939 2436 1055 2469 vitium
1066 2459 1077 2475 ,
1101 2443 1198 2477 atque

319 2497 365 2536 ita
385 2496 420 2536 ὅς
447 2495 488 2532 ad
503 2491 725 2544 Reipublicae‚
751 2490 786 2529 &
809 2489 849 2524 ad
862 2486 1008 2522 Ecclefiae
1020 2482 1199 2532 dignitates

639 154 641 156 .
673 109 862 154 PRIMA
900 106 1097 153 Paooe
1118 119 1320 152 M1·AL.18
1356 109 1796 172 Dlsseitrano,

1269 186 1426 230 adspirare
1448 212 1456 220 .
1485 189 1626 225 Constat
1645 193 1735 228 enim
1766 195 1865 230 etiam
1889 195 2152 236 Constantinum

1270 238 1433 282 Magnum
1444 238 1536 273 fuisse
1547 238 1735 278 Bastardum
1749 270 1756 277 .
1784 245 1954 283 Adductus
1964 248 2150 285 Toletanus

1271 290 1389 324 Canon
1404 313 1415 329 ‚
1441 290 1647 333 nonquosvis
1658 314 1670 332 ‚
1697 294 1751 328 sed
1772 295 1858 331 solos
1871 297 2076 335 elericorum
2088 301 2150 335 Ba-

1269 338 1391 374 stardos
1402 338 1478 374 facit
1490 339 1641 374 Ecclesrae
1653 343 1758 384 servos
1768 368 1780 384 ‚
1805 346 1899 382 nullo
1923 358 2033 383 tamen
2043 351 2149 386 modo

1271 389 1473 432 irregulares.
1502 389 1588 437 Qis
1608 391 1698 425 enim
1720 394 1843 429 nesciat
1861 409 1905 432 ex
1929 399 2146 435 Ecclefiarum

1269 438 1399 473 familiis
1423 441 1544 484 semper
1557 441 1695 484 potuisse
1707 441 1854 478 Clericus
1865 446 2007 484 ordinari
2020 450 2033 482 ἔ
2060 450 2145 484 Gui-

1268 489 1376 524 bertus
1399 488 1511 524 Abbas
1530 490 1563 524 δε
1583 490 1797 526 Daimbertus
1818 493 1962 538 Legatus
1985 510 2145 543 nuperum

1264 549 1343 574 tunc
1367 539 1502 574 Urbani
1514 541 1688 575 Canonem
1709 542 1819 576 conati
1832 544 1905 578 sunt
1914 547 2144 594 qualicumque

1264 589 1417 632 exemplo
1439 588 1606 625 roborare.
1633 592 1686 625 De
1704 592 1780 626 solis
1793 593 2000 629 clericorum
2022 598 2145 633 Bastar·

1263 640 1312 673 dis
1323 641 1390 684 agit
1402 640 1500 673 etiam
1514 639 1709 676 Ratherius:
1735 655 1794 677 nec
1823 643 1948 678 editum
1960 646 2146 683 laudaeCa-

1263 700 1408 729 nonem,
1434 690 1486 724 sed
1507 701 1598 733 optat
1621 691 1786 727 edendum
1810 717 1817 725 .
1844 694 1949 730 Lucet
1972 706 2014 730 ex
2036 697 2143 733 Sansti

1265 738 1509 781 Adelberonis‚
1536 741 1691 775 coaetanci
1712 742 1867 778 Metenfis
1885 745 2061 789 Episcopi,
2087 759 2146 791 op·

1264 790 1361 833 polita
1386 790 1546 824 sententia
1559 814 1571 830 ,
1596 791 1637 826 de
1657 802 1720 835 qua
1741 791 1828 836 apud
1848 793 2039 839 Philippum
2060 796 2145 831 Lab-

1263 839 1364 875 baeum
1375 841 1511 883 antiqua
1523 840 1591 884 ejus
1601 849 1697 885 atque
1707 843 1894 878 authentica
1906 846 1973 879 vita
1986 860 1997 879 :
2024 845 2145 889 Episco-

1260 896 1292 931 pi
1297 888 1346 933 sui
1356 896 1494 931 temporis
1509 915 1520 931 ‚
1548 890 1886 935 aliquifastusuperbiae
1898 919 1909 935 ‚
1931 897 2024 938 aliqui
2030 895 2143 938 simpli-

1262 947 1349 973 citate
1367 942 1462 974 cordis
1477 965 1489 980 ,
1509 941 1589 983 filios
1607 943 1794 976 Sacerdorum
1817 945 1861 977 ad
1875 943 1979 987 sacros
2012 947 2144 981 ordines

1262 992 1420 1024 admittere
1431 992 1672 1035 dedignabantur
1685 1016 1697 1033 ,
1724 1003 1773 1026 nec
1785 995 1830 1027 ad
1841 994 2025 1029 Clericatum
2040 1008 2087 1030 eos
2097 1008 2147 1031 re-

1262 1045 1356 1082 cipere
1373 1042 1504 1074 volentes
1520 1066 1528 1073 .
1557 1046 1612 1076 Hic
1625 1047 1675 1075 vir
1687 1042 1789 1077 beatus
1801 1050 1946 1079 neminem
1958 1044 2117 1089 dispiciens
2130 1070 2144 1087 ,

1263 1095 1408 1123 neminem
1413 1088 1579 1133 spernens,
1601 1093 1706 1133 pafflm
1716 1093 1832 1126 cunnos
1842 1096 2022 1138 recipiebat,
2048 1107 2144 1139 neque

1261 1138 1415 1182 personam
1427 1164 1436 1178 ‚
1462 1151 1555 1182 neque
1571 1152 1666 1183 genus
1681 1143 1790 1185 eligens
1801 1167 1813 1182 ‚
1837 1153 1891 1177 aut
1908 1147 2116 1187 praejudrcans
2129 1169 2145 1187 ‚

1260 1188 1313 1230 sed
1332 1191 1369 1222 id
1381 1197 1475 1223 mente
1493 1190 1562 1232 fixa
1574 1197 1703 1223 retinens
1715 1215 1726 1231 ,
1752 1198 1822 1234 quia
1835 1203 1893 1226 non
1903 1194 1941 1233 est
1948 1193 2143 1237 personarum

1262 1248 1391 1281 acceptor
1403 1242 1502 1278 Deus,
1522 1239 1581 1283 sed
1590 1246 1622 1273 in
1631 1247 1710 1273 omni
1713 1251 1828 1284 gente,
1856 1254 1923 1285 quae
1949 1248 2032 1277 timet
2045 1247 2144 1277 Deum

1263 1291 1295 1323 (θ’
1307 1297 1443 1331 operatur
1449 1289 1598 1330 justinam
1609 1314 1619 1330 ,
1644 1299 1780 1335 acceptus
1795 1291 1833 1330 est
1845 1293 1907 1325 illi.
1934 1293 2049 1327 Tanta
2064 1293 2144 1337 Epi-

1264 1339 1441 1382 scopalium
1454 1339 1654 1382 opinionum
1675 1341 1742 1374 fine
1755 1351 1872 1376 mutuo
1891 1343 2080 1386 praejudicio
2091 1342 2144 1377 di-

1264 1389 1387 1423 scordia
1404 1389 1509 1422 lucide
1529 1390 1638 1423 &alte
1649 1390 1769 1424 clamat
1791 1391 1920 1426 nullum
1933 1401 2020 1428 tunc.
2035 1393 2144 1428 fixum

1259 1450 1295 1472 ac
1308 1439 1519 1472 universalem
1533 1439 1625 1472 fuiffe
1637 1439 1671 1473 in
1686 1440 1827 1474 Ecclefia
1841 1441 2017 1478 Canonem
2031 1465 2039 1474 ·
2065 1444 2144 1478 San·

1259 1489 1299 1522 sti
1323 1488 1475 1522 Anselmi
1503 1488 1618 1523 ralatio
1642 1489 1712 1534 agit
1732 1488 1773 1524 de
1784 1489 1948 1525 Bastardis
1970 1491 2143 1527 noviffime

1258 1548 1334 1573 ante
1363 1537 1495 1573 Urbani
1520 1538 1652 1573 secundi
1672 1539 1812 1574 Decreta
1832 1539 1875 1573 ad
1897 1540 2022 1575 sacrum
2041 1540 2144 1576 Ordi-

1259 1600 1334 1623 nem
1352 1588 1532 1633 promods,
1560 1589 1713 1633 supponit
1734 1589 1821 1633 ipsos
1842 1598 1922 1623 tunc
1938 1590 2029 1627 fuisse
2049 1602 2142 1636 regu-

1259 1639 1336 1673 lares
1364 1663 1376 1679 ,
1412 1638 1597 1673 reclamasse
1631 1638 1800 1674 adversum
1826 1650 1930 1674 novos
1960 1641 2118 1676 Canones
2128 1663 2147 1682 ,1

1259 1686 1459 1732 praetendisse
1483 1691 1514 1722 se
1537 1689 1608 1732 ipsis
1628 1699 1696 1723 non
1718 1688 1971 1734 comprehendi,
1985 1690 2141 1734 ‚ideoque

1257 1738 1426 1773 ascendere
1450 1738 1590 1773 voluifl‘e
1613 1738 1654 1772 ad
1684 1739 1796 1774 omnia
1818 1739 1979 1783 superiora
2001 1765 2013 1781 ,
2037 1741 2144 1776 etiam

1261 1788 1493 1832 Episcopatum
1506 1814 1514 1821 .
1543 1789 1586 1823 Et
1598 1786 1677 1824 binc
1701 1801 1770 1823 non
1781 1789 1882 1828 solius
1899 1789 2059 1832 Urbani,
2084 1788 2142 1825 sed

1257 1839 1501 1874 &anteriorum
1515 1838 1717 1873 Pontificum
1739 1839 1928 1874 Sanstiones
1943 1840 1992 1878 eis
2008 1839 2137 1884 ‚objecit

1258 1887 1423 1924 paschalis
1435 1889 1613 1923 secundus.
1640 1889 1742 1935 Qod
1756 1889 1870 1923 eadem
1881 1888 1922 1923 de
1944 1891 2038 1931 causa
2047 1888 2143 1928 Gna*

1257 1938 1290 1972 lo
1313 1938 1526 1973 Belluacensis
1550 1938 1712 1982 Episopus
1733 1949 1847 1983 graves
1871 1937 1890 1972 ὲ
1910 1939 1975 1972 suis
1998 1939 2141 1972 clericis

1259 1990 1497 2032 persecutiones
1510 1987 1693 2023 sustinuerit
1704 2012 1716 2028 ,
1737 1987 1846 2025 scribit
1858 1987 2007 2023 laudatus
2026 1985 2139 2027 adhuc

1257 2038 1424 2073 Beccenfis
1438 2036 1548 2074 Abbas
1571 2036 1750 2072 Ansclmus
1770 2036 1810 2077 ad
1823 2037 2005 2075 Urbanum
2027 2037 2141 2072 secun·
2156 2048 2314 2089 1,2.13p,33

1256 2087 1358 2121 dum.
1386 2088 1515 2131 Nempe
1539 2089 1666 2130 penitus
1686 2099 1773 2122 nova
1796 2097 1876 2122 tunc
1893 2087 2140 2123 erantDecreta.

1257 2137 1315 2171 ista
1328 2161 1339 2177 ‚
1351 2137 1492 2180 ideoque
1503 2136 1651 2171 adversus
1664 2137 1806 2180 ipsorum
1814 2138 2043 2172 executionem
2055 2136 2137 2171 mul-

1257 2188 1283 2221 ti
1304 2186 1381 2221 hinc
1405 2186 1481 2226 inde
1504 2184 1722 2220 reclamabant
1739 2212 1747 2220 .
1774 2186 1969 2222 Permaneat
1986 2198 2066 2232 ergo
2075 2186 2141 2221 Ba«

1257 2236 1435 2270 stardorum
1451 2236 1492 2271 ad
1505 2237 1736 2280 Episcopatum
1748 2237 2017 2281 irregularitatem
2028 2261 2041 2279 ‚
2060 2237 2139 2270 licet

1256 2287 1423 2329 praecisum
1434 2287 1621 2331 ignoremus
1638 2286 1832 2327 exordium,
1858 2288 1922 2322 effe
1945 2287 2140 2329 antiquam,

1256 2337 1289 2370 &
1302 2334 1342 2369 ad
1364 2337 1467 2370 sacros
1479 2337 1647 2371 inferiores
1658 2336 1803 2372 Ordines
1824 2338 1994 2371 extensam
2016 2335 2057 2370 ab
2069 2335 2138 2370 Ur-

1263 2385 1347 2420 bano
1361 2386 1523 2420 secundo.
1549 2385 1635 2431 Qis
1646 2383 1686 2418 ad
1697 2385 1841 2419 minores
1860 2386 2040 2430 &primam
2065 2392 2143 2427 tout

1263 2436 1367 2474 suram
1378 2435 1558 2475 extenderit
1572 2457 1583 2477 2
1607 2435 1684 2472 item
1697 2436 1817 2485 ignoro
1827 2458 1836 2470 .

1847 3413 2070 3480 DISSER÷
