2352 3736
335 117 447 166 2582
645 114 980 156 SANCTI

265 206 362 246 imago
380 201 490 234 Beatae
502 194 679 229 catharina
691 216 702 232 ‚
727 202 820 234 quam
846 195 878 223 in
895 188 1056 231 pristinum
1065 189 1173 228 Iocum!

268 250 381 293 deferri
400 243 533 291 permifit
545 267 557 283 ,
583 243 767 286 quamplures
779 243 823 275 illi
837 237 1053 287 afficiebantur.

316 300 374 335 An
386 294 482 342 porro
500 293 554 327 seu
578 305 633 337 per
643 293 751 332 solum
767 289 967 325 Pontificem
977 312 989 330 ,
1014 288 1087 339 ejus
1099 288 1158 324 Pa-

264 346 475 388 triarchalem
505 343 678 387 Synodum
701 366 712 382 ,
738 350 794 374 aut
828 339 931 374 ctiam
960 347 1017 388 per
1047 348 1157 374 totum

267 396 524 435 Christianitatis
551 391 745 431 Concilium
778 390 985 427 canonizans
1011 391 1154 429 Ecclesia

266 449 336 485 falli
348 447 443 492 poffit
453 458 494 485 ac
515 444 602 483 labi,
626 440 836 485 disputatura
855 440 1043 478 Catholicis
1057 442 1156 481 etiam

265 496 487 538 Dossoribus,
513 492 862 536 &aliquieonstanter
887 492 1072 526 affirmant.
1101 493 1159 531 Et-

265 550 358 584 enim
370 543 544 586 Theodori
555 543 786 587 Mopsuesteni
800 543 955 587 Episcopi
968 555 1037 577 non
1051 541 1158 578 solum

265 601 383 644 scripta
393 621 404 637 ,
430 595 484 630 sed
495 595 598 633 etiam
610 595 781 638 personam
798 594 966 628 damnavit
977 594 1013 628 δε
1025 592 1158 628 anathe-

264 646 432 688 matizavit
454 645 570 690 quinta
592 645 753 690 generalis
781 644 958 687 Synodus,
985 644 1158 688 ipsamque

265 699 380 735 errasse
400 696 590 736 constanter
610 696 645 735 &
664 693 790 731 dudum
811 696 936 729 censuit
958 694 1069 729 omnis
1093 697 1157 731 Oc-

264 748 442 788 cidentalis
454 747 598 783 Ecclesia
611 771 619 779 .
647 744 681 781 A
694 757 760 790 quo
784 746 878 780 sensu
902 756 1084 790 numquam
1105 757 1159 780 ex—

263 799 424 835 cesserunt
444 798 612 842 Hispani,
639 796 782 845 ideoque
805 797 894 831 sexta
915 797 1002 840 apud
1027 807 1088 830 nos
1102 797 1160 840 Sy-

264 849 376 886 nodus
397 849 432 883 δε
445 848 513 883 illis
522 848 696 883 dumtaxat
707 849 834 891 quinta.
865 847 957 881 Idem
978 848 1100 891 semper
1109 857 1158 881 te·

266 901 341 937 nuit
354 896 592 940 Theodelinda
616 896 917 942 Longobardorum
938 897 1072 942 Regina
1086 921 1097 938 ‚
1121 897 1158 932 ,δε

266 962 346 986 cum
367 951 435 995 ipsa
452 948 669 987 dissimulavit
688 948 868 996 Gregorius
891 958 1033 992 magnus
1055 971 1067 988 ,
1092 946 1158 981 edi-

267 1013 347 1037 cens
369 1011 512 1046 quatuor
534 999 636 1046 prima
647 998 810 1043 generalia
824 998 980 1033 Concilia
991 1000 1053 1033 esse
1066 1009 1164 1032 vene.-

267 1052 376 1087 randa-
399 1061 558 1094 tanquam
590 1059 732 1098 quatuor
767 1048 948 1094 Evangelia
969 1073 981 1090 ,
1007 1050 1158 1093 quintam

268 1113 382 1138 autem
404 1101 600 1146 Synodum,
625 1112 663 1134 ac
685 1101 785 1134 etiam
805 1100 998 1143 posteriores
1023 1098 1159 1133 Chalce-

268 1147 559 1195 donenfis‘synodi
591 1151 736 1191 actiones
748 1151 914 1185 confitens
935 1161 1004 1191 nou
1015 1149 1078 1184 esse
1090 1160 1159 1183 rau·

268 1214 310 1242 tae
318 1203 521 1237 auctoritatis
533 1224 544 1241 ‚
569 1201 659 1245 quod
685 1201 797 1235 inillis
817 1202 926 1235 adium
937 1201 973 1234 fit
990 1210 1057 1238 non
1071 1198 1113 1234 de
1125 1200 1159 1238 fi-

268 1255 311 1289 de
323 1278 334 1295 ,
361 1253 415 1287 sed
427 1252 468 1287 de
479 1251 626 1296 personis
641 1276 648 1284 .
676 1251 789 1291 Etiam
801 1253 924 1292 sextam
937 1275 949 1292 ,
975 1250 1158 1295 septimam,

268 1305 303 1338 δε
329 1306 480 1338 octavam
500 1301 657 1346 Synodos
670 1326 681 1343 ,
707 1313 780 1346 quae
801 1302 996 1338 Honorium
1017 1301 1158 1344 primum

267 1352 470 1394 Pontificem
484 1351 804 1393 anathematizarunt
817 1353 867 1387 uti
881 1350 1160 1391 Monothelitam‚

268 1405 384 1439 errasse
395 1402 586 1438 constanter
597 1413 689 1437 tenet
701 1401 802 1438 hodie
816 1428 828 1444 ‚
854 1404 1042 1447 semperque
1053 1401 1157 1436 tenuit

268 1456 430 1494 Romana·
453 1452 598 1493 Ecclesia
620 1477 629 1485 .
665 1457 864 1487 Canonizatio
890 1477 901 1493 ‚
921 1451 1038 1495 'inquit
1063 1449 1159 1485 Tho-

269 1516 340 1541 mas
373 1503 558 1537 Waldenfis
576 1525 588 1541 ,
612 1501 650 1542 est
674 1507 855 1537 canonicum
880 1526 891 1542 ,
913 1500 966 1545 seu
998 1500 1160 1545 strandum

270 1554 411 1590 canones
429 1554 583 1595 prolatum
588 1553 762 1594 judicium,
788 1563 843 1595 quo
860 1550 936 1584 bunc
945 1552 996 1589 (ιηί
1014 1553 1101 1591 illum
1112 1550 1159 1582 bo-

268 1611 383 1645 minem
401 1601 528 1646 Ecclefia
544 1602 677 1645 fidelium
700 1605 819 1645 populis
843 1603 994 1644 praedlcat
1006 1601 1058 1644 effe
1069 1602 1158 1634 colen·

269 1657 363 1695 dum,
416 1653 473 1691 Est
487 1666 556 1688 non
578 1651 619 1690 de
644 1652 735 1692 fide,
760 1651 816 1689 sed
829 1652 871 1685 de
891 1653 1027 1695 persona
1049 1650 1161 1692 &ejus

270 1706 363 1740 fastis
382 1704 567 1748 judicium,
593 1700 736 1744 ideoque
758 1701 902 1735 Ecclesia
925 1701 960 1735 in
984 1700 1054 1743 ipso
1067 1699 1159 1742 possit

267 1766 375 1795 errare
397 1778 404 1786 .
433 1753 643 1787 Canonizare
665 1751 711 1786 est
740 1752 932 1785 San-storum
956 1750 1051 1784 sacris
1073 1748 1162 1783 fastis

269 1804 469 1841 inscribere.-
492 1803 600 1842 Errari
615 1802 668 1836 hic
692 1812 804 1842 autem
826 1801 913 1845 posse
925 1801 1022 1836 docet
1041 1810 1160 1843 nupera

271 1855 421 1896 Romani
464 1852 701 1897 Martyrologii
721 1853 873 1898 purgatio
901 1875 913 1892 ,
948 1862 1019 1895 squae
1057 1850 1162 1894 plures

270 1904 527 1946 Donatistarum
555 1915 593 1938 ac
618 1903 765 1937 aliorum·
793 1902 1036 1943 Haereticorum
1063 1901 1162 1941 salsos

271 1958 443 1999 Martyres
464 1954 582 1990 merito
601 1953 781 1996 expunxit.
809 1952 854 1986 Et
865 1951 1020 1996 Gregorii
1035 1951 1161 1994 septimi

271 2005 446 2046 Pontificis
465 2005 611 2042 excessus
632 2013 831 2037 enumerans
844 2002 1031 2037 Cardinalis
1045 2001 1163 2035 Benno

270 2055 406 2096 scribit:
434 2054 659 2093 Hildebrandus
684 2062 718 2089 ut
742 2052 855 2092 Liberi}
880 2052 1032 2094 pontificis
1051 2050 1163 2092 festum

271 2107 463 2141 celebraretur
483 2104 632 2145 instituit.
665 2110 726 2138 Hoc
751 2106 905 2144 Praecaepto
936 2104 1000 2143 ejus
1024 2100 1164 2142 Haerefim

268 2158 409 2200 firmavit
431 2181 442 2197 ,
467 2161 520 2198 qui
538 2167 578 2193 ex
598 2153 799 2188 laudabilibus
822 2158 941 2192 vmeritis
972 2151 1163 2191 damnabiles

271 2214 373 2248 exitus
393 2206 523 2245 babuit..
544 2203 709 2239 Omnium
730 2204 831 2248 usque
854 2203 897 2243 ad
912 2202 1068 2237 Siricium
1080 2202 1162 2241 anti-

273 2268 417 2303 quorum
438 2256 643 2298 Pontificum
664 2254 742 2292 festa
756 2254 915 2296 Romano
927 2253 1095 2287 Breviario
1118 2252 1160 2286 in-

274 2309 374 2344 seruit
396 2333 407 2349 ‚
432 2306 583 2350 adeoque
607 2305 695 2348 ipsos
717 2305 928 2339 canonizavit
960 2303 1163 2348 Gregorius:

277 2361 396 2394 Benno
420 2357 559 2396 affirmat
575 2356 680 2399 ipsum
701 2355 814 2388 errasse
835 2355 871 2396 in
883 2352 1018 2387 Liberio
1034 2378 1045 2394 ,
1069 2363 1164 2396 utpo-

277 2411 309 2444 te
335 2409 392 2452 qui
416 2407 514 2448 suerit
537 2406 700 2441 Arianus.
729 2405 774 2446 Et
796 2404 1010 2438 reveraillum
1022 2404 1080 2437 suo
1092 2402 1165 2436 Bre-

278 2460 382 2492 viario
402 2456 596 2501 jampridem
631 2456 786 2490 Romana
823 2454 964 2488 Ecclesia
984 2454 1163 2488 subtraxit.

278 2507 446 2555 Qinimo
466 2509 500 2545 in
524 2507 630 2540 Sansti
647 2506 784 2539 Eusebii
802 2504 987 2547 Presbyteri
1014 2504 1096 2546 sesto
1108 2502 1166 2536 du—

280 2559 361 2593 dum
384 2558 464 2601 legit
484 2557 519 2596 &
538 2556 684 2589 cantavit
701 2567 708 2586 z
737 2558 850 2587 Beatus
870 2552 1019 2596 Eusebius
1048 2553 1167 2591 Presby-

278 2618 351 2649 ter,
378 2618 441 2641 cum
458 2604 610 2648 praesente
624 2604 795 2645 Constantio
811 2604 873 2645 fide
896 2602 1084 2636 catholicam
1104 2614 1167 2637 con-

275 2658 445 2699 stamiffim?
465 2653 656 2698 defensaret,
681 2655 715 2688 s&
740 2652 892 2686 Liberium
917 2656 1037 2694 Papam
1061 2653 1169 2685 doleret

283 2714 407 2742 Ariana
422 2705 561 2749 perfidiae
571 2703 747 2748 conftnfisse,
775 2703 814 2736 ab
828 2709 906 2743 irato
929 2703 1101 2744 constantio
1111 2707 1173 2735 Im.-

278 2768 418 2802 peratore
430 2756 710 2793 Arianoincluditur
730 2755 904 2796 ,inquodam
923 2753 1053 2794 eubiculo
1063 2755 1166 2787 domus

280 2808 365 2852 suae,
393 2808 561 2841 habentem
572 2807 753 2849 longitudine
770 2802 862 2846 pedes
874 2814 999 2846 quatuor
1011 2829 1023 2845 ‚
1051 2806 1108 2838 &a
1136 2803 1169 2844 A

285 2859 396 2902 paucis
414 2858 510 2893 annis
529 2858 691 2900 expunsta
715 2855 760 2889 est
779 2855 838 2888 ista
862 2855 957 2889 lec'tio
970 2877 983 2895 ,
1007 2866 1046 2888 ac
1056 2854 1171 2887 etiam-

286 2918 367 2943 num
387 2908 490 2949 hodie
501 2915 614 2942 manet
635 2906 669 2939 in
684 2905 931 2949 Martyrologio
945 2903 1076 2945 Adonis
1089 2929 1096 2935 .
1127 2905 1170 2936 Et

288 2960 323 2992 in
348 2971 444 3002 opere
471 2957 766 3000 Ecclesiasticorum
793 2956 918 2989 rituum
951 2953 1171 2998 expositorio,

287 3009 379 3051 quod
387 3010 494 3043 Leoni
505 3009 637 3044 decimo
649 3005 812 3046 dedicavit
825 3029 835 3046 ‚
863 3004 974 3039 scribit
983 3005 1024 3038 de
1036 3003 1171 3038 canoni-

290 3058 387 3091 zandi
407 3060 510 3093 forma
527 3055 784 3101 Christophorus
799 3055 978 3091 Marcellus
1001 3053 1172 3097 Archiepi·

292 3107 405 3149 scopus
427 3109 655 3151 Corcyrensis:
683 3106 829 3151 Pontifex
851 3131 862 3147 ,
887 3116 1053 3148 antequam
1074 3116 1171 3139 cano-

292 3156 468 3191 nizationis
478 3158 637 3199 judicium
644 3162 821 3200 pronuntiet
831 3181 841 3197 ‚
869 3155 1021 3200 consuevit
1030 3154 1173 3198 protesta-

291 3211 323 3241 11
333 3231 341 3239 .
370 3208 462 3252 ¹⁷Quod
470 3213 639 3240 invenimus
647 3207 803 3250 ‚servatum
811 3209 832 3246 a
844 3209 945 3240 multis
960 3206 1169 3249 Pontificibus,-

290 3259 476 3297 'Sunttamen
495 3257 586 3296 aliqui
597 3258 737 3296 clariffimi
761 3263 844 3298 viri,
871 3262 922 3300 qui
943 3259 1046 3291 dicunt
1070 3255 1172 3289 bocin-

292 3306 458 3340 traductum
478 3316 516 3337 ex
529 3307 658 3346 quadam
681 3305 768 3348 causa
779 3319 847 3348 quae
867 3319 943 3341 nunc
963 3308 1048 3351 cessat
1066 3331 1077 3347 ‚
1102 3311 1172 3348 quia

296 3360 386 3399 Papa
407 3364 478 3395 tune
491 3355 700 3397 quodammodo
723 3357 872 3397 cogebatur
884 3359 929 3390 ad
937 3357 1173 3390 canonizandum

292 3408 451 3451 quendam·
468 3402 664 3455 ¹contrasuam
690 3408 852 3445 opinionem
867 3429 878 3447 ,
903 3409 1174 3450 &propter-ecipro·

1050 109 1392 159 LEONJS

1208 2416 1217 2679 1

1460 110 1514 156 ’Ν
1549 127 1582 155 o
1616 127 1648 158 N
1683 127 1726 170 1,

1223 190 1405 232 testabatur.
1434 194 1527 223 Nune
1551 200 1652 227 autem
1678 204 1735 227 non
1761 196 1862 230 videri
1885 202 2043 239 congruam
2068 198 2105 229 il-

1222 243 1283 274 lam
1304 239 1545 284 protestationem
1570 266 1578 274 .
1604 243 1668 279 ‚Sed
1686 244 1726 280 ple
1748 243 1800 280 boc
1830 246 1943 285 statuat
1968 248 2104 280 summus

1224 291 1392 334 Pontifex,
1417 292 1451 324 <rt
1470 293 1558 324 Sacer
1578 294 1704 325 senatus
1728 317 1736 325 .
1766 294 1848 328 Haec
1868 295 1932 329 suit
1954 297 2105 338 protesta-

1222 343 1323 377 tionis
1349 341 1492 376 formula
1518 355 1530 375 :
1564 347 1732 385 Antequam
1758 344 1803 375 ad
1835 350 2104 385 pronuntiationem

1225 397 1387 433 veniamus
1409 418 1420 435 ‚
1450 391 1648 435 protestamur
1665 393 1784 439 publice*
1805 395 1894 436 apud
1915 394 2105 438 pra-firmes,

1222 445 1301 487 quod
1317 442 1461 486 perhanc
1475 443 1575 476 ac‘lum
1592 449 1830 482 vcanonizationis
1845 456 1903 478 non
1922 446 2107 482 intendimus,

1222 496 1343 538 aliquid
1359 494 1461 536 facere
1485 496 1566 538 quod
1581 493 1622 537 fit
1645 504 1750 528 contra
1772 494 1890 538 fidem,
1912 503 1970 531 aut
1997 496 2108 529 Catho-

1221 548 1309 580 licam
1328 541 1509 587 Ecclesiam,
1528 543 1595 588 five
1618 545 1762 582 bonorem·
1779 548 1861 584 Dei.
1889 546 1975 592 Qae
2004 556 2110 590 prote-

1222 597 1319 632 statio
1339 596 1446 640 palam
1470 596 1624 640 supponit
1644 596 1772 631 errandi
1794 596 2058 641 possibilitatem.
2106 623 2110 629 -

1273 645 1473 691 Respondet>
1506 643 1710 687 ¹'Honorium
1739 647 1942 683 Pontificem
1968 650 1986 683 ὲ
2013 652 2107 687 sexto

1223 697 1382 733 Concilio
1409 710 1479 733 non
1505 698 1553 732 uti
1581 697 1783 736 Haereticum
1802 723 1815 740 ,
1853 700 1908 741 sed
1935 700 2115 737 dumtaxat.

1222 749 1271 783 uti
1282 748 1397 789 illum,
1428 749 1487 792 qui
1508 749 1625 782 Haerefi
1638 748 1813 792 praebuerat
1834 752 2047 798 negligentiae
2058 755 2110 788 fo·

1221 809 1357 839 menta,
1381 799 1476 834 fuisse
1486 799 1700 839 damnatum.
1728 800 1883 840 Pluribus
1894 803 1929 841 id
1940 803 2108 838 ostensum

1221 849 1266 884 est
1289 850 1325 890 in
1338 849 1482 889 Scholiis
1493 849 1534 884 ad
1558 851 1684 888 sextam
1705 852 1902 895 Synodum.
1930 853 2109 901 Qidquid

1221 900 1285 941 fit,
1311 900 1402 941 aliud
1422 901 1468 934 est
1489 898 1756 935 canonizationis
1774 926 1785 943 ,
1808 903 1900 943 aliud
1921 903 2110 941 anathema-

1223 950 1390 985 tizationis
1418 950 1577 993 judicium
1606 975 1614 983 .
1639 950 1718 990 Hoc
1738 952 1777 990 fit
1795 964 1838 987 ex
1865 953 1942 992 solis
1964 954 2109 990 defunffl
2124 965 2199 1005 Cap,
2215 973 2238 1002 5,

1223 1001 1376 1036 Doaoris
1390 1001 1537 1043 scriptis,
1563 1000 1734 1043 dequibus
1755 1003 1790 1036 in
1803 1002 1889 1038 libro
1898 1004 1940 1038 de
1960 1005 2109 1042 utilitate

1222 1050 1377 1085 credendi
1397 1050 1480 1086 reste
1505 1050 1592 1083 dixit
1619 1045 1752 1090 'Sanctus
1777 1050 2004 1098 Augustinus:
2032 1056 2113 1099 ‚Qut-

1222 1101 1276 1140 bus
1297 1105 1485 1144 argumentis
1509 1099 1645 1144 absentis
1672 1102 1724 1136 vel
1746 1099 1854 1136 mortui
1890 1103 2018 1138 hominis
2057 1117 2111 1141 vo·

1222 1153 1371 1186 luntatem
1395 1156 1443 1185 ita
1464 1151 1600 1195 :colligam
1623 1173 1635 1190 ‚
1661 1158 1697 1187 ut
1721 1151 1759 1184 de
1784 1152 1838 1183 illa
1856 1153 1968 1193 jurare
1989 1155 2111 1196 poffim?

1224 1203 1317 1242 Hinc
1339 1201 1439 1235 etiarn
1466 1199 1759 1240 anathematizatio
1778 1201 1824 1235 est
1852 1198 2113 1246 species'Eccle-

1223 1252 1351 1286 fiasticae
1383 1252 1528 1288 censura:
1555 1276 1568 1298 9
1604 1251 1641 1290 in
1664 1261 1731 1294 qua
1765 1249 1954 1296 generalem
1978 1265 2114 1304 quoque

1223 1301 1399 1345 Synodum
1417 1301 1580 1336 confiteor
1605 1302 1695 1345 posse
1708 1301 1777 1344 salli
1789 1328 1799 1341 ,.
1830 1303 1878 1338 At
1889 1300 2114 1342 verocanoni-

1224 1353 1313 1387 zatio
1337 1364 1377 1387 ex
1397 1351 1601 1390 authenticis
1619 1363 1658 1386 ac
1680 1351 1829 1397 legitime
1848 1353 2016 1397 probatis,
2039 1365 2114 1397 quae

1225 1402 1355 1438 nonnisi
1379 1413 1435 1449 per
1454 1403 1605 1440 divinam
1630 1402 1922 1445 Omnipotentiam
1947 1403 2116 1448 fieriposse

1224 1454 1407 1494 credimus,
1434 1453 1601 1487 miraculis
1624 1452 1681 1494 fit,
1707 1452 1820 1496 estque
1839 1453 2049 1493 definitivum
2074 1454 2116 1493 de

1223 1505 1325 1538 totius
1340 1503 1598 1543 Christianitatis
1609 1502 1780 1547 disciplina
1793 1504 1954 1547 judicium
1967 1529 1978 1546 ,
1999 1506 2036 1540 in
2048 1515 2116 1547 quo
2144 1514 2149 1520 '

1224 1553 1400 1589 Ecclesiam
1420 1577 1430 1592 ,
1458 1554 1535 1589 licet
1562 1565 1617 1596 per
1643 1554 1750 1587 solum
1770 1554 1969 1593 Pontificem
1992 1555 2117 1598 judica-

1222 1604 1286 1644 rit,
1313 1601 1480 1645 hucusque
1492 1602 1608 1637 scimus
1621 1615 1688 1637 non
1698 1604 1791 1643 fuisse
1814 1604 2114 1649 circumscriptam,

1222 1654 1256 1687 δε
1281 1663 1477 1697 protegente
1500 1654 1576 1688 Deo
1594 1655 1757 1696 speramus
1780 1654 1883 1698 ,usque
1905 1655 1945 1688 ad
1967 1655 2117 1689 saeculifi·

1224 1713 1301 1741 nem
1315 1713 1382 1735 non
1395 1701 1726 1738 circumscribendam
1740 1728 1747 1735 .
1779 1703 1883 1743 Aliud
1898 1705 1975 1739 item
1990 1704 2036 1739 est
2047 1705 2116 1740 Ro-

1224 1763 1359 1786 manum
1384 1751 1667 1796 Martyrologium
1689 1777 1700 1793 ‚
1728 1752 1816 1787 aliud
1851 1753 1922 1789 faui
1943 1755 2117 1790 canoniza-

1223 1802 1350 1837 tionem
1375 1814 1382 1834 :
1409 1801 1658 1847 Martyrologio
1694 1803 1794 1836 etiam
1812 1803 1898 1838 olim
1924 1806 2115 1843 canonizati

1225 1854 1432 1892 inseruntur,
1455 1848 1520 1896 ,qua
1546 1852 1580 1885 in
1604 1864 1637 1887 re
1659 1852 1729 1886 falli
1753 1852 1848 1896 poffit
1873 1854 1907 1889 &
1929 1854 2116 1897 Pontifex,

1222 1904 1256 1937 ὅ(
1283 1913 1423 1937 errorem
1445 1901 1563 1937 habere
1585 1913 1644 1946 pro
1666 1904 1819 1938 veritate.
1849 1902 1974 1940 Eadem
1997 1905 2045 1940 est
2067 1917 2115 1939 ra-

1224 1954 1273 1987 tio
1302 1953 1342 1987 de
1368 1951 1542 1987 insertione
1578 1954 1613 1986 in
1653 1953 1846 1987 Romanum
1885 1953 2110 1991 Breviorium.

1226 2003 1322 2038 Certe
1337 2003 1445 2037 Sancti
1457 2002 1621 2040 Ambrosii
1636 2026 1646 2043 ,
1672 2004 1729 2048 qui
1749 2003 1782 2037 in
1796 2003 1894 2038 tertio
1911 2004 1952 2038 de
1962 2004 2112 2050 Virgini-

1225 2054 1284 2087 bus
1313 2052 1398 2086 libro
1412 2052 1583 2087 Liberium
1605 2051 1749 2087 honorat
1768 2053 1868 2090 titulo
1880 2056 1991 2091 Beatae
2003 2066 2113 2094 memo-

1225 2110 1280 2137 riae
1294 2128 1305 2144 ‚
1331 2103 1492 2145 judicium
1520 2103 1701 2148 Gregorius
1722 2103 1875 2146 septimus
1895 2103 1939 2138 est
1962 2105 2112 2142 secutus.

1226 2153 1381 2195 Ejusdem
1407 2151 1598 2193 Ambrosii,
1624 2154 1733 2188 Sant‘li
1753 2152 1947 2195 Athanasii,
1974 2155 2116 2190 Marcel-

1224 2204 1309 2251 lini,
1336 2204 1370 2237 &
1393 2203 1542 2243 Faustini
1566 2203 1797 2239 Romanorum
1820 2203 2115 2247 presbyterorum,

1225 2253 1435 2288 Theodoreti
1458 2277 1469 2293 ,
1495 2254 1640 2292 Hermiae
1662 2254 1847 2289 Zozomeni
1872 2279 1882 2296 ,
1909 2255 2118 2300 aliorumque

1227 2305 1267 2345 dc
1280 2304 1418 2346 Liberio
1441 2315 1480 2342 ac
1502 2304 1572 2346 ejus
1592 2304 1691 2338 etiam
1721 2304 1953 2349 posterioribus
1963 2307 2041 2340 affis
2053 2307 2118 2346 fida

1227 2354 1420 2390 testimonia
1450 2354 1609 2393 ‚evincunt
1630 2354 1725 2394 ,fuiffe
1758 2356 1865 2391 virum
1891 2355 2015 2391 eximie
2039 2358 2120 2392 San·

1230 2407 1316 2445 Cium
1341 2431 1350 2445 .-
1378 2404 1485 2444 Nullo
1513 2404 1618 2445 modo
1653 2405 1816 2443 Ariauum
1846 2431 1857 2446 ,
1894 2406 1947 2441 sed
1973 2407 2119 2450 scabiosa

1234 2456 1406 2489 dumtaxat
1435 2455 1699 2494 Eusebianorum
1744 2457 1985 2490 communione
2023 2456 2119 2491 fuisse

1233 2506 1396 2549 pollutum
1416 2506 1512 2549 poffit
1526 2505 1632 2540 lucide
1653 2506 1804 2540 ostendi.
1832 2506 1876 2539 Et
1888 2505 1968 2539 hinc
1979 2504 2118 2543 addusta

1230 2556 1272 2590 de
1283 2557 1403 2590 Sancto
1416 2555 1560 2593 Eusebio
1582 2555 1778 2598 Presbytero
1803 2555 1900 2589 lestio
1911 2555 1973 2589 fuit
1994 2566 2037 2589 ex
2049 2556 2119 2589 Ro-

1231 2616 1332 2639 mano
1347 2606 1513 2643 Breviario
1536 2604 1772 2649 quamoptime
1792 2606 1954 2647 expuncta
1967 2630 1974 2637 .
2000 2605 2057 2640 Ob
2069 2606 2120 2640 di·

1230 2658 1314 2694 ssam
1336 2656 1586 2690 communionis
1607 2654 1771 2688 maculam
1793 2655 1892 2688 etiam
1930 2655 2055 2689 Liberii
2076 2655 2120 2694 fe-

1231 2707 1316 2743 stum
1328 2707 1525 2748 expunctum
1547 2704 1609 2738 fuit
1622 2730 1629 2736 .
1658 2704 1813 2749 Gregorii
1833 2714 1945 2742 tamen
1965 2706 2120 2749 septimi,

1231 2755 1390 2798 quidquid
1413 2754 1592 2788 maledicus
1604 2753 1723 2788 Benno
1744 2754 1930 2795 blaterarit‚
1957 2754 2118 2799 judicium

1232 2815 1413 2849 numquam
1434 2803 1628 2838 damnatum
1647 2815 1705 2838 aut
1724 2804 1935 2839 exsufflatum
1950 2830 1957 2837 .

1285 2856 1361 2888 Hac
1372 2854 1471 2888 etiam
1494 2854 1527 2887 in
1541 2855 1680 2898 Synodo
1693 2855 1896 2890 Dominicus
1918 2854 2116 2895 Gradensis,

1233 2907 1285 2946 seu
1310 2916 1402 2940 novae
1414 2903 1573 2948 Aquilejae
1591 2904 1778 2943 Patriarcha
1800 2907 1873 2940 suas
1897 2905 2047 2943 adversus
2060 2905 2119 2940 Fo-

1234 2955 1442 2999 rojuliensem
1465 2955 1645 2990 Ecclesiam
1669 2956 1815 3000 querelas
1836 2955 2006 2999 exposuit,
2033 2954 2122 2989 obti-

1235 3007 1373 3050 nuitque
1393 3006 1498 3044 totius
1520 3005 1653 3044 Histriae
1682 3017 1720 3040 ac
1743 3005 1891 3041 Venetiae
1913 3005 2117 3040 Primatum.

1235 3056 1327 3090 Italia
1347 3057 1365 3090 a
1379 3056 1606 3091 Constantino
1629 3056 1877 3102 magno-divisa
1897 3053 1962 3088 fuit
1982 3054 2016 3088 in
2036 3055 2120 3094 duas

1237 3107 1419 3141 Dioeceses:
1449 3105 1662 3147 Urbicariam
1677 3131 1689 3147 ,
1713 3105 1910 3141 &Italicam
1923 3130 1931 3138 .
1959 3104 2055 3140 Prior
2067 3106 2122 3144 de·

1235 3169 1308 3191 cem
1328 3157 1539 3198 Provincias,
1564 3157 1706 3201 &caput
1725 3154 1841 3190 habuit
1867 3155 2037 3199 Romam;
2064 3166 2120 3199 po-

1238 3207 1349 3241 sterior
1372 3207 1565 3242 Provincias
1589 3209 1730 3250 septem,
1756 3216 1795 3239 ac
1817 3205 2037 3250 Metropolim
2047 3204 2120 3239 Me-

1237 3258 1428 3292 diolanum.
1455 3257 1646 3298 Aliitamen
1672 3255 1870 3299 dignitatem
1893 3253 1981 3290 hanc
2003 3253 2120 3293 adscri-

1238 3309 1321 3343 bunt
1334 3308 1515 3351 Aquileiae,
1542 3306 1690 3342 volentes
1710 3304 1804 3339 fuisse
1826 3306 1897 3340 secu
1906 3307 2002 3341 ndam
2017 3304 2118 3341 totius

1239 3360 1338 3393 lraliae
1351 3359 1517 3392 civitatem
1531 3381 1539 3388 .
1567 3355 1623 3389 Ut
1636 3364 1672 3388 ut
1685 3356 1722 3389 fit
1735 3379 1745 3395 ,
1770 3357 1915 3390 Ecclesia
1929 3354 2056 3388 nullum
2071 3352 2117 3386 ibi

1240 3409 1353 3451 habuit
1365 3404 1616 3445 Hierarchicum
1628 3404 1875 3449 Primatem‚sed
1886 3399 2118 3486 Mediolp-nen-

2030 3463 2070 3493 1s,
