2352 3736
113 547 150 577 A.
165 555 246 582 1044.

100 1043 160 1074 tib.
176 1055 203 1076 ι.

98 1996 163 2031 ἰίἰι.
174 2007 201 2027 2.

98 2158 137 2188 A.
157 2165 240 2193 3045.

359 170 457 222 232
668 164 1001 208 Saue-rr

284 246 474 290 exemplum
498 242 541 275 est
563 242 725 287 singulare
744 243 790 279 ob
811 242 986 287 singulares
1008 242 1172 283 rationes,

287 305 348 329 nec
361 291 457 329 facile
479 292 697 326 imitandum.

338 343 418 377 Nati
430 342 515 374 inter
528 342 746 377 Godefridum
760 367 770 382 ‚
799 340 982 376 Gozelonis
995 341 1172 377 Lotharin-

286 403 406 439 gotum
426 391 688 426 Mosellanotum
712 391 817 425 Ducis
841 390 965 433 filium,
993 392 1027 426 δε
1046 394 1169 427 Henri-

285 454 363 477 cum
382 444 514 476 tertium
537 443 767 484 Imperatorem
797 441 873 475 belli
891 464 901 480 ‚
928 442 982 476 seu
1004 442 1114 486 potius
1123 454 1170 477 re-

285 491 439 531 bellionis
448 492 610 535 originem
624 490 733 533 prodit
747 491 939 526 Lambertus
952 490 1170 528 schafnabur-

284 544 410 589 gensis:
440 543 544 575 Gozelo
568 540 819 586 Lotbaringorum
830 546 900 575 Dux
921 543 1015 584 obiit,
1041 544 1168 586 quusss-

284 596 343 628 ltus
365 591 545 632 Godefridus
565 591 742 632 nobiliffimae
771 594 879 626 indolis
895 595 1024 634 juvenis
1043 616 1054 632 ‚
1078 604 1168 637 atque

282 648 316 677 in
326 655 357 677 re
367 642 492 675 militari
510 642 671 675 admodum
695 649 873 678 exercitatus
889 667 898 683 ‚
924 650 996 686 quia
1016 646 1167 681 Duo-atum

284 697 390 726 Patris
410 689 457 735 sui
479 703 537 726 non
555 698 654 735 potuit
681 693 830 734 obtinere,
855 706 941 727 arma
962 704 1064 728 contra
1076 699 1164 729 Rem-

275 741 427 785 publicam
447 748 588 784 corripuit
603 767 614 782 ‚
640 744 825 778 Adelhertum
838 748 966 784 Ducem,
996 756 1082 788 quem
1097 748 1163 779 Rex

281 795 372 826 Pam
383 791 670 837 ejussubrogaverat
684 819 695 834 ,
718 797 821 836 proelio
832 795 944 828 vidium
956 798 1076 836 occidit,
1103 807 1160 829 cae-

278 844 333 876 des
356 842 507 876 bominum
528 844 811 885 &depopulationes
831 857 968 888 agrorum
993 858 1084 889 quam
1100 858 1162 878 ma-

279 899 381 927 ximas
391 892 484 935 fecit,
509 895 569 926 loca
582 900 680 926 omnia
692 894 781 937 usque
807 897 853 928 ad
860 895 1017 937 Rhenum,
1045 904 1161 938 praeter

277 955 391 986 eaquae
413 945 466 978 vel
483 955 630 977 murorum
645 943 777 986 praefidio
797 945 924 986 hostilem
948 952 1088 988 impetum
1095 944 1162 988 sub-

277 994 498 1038 terfugiebant,
524 994 578 1028 vel
592 993 627 1037 se
650 996 726 1028 data
742 1001 868 1037 pecunia
893 997 1077 1030 redemerant
1094 1022 1103 1036 ,
1125 1005 1158 1029 in

277 1051 404 1078 cinerem
415 1045 527 1087 redegit
537 1069 544 1076 .
564 1045 715 1088 Exponit
727 1044 792 1080 haec
804 1048 837 1080 in
851 1046 915 1080 suis
927 1045 966 1080 ad
981 1044 1160 1080 Witichin-

275 1096 357 1128 dum
390 1093 599 1129 Monachum
622 1096 709 1129 notis
732 1097 901 1131 Henricus
932 1096 1153 1131 Meibomius:

277 1146 453 1178 Garolorum
475 1146 509 1179 (⁴5
520 1144 668 1179 othonum
680 1147 857 1189 temporibus
869 1152 901 1180 in
913 1151 1047 1180 Romano
1063 1151 1158 1187 Impe-

275 1203 321 1230 rio
343 1198 477 1230 Duc-atus
489 1206 546 1228 non
573 1206 661 1230 erant
682 1196 869 1232 haereditarii
881 1222 892 1238 ‚
913 1195 971 1240 sed
994 1199 1013 1229 ἆ
1026 1197 1155 1230 Ducibus

275 1255 434 1290 tamquam
458 1244 636 1288 l’raefidibus
657 1249 691 1282 (9
710 1251 832 1291 Legatis
855 1247 1157 1287 administrabantur.

275 1296 426 1340 Antiqua
447 1298 645 1330 Francorum
678 1298 877 1342 Respublica
901 1298 1072 1332 constabat
1096 1297 1157 1331 Re-

273 1358 339 1395 ge,
365 1346 516 1380 Ducibus
538 1346 776 1382 &Comitibus
797 1361 805 1380 ;
834 1351 946 1383 Duces
970 1348 1158 1382 Provincia-

274 1407 367 1437 rum,
398 1396 551 1430 Comites
572 1408 663 1431 erant
686 1399 839 1433 Restores
851 1399 1021 1433 civitatum
1046 1399 1085 1433 ad
1100 1410 1158 1432 nu-

273 1458 344 1481 tum
365 1447 578 1482 &arbitrium
591 1447 712 1492 Regis.
741 1450 822 1482 Dux
842 1449 1017 1483 duodecim
1045 1448 1157 1492 paffim

273 1498 449 1536 Comites,
475 1496 598 1531 Comes
624 1499 731 1532 varios
752 1497 1009 1539 vice-comites,
1036 1500 1153 1534 Cente-

272 1549 382 1582 uarios
398 1572 408 1587 ,
430 1547 577 1589 aliosque
597 1548 806 1591 Oppidorum
829 1558 884 1582 aut
899 1549 1064 1593 pagorum
1078 1548 1157 1582 Pran-

274 1599 376 1632 sectos
388 1597 445 1631 sub
467 1598 498 1631 se
519 1596 659 1631 habebat
672 1623 679 1629 .
709 1599 794 1645 Quae
812 1600 983 1644 regiminis
995 1599 1099 1632 forma
1123 1599 1157 1632 ὅ(

273 1649 310 1682 in
324 1649 438 1682 Galliae
466 1647 586 1691 Regno
600 1672 609 1687 ‚
638 1649 717 1682 &in
733 1649 932 1682 Germanico
957 1650 1098 1692 Imperio
1112 1659 1157 1680 re-

274 1697 324 1731 &e
345 1697 465 1732 dicitur
501 1697 637 1742 viguisse
672 1698 874 1741 temporibus
906 1699 1102 1731 Carolorum
1122 1699 1156 1730 ὃ(

274 1747 452 1782 Othonum
466 1773 473 1779 .
501 1746 687 1795 Qornodo
699 1749 789 1782 enim
801 1747 1014 1782 Gislibettum
1027 1773 1037 1788 ,
1052 1759 1093 1782 ex
1108 1758 1158 1789 pa·
1177 1741 1180 1807 ἰ

275 1808 369 1833 terna
397 1798 594 1832 successione
627 1800 814 1841 praetensum
840 1798 1064 1842 Lotharingiae
1088 1797 1179 1830 Du-·

275 1861 370 1888 cem,
397 1848 689 1890 humiliaritatque
713 1850 895 1892 expulerit,
925 1850 1157 1891 Ducatutnque
1177 1815 1180 1884 i

276 1900 412 1933 tandem
423 1898 513 1932 fratri
535 1899 592 1931 suo
609 1893 757 1932 Bruno'ni
772 1899 963 1933 Coloniensi
987 1897 1159 1940 Archiepi-

1178 1885 1180 1912 Ι

277 1951 377 1993 scopo
398 1949 522 1982 dederit
542 1947 638 1981 Otho
656 1949 780 1991 primus
805 1973 815 1988 ,
842 1946 940 1982 habes
963 1949 996 1982 in
1019 1914 1183 2029 Annali-¹⁴

276 1998 336 2034 bus
356 1998 480 2033 laudati
501 1996 699 2031 Witichindi
722 2022 729 2030 .
757 1998 805 2032 Ita
832 1998 931 2042 igitus
954 2000 987 2033 ὅ(
1011 1998 1161 2032 Godefri-

276 2050 337 2084 dus
358 2049 532 2083 Patet-nam
551 2048 872 2082 administrationem
893 2048 1032 2082 tentavit
1055 2050 1089 2081 in
1104 2047 1163 2080 hae-

275 2101 443 2135 redit-”item
471 2108 593 2133 vertere
620 2123 630 2138 ,
659 2099 827 2144 pergitque
854 2098 1043 2132 Monachus
1065 2098 1165 2131 Lam·

277 2152 405 2186 bertus:
434 2153 507 2182 Dux
531 2149 715 2189 Godefridus
737 2152 846 2193 tiRege
868 2156 900 2181 in
923 2149 1102 2182 deditionem
1114 2159 1161 2181 ac-

275 2212 397 2244 ceptus,
425 2207 456 2233 in
469 2198 672 2239 Gibekenstein
693 2200 790 2242 miffics
804 2199 843 2239 est
863 2199 1067 2240 custodiendus
1082 2223 1092 2238 ‚
1111 2197 1162 2239 fic-

276 2264 333 2296 que
359 2256 493 2295 Regnum
530 2250 617 2283 brevi
656 2259 784 2292 tempore
819 2256 951 2292 quietum
978 2251 1162 2292 &pacatum

275 2301 380 2344 manfit
409 2327 415 2333 .
444 2301 563 2344 Usque
590 2300 630 2334 ad
657 2302 844 2342 sequentem
871 2311 998 2335 annum
1025 2326 1032 2333 .
1059 2299 1162 2332 Tunc

277 2354 368 2388 enim
392 2350 575 2392 Godefridus
600 2353 672 2382 Dux
690 2350 816 2391 custodia
839 2349 1009 2393 absolutus,
1035 2350 1106 2383 dum
1118 2355 1163 2382 vi-

278 2406 362 2437 deret
378 2414 429 2439 nec
449 2401 667 2440 interceffionem
681 2404 852 2443 Principum
865 2427 874 2441 ‚
903 2412 954 2435 nec
965 2401 1141 2433 deditionem
1154 2424 1163 2438 ,

278 2466 369 2496 quam
389 2451 495 2495 sponte
513 2450 671 2495 subierat,
691 2450 747 2492 fibi
758 2452 876 2493 aliquid
895 2451 1048 2494 profuisse,
1075 2452 1165 2484 &rei

279 2505 462 2546 indignitate
473 2500 800 2542 acinopiaefamiliaris
820 2503 1085 2543 toediopermotus'‚
1110 2499 1165 2533 bel-

280 2555 341 2587 lum
364 2551 465 2594 rursus
489 2553 525 2583 de
546 2557 662 2593 integro
680 2549 822 2593 fiimpfit.
852 2555 934 2583 Inter
954 2553 1032 2583 alias
1055 2574 1064 2589 ,
1092 2561 1164 2590 quas

281 2601 460 2644 Reipublicae
481 2602 582 2633 intulit
600 2601 699 2632 clades
723 2625 732 2640 ‚
760 2605 946 2643 Neomngum
967 2602 1084 2632 domum
1111 2604 1165 2632 Re·

277 2659 364 2698 giam
384 2676 395 2691 ,
421 2656 491 2684 miri
525 2651 558 2682 tb-
580 2649 813 2691 incompnrabilis
835 2657 932 2691 operis
959 2674 970 2688 ‚
1009 2651 1139 2681 incendit
1157 2673 1165 2687 ,

282 2708 439 2738 civitatem
460 2701 671 2746 Virdunensem
703 2707 781 2742 cepit
802 2724 812 2740 ‚
839 2702 980 2741 majorem
1001 2705 1034 2732 in
1056 2710 1090 2731 ea
1109 2702 1166 2730 Ec-

283 2752 393 2796 cleſsam
412 2755 626 2785 concremavit.
651 2751 709 2783 Sed
718 2750 782 2791 post
804 2751 949 2782 modicum
967 2748 1046 2790 fac‘li
1055 2760 1122 2782 eum
1135 2755 1166 2780 in

282 2805 401 2837 tantum
418 2806 561 2844 poenituit
577 2826 587 2841 ,
614 2809 647 2833 ut
664 2800 778 2842 publice?
798 2799 832 2842 se
854 2800 1008 2834 verberari
1024 2799 1140 2841 faceret
1156 2823 1166 2839 ‚

285 2856 321 2890 ὁ·
341 2853 461 2895 capillos
478 2851 546 2895 suos
572 2873 582 2889 ,
606 2862 642 2883 ne
672 2852 864 2884 tonderentur
882 2874 892 2890 ,
919 2851 1015 2883 multa
1041 2855 1168 2891 pecunia

287 2906 442 2938 redimeret
463 2928 473 2944 ‚
495 2900 635 2945 sumptus
666 2902 710 2933 ad
733 2899 975 2941 reaedificandam
1011 2897 1168 2939 Ecclesiam

288 2955 396 2993 daret,
421 2955 498 2987 &in
515 2960 599 2993 opere
623 2957 813 2983 caementario
825 2959 880 2992 per
895 2946 1086 2992 semetipsum
1104 2949 1166 2989 ple-

290 3015 409 3045 rumque
429 3003 501 3037 vilis
526 3006 667 3043 mancipii
682 3000 972 3042 ministeriofunt‘lus
984 2997 1148 3041 deserviret
1160 3021 1167 3029 .

292 3052 490 3086 Graviorum
509 3052 694 3086 facinorum
712 3062 785 3085 reos
803 3051 913 3095 Reges
940 3060 977 3083 ac
1002 3049 1170 3091 Principes

293 3101 374 3134 olim
387 3101 536 3146 Episcopi
548 3104 581 3136 in
597 3101 744 3136 Clericos
755 3124 765 3140 ,
792 3099 1000 3140 Monachos,
1027 3109 1083 3134 aut
1099 3097 1171 3131 Ροε-

296 3151 435 3183 nitentes
455 3152 678 3186 detondebant
708 3166 718 3185 .·
747 3151 790 3185 Et
815 3151 862 3185 uti
888 3149 1043 3184 solemnis
1071 3149 1172 3192 poeni-

296 3200 406 3234 tentiae
419 3211 532 3233 manus
545 3202 740 3244 Episcopum
750 3227 759 3242 ,
776 3200 1018 3244 Presbyterum,
1029 3210 1084 3233 aut
1092 3199 1171 3232 Dia-

296 3260 422 3284 conum
445 3272 455 3286 ,
482 3250 526 3281 ita
551 3249 615 3282 haee
638 3251 791 3285 Tonsura
813 3252 939 3296 Regem
965 3273 975 3289 ,
1001 3250 1170 3293 ipsumque

296 3300 397 3335 etiam
419 3296 604 3339 Augustum
626 3299 810 3343 Principem
834 3300 972 3335 exuebat
984 3299 1146 3344 dignitate
1160 3322 1171 3339 ,

297 3349 426 3393 ejusque
449 3348 668 3388 recuperandae
685 3350 821 3384 faciebat
843 3352 1051 3393 incapacem,
1077 3348 1173 3382 acin-

299 3396 552 3442 dispensabiliter
577 3396 781 3439 irregularem
810 3423 816 3429 .
844 3399 989 3434 Plurima
1019 3398 1172 3433 habemus

302 3451 336 3488 ὅ(
350 3448 466 3484 Graecae
483 3445 673 3488 &Lafinffi
697 3445 730 3481 ἃ
752 3447 788 3480 in
810 3448 921 3490 primis
936 3451 975 3484 ἃ
996 3449 1032 3483 in
1055 3450 1172 3485 mediis

1071 163 1411 209 Lzole

1218 1247 1295 1289 fecit
1320 1274 1327 1281 .
1355 1247 1399 1282 Et
1425 1248 1639 1282 Hermannus
1665 1247 1864 1282 Contrastus
1890 1258 1897 1278 :

1225 2598 1284 2641 fest
1287 2612 1335 2632 um
1347 2604 1550 2640 Conceptionis
1562 2597 1656 2630 beatae
1667 2599 1775 2628 Mariae
1790 2598 1923 2636 Virginis
1936 2617 1943 2624 .
1966 2589 2109 2625 Chroni⁴
2129 2598 2154 2629 [2¹.
2173 2610 2238 2632 ιη,

1483 155 1744 223 Not-ti,

1241 242 1382 283 sarculis,
1408 242 1557 278 Ecclefiae
1575 246 1742 289 exempla.
1770 245 1869 283 Adeo
1891 239 2045 284 labuntur
2055 249 2116 294 qui

1241 295 1431 329 existimant
1456 294 1566 339 Reges
1575 294 1616 328 ab
1629 295 1771 329 Ecclesia
1784 307 1853 330 non
1866 300 1954 341 posse
1963 301 2118 334 exaucto.

1242 346 1302 378 tari
1316 369 1323 376 .
1349 344 1393 377 Et
1408 342 1487 378 hinc
1498 346 1579 378 Dux
1602 343 1801 380 Godefridus
1813 347 2119 392 magisVir-dunen-

1240 395 1305 428 sem
1331 394 1441 429 timuit
1454 394 1654 439 Episcopum
1665 419 1676 435 ,
1702 395 1800 438 quam
1815 391 2001 431 Henricum
2012 398 2118 444 Impe-

1238 454 1378 479 ratorem
1390 471 1398 478 .
1420 445 1515 480 Istius
1525 456 1661 480 manum
1674 455 1810 479 noverat
1822 445 1917 480 omni
1926 443 2022 489 huju-s
2031 459 2116 484 exer-

1238 495 1308 529 citu
1328 493 1370 529 ad
1393 494 1639 540 degradandum
1665 498 1728 530 esse
1748 494 1849 540 longe
1872 496 2113 539 potent-iorem.

1238 545 1331 579 Hinc
1344 544 1411 588 ejus
1422 547 1588 581 tonsuram
1599 571 1610 587 ,
1636 544 1705 580 imo
1717 544 1822 582 solum
1841 548 1981 579 tonsura:
1992 556 2116 583 metum

1236 605 1326 630 tanta
1346 596 1380 630 ἀ
1393 596 1529 640 pecunia
1551 597 1585 630 ὅτ.
1607 596 1795 631 humilitate
1814 596 1977 637 redemit,
2003 596 2117 633 secure

1235 645 1387 690 deinceps
1410 645 1558 681 adversus
1580 647 1764 681 Henricum
1797 659 1873 681 cum
1895 648 2060 690 assumpto
2079 647 2117 682 in

1235 695 1424 731 rebellionis
1455 696 1655 733 consortium
1684 698 1719 732 dc
1751 697 1912 732 auxilium
1946 695 2117 732 Balduiuo

1234 747 1478 782 Flandrenfium
1500 747 1635 782 Comite
1658 748 1876 782 militaturus.
1904 748 1962 780 Eis
1984 740 2117 783 adhaesit

1232 795 1266 829 &
1289 796 1522 832 Theodericus
1546 797 1738 832 Hollandiae
1757 798 1879 832 Comes
1898 823 1910 839 ‚
1939 807 2077 841 totaque
2095 795 2116 831 ὲ

1232 846 1448 893 Lotharingia
1469 848 1655 882 Henricum
1687 849 1896 882 excluserunt
1914 872 1921 879 .
1960 847 2116 881 Rebelles

1232 898 1326 932 sacris
1339 898 1509 933 interdixit
1529 897 1601 933 Leo
1614 898 1770 933 Pontifex
1783 922 1794 938 ‚
1823 897 1934 932 verum
1945 897 2036 940 quod
2053 897 2115 931 Ec-

1230 947 1328 981 clefiae
1350 948 1499 993 gladium
1523 959 1796 989 contemnerent,
1821 947 1862 982 ad
1875 948 2007 981 mitiora
2021 946 2115 991 pacIS

1230 998 1360 1031 consilia
1369 999 1540 1032 conversus
1550 998 1595 1031 est
1608 1023 1619 1038 ‚
1647 998 1820 1042 scribitque
1831 997 1872 1031 de
1885 999 1955 1040 ipso
1968 997 2116 1042 Sigeber·

1230 1057 1280 1080 tus
1292 1047 1535 1081 Gemblacenfis
1549 1060 1556 1079 x
1585 1051 1644 1080 Leo
1659 1051 1747 1089 Papa
1759 1047 1954 1090 Godefridum
1978 1053 2114 1089 Impera·

1227 1103 1284 1130 tori
1294 1098 1495 1130 reconciliavit
1506 1121 1517 1136 ,
1545 1098 1696 1129 Balduino
1706 1103 1891 1138 pertinacius
1908 1107 2014 1142 agente
2024 1123 2035 1139 ,
2049 1108 2113 1131 con-

1226 1156 1277 1180 tra
1295 1158 1360 1180 eum
1389 1151 1552 1188 Imperator
1572 1152 1731 1179 exercitum
1753 1148 1844 1179 duxit
1871 1170 1884 1187 ,
1903 1146 1960 1188 sed
1986 1149 2111 1182 tandem

1226 1197 1396 1230 Balduinus
1405 1197 1501 1238 flexus
1514 1197 1644 1230 condicto
1659 1198 1708 1230 die
1723 1199 1818 1239 Aquis
1829 1200 2007 1239 Imperatori
2015 1195 2110 1239 sati:-

1926 1245 2110 1288 Godefridus
2127 1243 2163 1274 Α·
2181 1247 2269 1280 ῐο49·’

1228 1296 1444 1342 Aquisgranum
1466 1304 1553 1331 venit
1580 1323 1591 1338 ,
1617 1301 1652 1332 Φ·
1673 1298 1838 1339 opItulante
1863 1299 1953 1339 Papa
1973 1301 2111 1340 gratiam

1227 1353 1422 1390 Imperatoris
1439 1354 1602 1390 promeruit
1622 1372 1629 1379 .
1656 1348 1832 1380 Balduinus
1861 1349 1932 1380 vero
1953 1356 2110 1390 utrumque

1227 1408 1412 1432 contemnens
1436 1423 1446 1439 ,
1474 1399 1594 1438 vastata
1615 1397 1654 1430 ab
1676 1402 1804 1430 exercitu
1827 1407 1940 1441 magna
1963 1408 2002 1430 ex
2019 1405 2111 1438 parte

1230 1451 1388 1482 Provincia
1404 1446 1459 1492 sua
1479 1473 1490 1490 ,
1517 1450 1640 1481 tandem
1660 1447 1768 1490 obfides
1786 1449 1873 1480 dedit
1898 1470 1909 1487 ‚
1935 1448 1970 1481 Θ
1986 1445 2111 1489 ραᾶίυη

1226 1510 1290 1531 cum
1302 1503 1480 1540 Imperatore
1484 1499 1564 1539 fecit
1573 1524 1581 1531 .
1611 1498 1740 1532 Bellum
1756 1497 1840 1532 istud
1853 1521 1864 1537 ,
1889 1497 1944 1532 cui
1957 1497 2025 1541 ipse
2036 1497 2123 1531 Le0‘

1229 1549 1384 1582 Pontifex
1403 1548 1563 1589 adfuerit,
1591 1549 1625 1582 ὅ(
1639 1546 1808 1582 Eduardus
1830 1547 2022 1592 Anglorum
2034 1546 2111 1581 Rex

1229 1599 1387 1642 suppetias
1397 1597 1520 1632 dederit
1532 1624 1542 1638 ‚
1568 1598 1660 1632 fuine
1674 1599 1706 1631 in
1723 1597 2111 1632 Flandros‘duriffimum

1229 1648 1335 1682 scribit
1358 1648 1489 1682 Simeon
1514 1647 1744 1682 Dunelmenfis
1769 1673 1775 1679 .
1803 1646 1943 1690 Jacobus
1965 1647 2111 1690 Mejerus

1227 1698 1364 1731 affirmat
1378 1699 1526 1731 Henrico
1539 1699 1752 1732 Gameracum
1763 1698 1796 1731 ὅ(
1807 1696 2026 1740 Antuerpiam
2036 1697 2114 1731 fuis-

1228 1748 1257 1780 se
1269 1747 1286 1779 ὲ
1301 1747 1466 1781 Balduino
1485 1747 1630 1781 restituta
1642 1771 1649 1779 .
1678 1748 1758 1781 Asta
1770 1746 1836 1781 haec
1849 1748 1924 1781 sunt
1935 1747 2113 1791 Aquisgra-

1230 1798 1264 1830 ni
1286 1797 1356 1840 post
1377 1798 1562 1840 praesentem
1584 1797 1757 1839 Synodum
1779 1821 1790 1836 ,
1818 1807 1933 1830 verum
1955 1807 2019 1839 pax
2041 1806 2127 1830 nouv

1229 1847 1291 1881 fuit
1303 1848 1412 1880 firma.
1441 1846 1544 1894 Qod
1555 1848 1645 1881 enim
1667 1847 1700 1880 δε
1712 1845 1914 1881 Godefridus
1934 1846 1967 1880 ὃ(
1977 1845 2114 1880 Baldui·

1231 1909 1290 1931 nus
1302 1897 1514 1931 rebellionem
1524 1897 1753 1941 resumpserint
1767 1897 1837 1939 post
1850 1895 1981 1930 obitum
1997 1895 2114 1930 Ponti·

1231 1947 1298 1981 ficis
1307 1971 1318 1987 ,
1345 1948 1379 1980 δε
1390 1947 1491 1990 usque
1508 1945 1549 1980 ad
1561 1946 1699 1980 Henrici
1713 1947 1800 1979 tertii
1826 1946 1958 1979 obitum
1967 1944 2048 1979 dure
2059 1956 2114 1980 ve-

1230 1997 1377 2030 xaverint
1389 1995 1639 2040 Lotharingiam
1652 2020 1662 2036 ,
1688 1994 1834 2029 ostendit
1860 1994 2009 2029 laudatus
2020 1994 2116 2039 Sige-

1230 2047 1358 2087 bertus‚
1383 2047 1418 2079 δε
1438 2046 1587 2090 adjungit
1609 2058 1616 2078 ε
1645 2047 1772 2079 Coloniae
1789 2045 1926 2089 generali
1949 2048 2120 2078 Conventu-

1228 2097 1328 2130 habito
1342 2121 1350 2136 ,
1371 2098 1546 2129 Balduinur
1573 2095 1825 2137 &Godefriduh
1851 2095 1999 2128 mediante
2021 2097 2114 2135 Papa

1230 2145 1476 2190 Vic‘ioresecundo
1489 2171 1499 2186 ‚
1525 2148 1570 2179 ad
1574 2152 1710 2190 gratiam
1722 2149 1809 2189 Regis
1820 2169 1830 2184 ,
1853 2144 1992 2179 Henrici
2005 2142 2113 2187 quarti

1230 2196 1334 2231 adhuc
1353 2198 1461 2240 pueri,
1488 2198 1522 2230 (π
1529 2205 1632 2239 pacem
1654 2197 1856 2236 reducuntur,
1883 2196 1916 2228 Θ·
1930 2205 2029 2228 omnes
2055 2193 2115 2225 bel-

1229 2250 1321 2280 lorum
1340 2256 1435 2280 motus
1448 2246 1597 2290 sedantur
1621 2273 1627 2279 .
1665 2246 1768 2293 Qod
1795 2256 1913 2288 nempe
1935 2255 2015 2288 puer
2038 2243 2115 2278 Rex

1232 2297 1450 2332 Mosellanam
1471 2296 1725 2341 Lotharingiam
1747 2293 1931 2330 Godeftido
1958 2293 2049 2328 daret
2076 2293 2116 2327 in.

1230 2358 1417 2392 perpetuam
1439 2349 1668 2392 proprietatem
1680 2373 1687 2380 .

1280 2398 1384 2432 Aliud
1407 2397 1502 2441 hujus
1526 2397 1655 2440 Synodi
1672 2397 1840 2431 decretum
1880 2393 2039 2429 habemus
2074 2391 2110 2425 in

1231 2461 1354 2493 magno
1366 2448 1477 2492 Belgii
1491 2447 1662 2482 Chronico
1675 2461 1685 2480 :
1711 2447 1838 2485 synodus
1852 2449 2011 2488 Moguntiae
2020 2450 2123 2486 gene-'

1231 2502 1305 2532 ralis
1317 2499 1479 2532 celebratur
1501 2496 1704 2541 inpraesentia
1716 2500 1737 2529 5
1739 2496 1821 2529 anc‘li
1833 2498 1942 2527 Leonis
1960 2496 2054 2533 Papae
2075 2492 2111 2525 (9

1234 2555 1351 2584 Henrici
1372 2554 1560 2590 Imperatoris
1585 2573 1595 2587 ,
1620 2553 1652 2579 in
1675 2553 1735 2588 qua
1756 2551 1834 2577 inter
1863 2545 1926 2576 alia
1949 2539 2109 2579 instituitur

2128 1627 2162 1656 A·
2184 1631 2268 1660 ¹049·

2308 2148 2317 2153 ›

2333 2629 2339 2637 “
2330 2433 2346 2597 ‘ruz-&mre
2331 2223 2347 2395 &emesa-⁴*

1233 2662 1294 2683 con
1309 2674 1320 2689 ,
1341 2649 1429 2692 quod
1453 2647 1513 2682 sub
1523 2647 1629 2681 Flavii
1645 2644 1764 2679 Dextri
1781 2642 1916 2677 nomine
1928 2639 2110 2685 publicavit

1234 2700 1421 2733 Franciscus
1442 2697 1595 2735 Biverus,
1620 2697 1757 2728 affirmat
1778 2692 1894 2726 festum
1908 2690 1973 2725 hoc
1987 2691 2022 2724 in
2034 2690 2111 2724 His-

1233 2750 1328 2792 pania
1360 2748 1377 2780 ὲ
1396 2748 1512 2780 sancto
1546 2746 1670 2788 Iacobo
1706 2743 1870 2786 Apostolo
1902 2740 2108 2775 institutum:

1233 2798 1332 2844 Quod
1361 2798 1464 2840 ipsum
1493 2796 1644 2830 asseverat
1667 2794 1863 2836 adscriptum
1899 2790 2108 2834 Luitprando
2128 2792 2160 2820 Λ.
2179 2790 2248 2826 308.

1234 2847 1445 2881 Cremonensi
1477 2845 1640 2889 Episcopo
1666 2842 1861 2878 Chronicon
1887 2866 1894 2874 .
1922 2840 2045 2876 Verum
2067 2839 2108 2873 de

1234 2898 1295 2932 isto
1320 2897 1457 2930 articulo
1479 2905 1680 2930 memoratus
1701 2894 1834 2928 Biverus
1854 2890 1936 2926 aded
1955 2889 2111 2930 erubuit,
2266 2925 2285 2946 ·

1234 2959 1270 2982 ut
1291 2946 1344 2991 agi
1357 2947 1443 2980 dicat
1468 2957 1534 2979 non
1547 2946 1586 2980 de
1604 2945 1725 2989 paffivae
1738 2967 1749 2984 ‚
1775 2943 1829 2977 sed
1841 2943 1881 2977 de
1901 2939 2008 2974 affivae
2021 2938 2110 2972 Con·
2258 2951 2271 2977 ς
2324 2968 2332 2975 ,Δ

1233 2997 1395 3041 ceptionis
1413 3022 1423 3037 ‚
1451 2997 1504 3030 seu
1532 2996 1721 3029 Dominicae
1749 2995 1832 3027 intra
1858 2988 2110 3025 Immaculatum

1235 3048 1384 3091 Virginis
1406 3058 1531 3080 merum
1547 3044 1786 3080 lucarnationis
1807 3041 1907 3075 festo.
1937 3039 2042 3083 Sergii
2052 3038 2117 3082 pri-

1235 3097 1461 3132 miPontificis
1475 3097 1538 3130 vita
1554 3121 1563 3136 ,
1590 3096 1742 3139 antiquus
1753 3092 1845 3125 Ordo
1859 3090 2052 3131 Romanus,
2077 3088 2113 3123 δε

1235 3145 1419 3182 Amalarius
1431 3148 1630 3180 Fortunatus
1643 3145 1708 3179 sola
1720 3140 2002 3176 Annunciationis
2015 3163 2026 3179 ,
2045 3138 2115 3173 Na-

1233 3198 1371 3233 tivitatis
1401 3222 1412 3238 ‚
1440 3196 1691 3230 Purificationis
1708 3216 1719 3233 ‚
1746 3202 1782 3224 ac
1801 3189 2011 3224 dormitionis
2033 3187 2112 3244 fella
2127 3209 2189 3240 1:01·
2200 3218 2245 3244 ²4·

1234 3248 1419 3284 adscribunt
1428 3247 1574 3290 Deiparae
1588 3242 1737 3287 Virgini,
1760 3241 1900 3283 ideoque
1911 3241 2113 3281 Conceptro·

1236 3301 1286 3332 nis
1297 3298 1454 3332 festivitas
1482 3295 1618 3329 necdum
1640 3300 1706 3325 erat
1726 3291 1811 3334 apud
1832 3291 1986 3325 Latinos.
2013 3284 2112 3329 Apud
2131 3286 2224 3326 Lib.3.

1237 3351 1369 3384 Graecos
1385 3347 1429 3381 est
1443 3342 1677 3387 antiquiffima.
1706 3341 1840 3375 Etenim
1852 3338 1980 3374 novella
1990 3361 2002 3377 ,
2015 3347 2114 3379 quam
2130 3339 2192 3370 321'·
2202 3337 2248 3366 43·

1238 3399 1300 3433 suis
1322 3398 1363 3432 ad
1396 3394 1509 3429 Photii
1536 3393 1816 3425 Nomocanonem
1829 3388 1961 3424 scholiis
1979 3387 2115 3421 inseruit

1237 3448 1440 3483 Theodorus
1469 3441 1663 3483 Balsamon,
1691 3440 1856 3480 Manuelis
1868 3437 2036 3475 Comneni
2054 3436 2119 3471 Im-

1982 3496 2067 3531 peta-
