2352 3736
453 201 510 231 De
544 185 740 231 SIMONJAE
774 196 988 239 CRIMINE,
1027 196 1078 225 ET
1111 196 1252 229 vimus
1288 198 1348 228 AD
1382 196 1503 230 IPSUM
1538 199 1865 233 SPECTANTIBUS·

251 266 509 305 cancellarium:
538 270 678 300 Canonici
693 266 819 308 quidam
838 270 871 296 in
881 267 993 298 vicinia
1014 260 1132 301 nostra,

245 319 275 363 fi
293 328 394 352 tamen
422 322 565 352 canonici
575 316 692 350 dicendi
700 313 792 358 fient,
819 319 871 356 qui
891 318 922 344 in
933 313 1052 352 Templo
1074 313 1132 343 Dei

250 368 396 402 columbas
415 369 555 402 vendunt
579 369 614 401 ὀ·
633 374 753 405 emunt,
774 368 825 405 qui
836 363 872 394 de
883 359 1042 403 Baptismo
1060 368 1131 402 pre-

251 427 327 453 tium
352 444 365 460 ‚
398 419 435 452 de
462 422 586 451 mortuis
609 414 793 458 sepulturam
817 412 960 444 violenter
988 418 1111 453 exigunt
1124 435 1134 450 ‚

251 472 307 503 (τε.
336 469 379 502 Et
403 467 485 503 infra
512 469 544 501 in
557 465 675 500 eisdem
698 461 837 495 litteris:
863 464 978 494 Contra
999 466 1134 502 patrium

248 531 359 552 morem
370 542 381 558 ,
405 528 505 552 contra
516 513 749 558 consuetudinem
762 516 891 543 omnium
917 508 1111 552 Ecclefiarum
1123 534 1134 549 ‚

249 573 447 614 contrusus,
473 574 572 601 contra
582 567 718 596 canones
732 586 743 602 ,
768 570 870 594 contra
894 563 990 594 Deum
1005 585 1016 601 ,
1058 561 1135 602 epul-

249 630 333 652 iuras
338 625 493 663 graviores
520 618 664 656 exigunt,
691 613 726 645 ὁ·
748 611 880 644 omnibus
896 635 907 651 ,
934 620 967 644 ut
988 611 1062 644 alibi
1076 618 1135 651 pro

250 668 343 709 salute
354 673 462 700 animae
479 661 669 707 suaesepeliri
690 672 748 695 non
757 661 860 703 pofflnt
876 684 887 700 ,
911 662 1131 693 contradicunt.

246 709 318 751 *Dici
339 728 394 749 non
412 713 501 756 potest
515 738 525 754 ,
550 721 679 756 quantus
699 711 768 744 hinc
785 712 889 754 populi
902 710 1045 744 tumultus
1057 715 1132 743 oria-

246 776 297 802 'tur
316 791 327 807 ‚
352 774 467 808 quanta
490 763 627 797 nobilium
646 762 830 805 querimonia
851 786 862 802 ‚
897 768 1011 803 quanta
1035 765 1131 794 eonvi-

245 813 290 851 cia
312 840 323 854 ,
349 824 473 857 quanta?
495 813 715 847 maledictiones
738 836 744 843 .
779 811 960 845 Scandalum
996 810 1048 843 boc
1060 812 1131 851 jam

243 866 337 899 multa
348 864 504 899 homicidia
510 863 692 908 seminavit.
721 862 822 895 Extat
849 860 1039 903 Epistolain
1053 860 1133 903 ejus·

242 915 318 949 dem
334 915 529 950 Monasterii
557 910 730 949 Chronico
750 910 836 955 apud
849 910 1058 945 Franciscum
1084 910 1130 943 du

75 956 129 984 Μ’
144 965 224 993 ¹¹¹9·
241 965 374 1000 Chesne
395 992 402 998 .
429 964 579 1008 Exponit
602 962 747 1006 ejusdem
776 960 909 994 Author
937 960 1130 1005 incognitus

145 1021 147 1025 '
241 1014 431 1050 Monachus
453 1027 460 1046 :
498 1018 580 1047 Inter
607 1025 659 1046 nos
693 1014 727 1046 (ιτ
755 1015 918 1044 canonicos
942 1008 1129 1053 stampenses

237 1066 396 1109 foediffima
420 1064 702 1104 &turbulentissima
715 1063 753 1095 de
770 1059 950 1105 sepeliendis
964 1060 1128 1103 corporibus

240 1116 360 1158 quaestio
384 1114 585 1159 versabatur.
611 1113 732 1147 Multis
755 1111 896 1146 edisserit
921 1135 932 1150 ‚
959 1110 1128 1154 quomodo

241 1166 409 1201 Canonici
421 1165 617 1210 Apostolica
628 1160 824 1196 Monasterii
836 1161 1009 1204 spreverint
1034 1160 1127 1203 privi-

241 1216 328 1261 legia
344 1241 355 1256 ‚
381 1227 436 1260 per
447 1215 580 1251 Laicam
595 1212 788 1256 potestatem
815 1211 964 1258 &frnalas
985 1220 1066 1244 artes
1088 1221 1124 1244 ea

239 1266 444 1300 exsufflarint
457 1290 468 1305 ,
493 1262 703 1308 oppresserint
715 1259 903 1295 Monachos
917 1284 929 1300 ‚
953 1270 1051 1304 atque
1080 1261 1124 1294 ita

238 1316 275 1350 in
300 1315 388 1350 fideli
403 1340 414 1357 ‚
440 1312 622 1349 Monachis
661 1313 783 1355 semper
819 1309 947 1345 addicto
963 1333 974 1349 ,
1001 1311 1125 1354 populo

237 1365 378 1409 plurima
417 1365 568 1400 scandala
587 1387 598 1404 ,
623 1362 776 1396 convicia
803 1384 814 1401 ‚
855 1359 1120 1401 maledictiones,

238 1417 310 1450 imo
336 1416 368 1449 δε
382 1413 560 1449 homicidia
572 1411 759 1447 seminarint
771 1436 778 1443 .

290 1466 342 1499 Ex
355 1463 419 1499 hoc
442 1465 535 1498 fonte
557 1462 702 1496 videmus
712 1461 813 1494 etiam
832 1457 898 1493 hoc
910 1458 1022 1492 nostro
1045 1468 1126 1493 tern-

236 1525 317 1559 pore
339 1514 493 1548 cadavera
514 1513 605 1555 super
625 1519 744 1546 terram
766 1507 924 1544 detineri.
951 1509 1038 1543 Rem
1059 1507 1125 1543 har-

236 1564 347 1599 baram
358 1561 399 1598 de
413 1561 577 1606 cujusdam
587 1560 757 1596 creditoris
770 1559 804 1592 in
818 1558 1057 1593 moribundum
1070 1559 1123 1593 de-

234 1613 377 1649 bitorem
395 1612 562 1649 violentiis
572 1612 667 1645 refert
687 1611 720 1644 in
742 1609 886 1642 Novella
909 1607 949 1642 ad
961 1609 1122 1652 Joannem

231 1664 413 1699 orientalis
441 1661 587 1697 Praetorii
613 1661 804 1695 Praefestum
825 1659 900 1703 lege
922 1658 1123 1701 Justinianus

234 1713 424 1759 Augustus,
450 1715 485 1747 ὅ(
509 1711 550 1746 de
573 1711 739 1745 attentatis
754 1710 787 1743 in
814 1709 957 1742 defuncti
987 1708 1122 1743 cadaver

234 1763 360 1806 injuriis
373 1763 593 1807 prosequitur:
621 1766 727 1803 Neque
747 1759 908 1799 itareccffit
921 1783 931 1798 ‚
955 1757 1012 1801 sed
1030 1764 1122 1792 etiam

234 1814 409 1855 defunHum
432 1815 580 1854 injuriare
604 1822 666 1843 eum
689 1821 745 1843 non
754 1815 852 1854 piguit
870 1834 879 1848 ‚
902 1814 1035 1850 primum
1061 1815 1122 1851 qui-

233 1866 303 1897 dem
324 1862 450 1905 infistens
475 1873 532 1895 non
556 1860 620 1902 fieri
649 1866 790 1903 exequias
804 1884 815 1900 ,
842 1859 948 1892 deinde
972 1860 1037 1891 ciem
1063 1864 1120 1893 vix

233 1913 356 1957 coepiffet
380 1915 417 1946 de
436 1913 519 1945 domo
542 1913 648 1954 deponi
667 1918 794 1943 mortuus
818 1933 828 1949 ‚
854 1908 985 1949 instabat
1006 1909 1121 1951 publice*

226 1957 347 2005 portari
356 1962 461 1996 larum
473 1972 530 1995 non
534 1960 634 2003 finem
647 1986 658 2002 ,
684 1971 777 2002 neque
788 1959 995 1993 deducendum
1007 1961 1119 1999 dicens,

230 2009 289 2054 nifi
305 2012 437 2047 debiturn
450 2017 615 2055 perceperit
640 2036 651 2052 ‚
687 2011 775 2043 donec
791 2007 960 2052 sponsorem
983 2015 1093 2050 accepit
1109 2033 1119 2049 ,

231 2064 266 2097 ὑ·
291 2067 335 2095 ita
358 2065 431 2104 jam
440 2062 612 2104 defum'lum
635 2061 717 2094 tradi
730 2067 820 2093 terrae
830 2056 975 2101 permiste.
1001 2058 1119 2092 Barba-

229 2114 312 2148 riem
321 2110 405 2147 hanc
416 2110 607 2157 rigidiffime
617 2109 752 2146 damnat
761 2110 795 2144 &
805 2109 903 2153 punit
917 2132 928 2148 ,
954 2108 1118 2143 innovans

229 2163 436 2207 &amplians
449 2162 588 2196 similem
603 2158 771 2195 Avunculi
786 2159 835 2194 sui
850 2158 968 2202 Justini
989 2159 1094 2203 legem
1105 2183 1115 2199 ‚

231 2212 411 2248 exstantem
424 2214 458 2247 in
473 2213 530 2246 suo
543 2212 669 2247 Codice
681 2210 723 2245 ad
734 2210 868 2244 titulum
893 2209 933 2243 de
948 2206 1116 2251 sepulchro

230 2262 359 2297 violato
379 2288 387 2295 .
425 2260 776 2298 Eandembarbariem
802 2257 957 2294 acerrime
983 2257 1116 2292 damnat

231 2312 268 2345 in
294 2311 382 2346 libro
401 2312 443 2346 de
459 2314 574 2347 Sanito
599 2312 714 2345 Tobia
740 2311 872 2345 Sanctus
901 2306 1114 2342 Ambrosius:

58 2364 130 2399 Cap.
151 2370 195 2392 ιο-
231 2363 358 2405 ,Quoties
370 2362 436 2395 vidi
448 2363 467 2394 ἃ
483 2360 717 2402 foeneratoribus
730 2357 987 2400 teneridefunblos
996 2366 1053 2400 pro
1069 2364 1118 2401 pi·

226 2423 340 2456 gnere,
367 2413 403 2446 Θ·
428 2417 530 2456 negari
555 2411 699 2444 tumulum
712 2411 783 2442 dum
804 2408 909 2450 foenus
931 2407 1112 2452 exposcitur.

231 2462 410 2507 Eleganter
422 2459 623 2496 demonstrat
632 2459 785 2494 homines
796 2458 874 2492 istos
885 2458 947 2493 effe
956 2460 1113 2493 carnifici·

231 2511 291 2546 bus
300 2511 447 2545 duriores
461 2535 468 2543 .
494 2510 591 2558 Qu
607 2510 675 2543 imo
685 2508 820 2554 gentilis
832 2509 1010 2552 Imperator
1023 2510 1115 2543 Seve-

231 2573 284 2596 rus
294 2562 423 2603 sanxit,
448 2564 501 2594 Ne
522 2567 642 2602 corpora
665 2560 867 2592 detinerentur
892 2567 947 2591 aut
969 2570 1113 2592 vexaren-

232 2621 280 2644 tur
306 2636 317 2652 ‚
350 2620 403 2646 aut
425 2608 652 2654 prohiberentur
676 2618 729 2652 per
754 2609 927 2651 oppidorum
963 2615 1113 2643 terriima

233 2660 413 2702 transferri.
441 2661 486 2695 Et
498 2661 603 2696 Divus
626 2659 759 2694 Marcus
780 2658 955 2702 rescripsit:
983 2661 1112 2692 Nullam

232 2716 353 2749 poenam
372 2711 499 2755 meruiffe
524 2723 590 2752 eos,
618 2715 669 2753 qui
693 2717 796 2752 corpus
816 2714 848 2742 in
859 2713 964 2742 itinere
977 2708 1113 2750 defun&

230 2764 289 2798 Per
299 2762 378 2790 vicos
403 2769 451 2793 aut
462 2762 602 2803 oppidum
613 2759 872 2803 transvexerunt,
896 2764 1039 2801 quamvis
1064 2768 1112 2792 ta-

234 2805 413 2848 llafim'fine
421 2811 551 2854 permiffu
573 2822 670 2844 eorum
682 2835 692 2851 ‚
720 2810 826 2853 quibus
845 2811 1042 2851 permittendi
1051 2812 1109 2851 jus

234 2854 276 2895 ‘st
286 2879 296 2896 ‚
322 2867 379 2888 non
390 2855 528 2890 debeant.
554 2860 603 2895 Ita
624 2861 724 2895 habes
748 2861 781 2894 in
795 2860 1039 2905 quadragesimo
1066 2861 1110 2893 se·

233 2905 341 2949 ptimo
351 2905 563 2950 Digestorum
572 2909 655 2944 libro
667 2911 707 2944 ad
720 2910 855 2945 titulum
876 2910 918 2944 de
936 2907 1107 2952 sepulchro

231 2954 374 2989 violato.
403 2954 450 2989 At
471 2966 549 2990 vero
569 2956 667 2993 hodie
678 2960 763 3003 apud
787 2971 848 2994 nos
865 2959 1071 2993 Christianos
1085 2959 1107 2992 fi

234 3005 306 3048 quis
317 3005 447 3050 peregre
457 3005 601 3040 moriens
619 3008 738 3050 sepeliri
749 3010 827 3044 velit
841 3010 875 3043 in
889 3009 997 3043 Patria
1010 3033 1020 3049 ,
1040 3010 1107 3053 ejus

233 3054 367 3089 cadaver
388 3056 464 3090 loco
488 3055 610 3089 moveri
637 3067 691 3089 aut
700 3060 861 3093 transferri
884 3071 953 3094 non
969 3060 1080 3093 finitur
1095 3085 1105 3101 ‚

232 3105 292 3137 nifi
315 3105 446 3149 singulis
465 3127 476 3143 ‚
500 3115 555 3148 per
579 3116 713 3148 quarum
739 3109 896 3143 territoria
922 3110 1106 3150 transierit,

232 3153 479 3189 parochialibus
500 3154 649 3189 Ecclefiis
663 3155 848 3198 persolverit
867 3161 920 3191 sua
939 3158 1028 3201 jura.
1057 3159 1105 3193 Ea

229 3203 272 3238 de
284 3204 375 3238 causa
392 3204 589 3248 quandoque
601 3204 748 3238 videmus
769 3203 920 3240 cadavera
938 3207 1101 3242 arrestari.

226 3254 334 3297 Cujus
357 3254 603 3289 consuetudinis
621 3253 778 3297 justitiam
798 3265 866 3288 non
886 3254 982 3289 video
1004 3258 1104 3301 usque

227 3302 292 3338 huc
306 3329 317 3344 ,
345 3304 378 3338 δε
401 3303 500 3346 cupio
520 3302 663 3339 edoceri.

276 3353 377 3388 Recte
389 3363 498 3387 tamen
510 3354 546 3387 in
556 3354 610 3388 sua
622 3354 822 3388 Londinenli
835 3354 971 3398 Synodo
980 3354 1103 3399 aliquid

60 1756 134 1793 Lege
150 1759 197 1788 601

1130 2532 1135 2584 Ι

2081 124 2095 156 l?

1941 185 2006 241 89

1196 262 1375 297 beriensem
1387 288 1398 304 ,
1425 276 1522 308 quam
1533 264 1644 298 statuit
1657 266 1788 299 Sanetus
1806 265 1982 301 Anselmus
2004 267 2073 302 Pri-

1198 312 1530 349 masCantuarienfis.
1558 315 1685 349 Eodem
1706 327 1853 359 tempore
1874 317 1984 351 Gualo
1995 319 2073 353 Car-

1196 360 1316 395 dinalis
1328 388 1337 403 ‚
1367 363 1528 399 Paschalis
1539 361 1670 400 secundi
1684 376 1737 408 per
1749 365 1892 400 Galliam
1906 367 2050 412 Legatus
2060 393 2072 410 ,

1197 411 1330 445 Canoni
1356 414 1433 454 suo,
1459 410 1636 458 quidquam
1657 427 1715 459 pro
1738 415 1896 458 sepultura
1925 418 1976 451 vel
2000 430 2075 453 exe-

1197 462 1281 503 quiis
1291 463 1381 507 exigi
1396 466 1538 503 vetanti,
1565 466 1682 508 adjecit
1693 463 1777 498 hanc
1788 465 2071 502 moderationem:

1195 514 1373 545 Moneantur
1399 522 1500 546 tamen
1529 518 1613 547 Laici
1639 517 1793 559 diligenter
1820 540 1831 555 ‚
1858 526 1894 549 ne
1919 518 1998 558 quod
2016 526 2073 560 pro

1196 564 1215 593 5
1216 572 1448 595 aeramentorum
1459 570 1626 596 reverentia
1640 567 1789 599 Fide-lium
1804 567 1920 599 devotio
1940 569 2074 601 introdu-

1196 617 1245 643 xit
1258 635 1269 651 ‚
1295 623 1333 644 ex
1350 618 1484 645 avaritia
1509 613 1605 646 velint
1632 616 1819 656 aliquatenus
1842 628 2000 650 revocare.
2031 619 2075 651 Et

1195 660 1274 696 odo
1299 662 1478 696 Parifienfis
1503 663 1703 705 Episcopus:
1735 665 1800 704 Post
1815 664 2002 707 sepulturam
2016 672 2076 701 exi-

1189 719 1267 754 gant
1285 711 1450 746 laudabiles
1472 711 1695 756 consuetudlnes
1708 737 1715 744 .
1744 715 1788 747 Et
1811 715 1843 747 in
1866 717 2073 752 Lateranenfi

1194 762 1332 803 Synodo
1354 762 1567 797 Innocentius
1595 763 1707 796 tertius
1720 776 1731 796 .·
1757 765 1891 806 ,Quidam
1913 770 1997 800 Laici
2012 770 2075 801 lau·
2090 765 2162 805 Cap.
2179 769 2228 798 661

1194 810 1323 845 dabilem
1334 811 1572 856 consuetudinem
1585 837 1595 852 ‚
1619 824 1689 857 erga
1703 811 1841 855 sant¹lam
1856 816 2012 856 Ecclesiam
2018 824 2074 859 pia

1194 861 1344 895 Fidelium
1368 864 1522 896 devotione
1543 863 1764 902 introduc‘lam‚
1791 874 1828 895 ex
1847 863 1997 904 fermento
2015 866 2075 901 bae-

1192 918 1292 944 reticae
1312 918 1485 954 pravitatis
1497 919 1633 948 nituntur
1657 913 1820 957 infringere
1840 911 1897 956 sub
1917 922 2074 956 praetcxtu

1192 965 1349 995 Canonicae
1357 968 1502 1005 pietatis.
1530 966 1723 1008 ,Quapropter
1751 965 1785 997 o·
1803 971 1924 1005 pravas
1948 966 2075 999 exac‘lio-

1193 1023 1243 1044 nes
1250 1011 1340 1055 super
1352 1013 1400 1046 bis
1408 1012 1474 1054 fieri
1479 1014 1673 1056 probibemus
1685 1039 1695 1055 ,
1719 1014 1754 1047 ό·
1759 1020 1831 1055 pias
1852 1013 2074 1057 consuetudines

1188 1069 1382 1105 precipimus
1396 1062 1573 1107 observari,
1593 1064 1755 1105 statuentes
1768 1073 1801 1096 ut
1821 1064 1912 1098 libere
1920 1065 2075 1107 conferan-

1190 1120 1240 1145 tur
1252 1113 1446 1155 Ecclefiaflica
1461 1116 1673 1155 Sacramenta,
1694 1113 1752 1157 sed
1767 1123 1823 1156 per
1834 1113 2016 1158 Episcopum
2036 1117 2075 1149 lo.

1190 1168 1239 1202 ci,
1265 1170 1379 1207 cognita
1403 1170 1531 1198 veritate
1554 1190 1565 1206 ,
1591 1163 1833 1206 compescantur,
1858 1170 1910 1207 qui
1930 1167 2075 1199 malitiose

1193 1219 1327 1247 nituntur
1335 1213 1517 1248 laudabilem
1527 1213 1761 1258 consuetudinem
1783 1220 1941 1250 immutare
1952 1240 1959 1247 .
1988 1216 2074 1260 Agit

1190 1262 1498 1299 adversusomnium
1528 1265 1709 1310 generatim
1724 1264 1904 1299 Laicorum
1930 1265 1967 1299 in
1993 1265 2076 1299 Prae-

1192 1313 1311 1355 positos
1333 1313 1623 1357 fibi‘Presbyteros
1647 1315 1889 1349 irreverentiam
1910 1339 1921 1355 ,
1948 1311 2076 1359 praeser-

1189 1362 1249 1396 tim
1262 1372 1371 1397 tamen
1386 1364 1556 1398 adversum
1581 1364 1779 1409 Albigenses
1801 1363 1988 1405 haereticos,
2014 1376 2075 1399 no-

1189 1412 1327 1447 strorum
1347 1413 1611 1448 Lutheranorum
1658 1416 1692 1448 &
1715 1413 1968 1448 calvinistarum
1989 1415 2074 1449 Prae-

1187 1464 1330 1496 cursores
1346 1488 1358 1503 ‚
1385 1461 1557 1496 honestam
1591 1462 1860 1496 sustentationem
1888 1463 2073 1499 invidentes

1188 1511 1324 1545 Clericis
1346 1536 1357 1551 ,
1383 1511 1525 1555 ideoque
1550 1511 1742 1546 damnantes
1768 1512 1869 1547 etiarn
1894 1514 2073 1557 gratuitam

1186 1561 1290 1595 fidelis
1317 1562 1432 1604 populi
1453 1561 1656 1596 oblationem
1681 1584 1693 1601 ,
1716 1571 1814 1606 atque
1833 1563 1998 1606 sperantes
2019 1564 2075 1599 ad-

1185 1612 1309 1644 versum
1336 1612 1398 1645 sua:
1423 1611 1568 1655 perfidias
1587 1612 1721 1647 Clerum
1750 1635 1762 1651 ,
1795 1623 1894 1656 quem
1914 1613 1999 1648 ferro
2018 1625 2074 1649 ex-

1184 1661 1350 1706 stinguere
1360 1673 1429 1696 non
1442 1671 1616 1706 poterant,
1642 1661 1709 1696 hoc
1720 1663 1823 1696 modo
1841 1663 2050 1699 evellendum
2064 1690 2072 1696 .

1186 1711 1295 1745 Etiam
1307 1711 1341 1746 in
1357 1712 1411 1746 sua
1423 1712 1654 1758 Salisburgenfi
1669 1712 1810 1756 Synodo
1828 1714 1970 1757 Joannes
1996 1715 2075 1749 Car-

1183 1759 1304 1795 dinalis
1327 1787 1338 1803 ‚
1376 1762 1586 1797 Tusculanus
1614 1763 1798 1807 Episcopus
1823 1788 1834 1804 ,
1873 1764 1909 1798 δε
1931 1765 2075 1799 Martini

1183 1812 1293 1854 quinti
1331 1823 1386 1855 per
1409 1813 1623 1847 Germaniam
1661 1813 1807 1858 Legatus
1836 1838 1847 1854 ,
1879 1811 1976 1848 hasce
2000 1826 2075 1849 exa·

1182 1861 1307 1896 stiones
1320 1861 1531 1897 abominatur
1556 1863 1590 1897 ὃς
1600 1861 1734 1897 damnat
1746 1888 1756 1903 ‚
1783 1864 1818 1896 δε
1831 1872 1945 1898 tamen
1960 1864 2076 1908 adJun-

1181 1911 1231 1955 git
1249 1925 1256 1944 :
1290 1915 1348 1946 Per
1360 1912 1411 1945 boc
1421 1924 1479 1946 non
1493 1914 1675 1947 intendimus
1687 1936 1698 1952 ‚
1722 1914 1802 1956 quod
1820 1912 1988 1948 laudabiles
2012 1926 2077 1949 con-

1175 1959 1203 2004 s
1195 1962 1349 1995 uetudines
1361 1964 1486 1996 locorum
1500 1962 1552 2006 [ἐκ
1565 1962 1760 2005 Ecclefiarum
1773 1962 1947 1998 habentium
1960 1969 2075 1999 Caeme-

1181 2017 1258 2044 teria
1272 2036 1281 2052 ,
1311 2012 1440 2056 infringi
1466 2013 1596 2046 debeant
1620 2038 1630 2054 ,
1657 2014 1692 2047 (5
1714 2014 1795 2056 quod
1808 2016 1913 2057 poffint
1933 2015 2075 2050 Rec‘iores

1179 2061 1551 2104 earumdem-Ecclefiarum
1564 2069 1688 2106 recipere
1697 2064 1778 2098 licite
1798 2089 1808 2105 ,
1828 2063 1858 2106 fi
1864 2064 2073 2109 consanguinei

1180 2114 1232 2144 vel
1239 2111 1293 2144 alii
1297 2121 1355 2155 pro
1377 2112 1528 2154 defunllis
1549 2113 1611 2155 post
1623 2112 1807 2156 sepulturam
1830 2116 1949 2156 aliquid
1968 2114 2073 2156 offerre

1179 2164 1328 2195 voluerint
1339 2164 1504 2196 devotionis
1516 2170 1647 2202 intuitu,
1659 2165 1795 2196 &etiam
1802 2170 1930 2204 pietatis
1950 2190 1957 2197 .
1987 2165 2075 2198 Lau-

1179 2210 1343 2245 dabilibus
1366 2213 1433 2245 istis
1457 2212 1749 2246 consuetudinibus
1770 2213 1810 2247 ad
1832 2213 1998 2248 Laicalem
2036 2215 2073 2250 &

1180 2260 1377 2295 Clericalem
1391 2262 1560 2295 avaritiam
1574 2262 1771 2296 fraenandam
1787 2263 1891 2306 plures
1912 2263 1978 2307 jam
1995 2263 2074 2307 Epi-

1179 2312 1267 2354 scopi
1280 2312 1422 2345 fixerunt
1446 2313 1629 2345 mensuram
1655 2313 1689 2346 ὃς
1703 2313 1863 2354 modurn,
1889 2313 1931 2348 do
1951 2314 2073 2359 quibus

1178 2372 1244 2406 ego
1254 2372 1321 2395 non
1343 2361 1459 2405 poffim
1478 2359 1620 2405 judicare
1632 2385 1641 2394 .

1336 2566 1681 2616 CAPUT
1751 2570 1914 2616 XIII..

1173 2708 1427 2772 Exponuntur
1449 2705 1596 2754 exaHio
1620 2711 1679 2754 <9⁴
1711 2706 1849 2754 oblatio
1867 2723 1939 2775 pro
1965 2712 2061 2755 Con-

1279 2778 1459 2837 cionibus,
1489 2777 1723 2843 Exorcistm's
1737 2814 1753 2837 ,
1786 2782 1844 2823 (9⁴
1872 2775 1956 2824 aliis

1516 2847 1556 2894 id
1574 2869 1712 2915 genus.

1270 2957 1354 2991 [vini
1379 2957 1468 2992 verbi
1492 2957 1755 3001 praedicationem
1777 2954 2056 3004 effe-praecipuam

1292 3006 1471 3043 Christiani
1493 3009 1671 3042 Sacerdotii
1708 3017 1828 3050 partem
1856 3006 1992 3039 affirmat
2019 3007 2054 3041 in

1169 3056 1271 3098 prima
1284 3057 1325 3092 ad
1338 3056 1492 3092 Corinth.
1506 3058 1653 3099 Epistola
1679 3054 1874 3098 Apostolus:
1904 3054 2055 3098 Nonsum

1168 3106 1268 3147 miffus
1291 3110 1463 3148 Baptizare
1486 3131 1495 3146 ‚
1519 3106 1577 3149 sed
1600 3106 1836 3148 Evangelizare.
1874 3105 1984 3152 Qire
2013 3106 2052 3140 ab

1167 3156 1262 3190 omni
1287 3157 1372 3197 turpi
1399 3156 1540 3198 quaestu,
1568 3155 1724 3198 omnique
1745 3154 1810 3196 ejus
1841 3155 1944 3197 specie
1955 3155 2049 3190 debet

1168 3205 1398 3241 effeimmunis
1423 3205 1613 3238 &remota.
1643 3204 1734 3237 Hinc
1755 3205 1795 3237 de
1817 3205 1968 3239 Domino
1994 3218 2050 3239 no·

1168 3255 1351 3299 stroJESU
1366 3253 1580 3287 CHRISTO
1596 3279 1606 3293 ,
1631 3254 1781 3288 omnium
1795 3254 2045 3289 Praedicatorum

1168 3306 1344 3347 Principe,
1371 3303 1482 3337 scribit
1503 3304 1536 3337 in
1548 3303 1650 3337 Sanni
1679 3304 1813 3347 Joannis
1828 3306 2043 3350 Evang2-liffr<

1170 3354 1425 3389 Commentariis
1439 3354 1620 3398 §.loannes
1642 3354 1917 3397 Chrysostomns:
1945 3361 2042 3388 Nem
2083 3363 2087 3371 ²

228 3403 414 3439 Parochiali
436 3402 629 3447 Presbytero
648 3404 728 3447 juste
758 3416 798 3439 ex
823 3405 978 3448 sepultura
1010 3404 1103 3440 debe·
1163 3410 1320 3446 pecuniam
1346 3403 1457 3444 Christo
1485 3404 1552 3452 dedi
1574 3415 1589 3437 e
1614 3414 1757 3437 narratur
1788 3429 1799 3445 ‚
1821 3404 1879 3447 sed
1898 3406 1974 3446 qumi

229 3453 256 3489 ri
275 3455 443 3498 supposuit
469 3453 578 3497 potius
599 3454 683 3497 apud
711 3454 929 3490 Guilielmum
949 3455 1103 3491 Malmes-

330 3504 517 3547 Chrisl.Lupi
527 3509 611 3547 oper.
623 3507 753 3539 Tom.1V.

1162 3454 1283 3498 scipulae
1305 3453 1396 3489 vu‘iui
1423 3454 1577 3497 necdffaria
1605 3455 1799 3497 prabebant.
1821 3454 1926 3487 Fuisse
1957 3464 2042 3487 enm..

1566 3503 1608 3537 M
1837 3502 1996 3538 vetustum
