2352 3736
672 134 1226 178 ·DECRETUM
1296 131 1661 177 PRIMUM.

1947 146 2039 191 275

279 219 373 254 fieriu
393 217 545 252 videntur
567 216 804 258 obtemperasse
822 241 831 256 ,
860 216 894 249 &
921 213 1000 248 hinc
1023 211 1164 256 postmo-
1224 225 1311 246 mans
1330 213 1411 247 humi
1438 214 1757 249 circumvolutabatur.
1788 198 1892 258 Itaque
1916 225 1980 250 eum
2003 216 2108 257 confilti

277 268 363 302 dum·
374 268 566 311 subjacuisse
597 266 769 307 abusibus5
795 266 874 312 quin
897 266 931 299 ὃς
953 263 1162 297 Novitiatum

277 329 414 352 omnem
434 330 532 362 atque
545 318 787 361 'probationem
811 315 1014 350 intermisisse
1028 338 1035 345 .
1072 312 1164 344 Hinc

278 365 370 402 enim
382 368 762 410 Constantinopolitanae
778 390 789 406 ,
812 376 910 408 quam
923 365 958 397 in
972 364 1162 396 Sandiorum

276 416 846 462 ApostolorumBafilicacelebravit
872 410 1055 447 Patriatcha
1082 411 1164 445 Pho.

277 470 366 509 tius,
393 468 520 511 Synodi
546 469 682 512 quintus
704 467 823 501 Canon
853 463 938 497 hanc
962 462 1165 496 intermissio-

279 530 357 552 nem
368 519 508 563 graviter
520 517 706 562 improbat,
731 527 769 549 ac
790 514 910 558 pergit:
939 518 1038 546 Nemo
1062 516 1166 544 Mona-

271 567 343 609 stica
352 569 457 602 habitu
468 571 583 613 dignus
593 574 716 608 putetur
727 590 738 605 ,
762 562 942 607 priusquam
953 567 1077 596 triennit·
1092 571 1166 595 tem-

273 627 335 661 pus
345 620 388 652 ad
395 623 610 662 experientiam
619 620 661 648 eis
670 615 802 648 relidam
814 625 860 647 eos
872 615 923 657 effe
933 613 1075 655 probatos
1094 635 1104 651 ‚
1131 612 1166 644 <9⁶

276 670 335 702 tali
354 675 423 702 vita
444 670 550 711 dignos
573 665 728 706 ostenderit
744 690 751 697 .
775 665 887 698 Sancit
912 663 998 697 duo.
1027 660 1140 694 Primo
1154 685 1165 700 ,

277 717 754 760 utcunstiNovitiicogantur
768 715 808 748 ad
833 713 970 748 triennii
995 710 1159 754 probatio-

275 779 371 803 nem.
400 766 575 807 Secundo,
602 776 638 800 ut
661 774 735 798 ante
759 765 850 798 illam
874 763 1041 806 expletam
1066 766 1164 795 nemo

274 816 416 851 donetur
439 817 631 850 Monastico
660 815 776 849 habitu
792 837 803 853 ‚
828 813 943 855 utique
971 810 1164 856 Angefico,

273 869 328 901 seu
355 878 506 911 magno.
544 864 670 900 Lucide
706 861 836 897 videtur
856 863 982 896 sancire
1016 859 1164 896 adversus

270 914 447 950 'Theodori
458 916 686 950 testamentum
701 938 724 954 ,=
739 915 772 947 &
786 922 880 947 natos
891 924 932 946 ex
946 912 1016 956 ipso
1027 911 1162 946 abusus.

272 966 318 1000 Et
334 977 400 999 non
414 966 509 1009 plene
519 965 583 1000 hoc
605 966 750 998 extinxit
768 989 775 995 .
805 963 937 997 Etenim
961 961 1050 1005 quod
1077 974 1159 1006 quae-

271 1016 350 1049 dam
363 1016 564 1051 Monasteria
580 1018 652 1049 suos
666 1014 825 1048 Novitios
851 1014 888 1046 in
920 1012 1088 1057 Angelico
1110 1012 1165 1046 ha-

275 1065 349 1100 bitu
365 1067 539 1109 probarent
554 1066 661 1099 adhuc
674 1066 732 1098 suo
758 1074 927 1105 tempore,
953 1063 985 1096 &
1007 1063 1095 1105 ipsos
1119 1072 1163 1096 et-

272 1116 340 1150 iam
351 1117 393 1151 ad
408 1118 555 1150 saeculum
569 1117 671 1149 redire
692 1114 939 1158 permitterent,
965 1113 1099 1146 testatur
1128 1112 1162 1146 in

271 1167 565 1201 adduffiCanonis
589 1164 840 1199 Commentario
861 1162 1066 1196 Theodorus
1090 1163 1163 1196 Bal-

271 1218 407 1251 samon.
443 1217 556 1250 Refert
582 1215 683 1248 varias
704 1213 744 1247 de
767 1213 831 1246 hoc
855 1224 947 1246 more
969 1213 1162 1247 sententias:

267 1267 341 1308 'ipse
363 1267 455 1300 illum
479 1264 620 1300 omnino
647 1262 810 1306 improbat
833 1264 865 1296 &
887 1262 1040 1296 damnat.
1071 1264 1113 1296 Et
1128 1265 1162 1296 in

271 1315 345 1358 his,
372 1329 444 1359 quae
456 1316 496 1350 ad
510 1315 681 1349 Canonica
697 1313 834 1346 Nicolai
858 1313 1078 1357 Chrysobergi
1102 1313 1158 1346 Pa-

271 1366 419 1399 triarchae
432 1364 801 1408 Constantinopolitani
821 1363 990 1406 Responsa
1015 1362 1161 1405 scripfit,

269 1416 407 1449 scholiis
428 1415 539 1449 addit:
570 1414 649 1447 Mihi
675 1415 795 1447 videtur
819 1424 877 1445 non
894 1413 970 1454 posse
991 1412 1161 1456 quispiam,

269 1465 458 1509 quisancqas
474 1464 564 1504 vestes
579 1466 638 1497 ullo
652 1465 737 1496 modo
751 1464 877 1495 indutus
889 1463 926 1501 est
938 1486 949 1501 ,
975 1475 1027 1496 eas
1049 1463 1160 1503 abjece-

269 1527 324 1555 re,
361 1518 436 1550 &in
447 1515 715 1548 ludibriohabere.
743 1513 995 1546 Necenimdebet
1016 1523 1081 1544 cum
1110 1524 1160 1544 vc-

263 1565 360 1605 stibus
387 1566 555 1605 Monasticis
575 1564 722 1606 probari,
754 1561 811 1604 sed
832 1573 895 1593 cum
921 1560 1026 1594 habitu
1052 1565 1157 1593 Laico.

267 1614 399 1657 Nempe
421 1625 535 1658 parvus
565 1614 780 1647 Novitiorum
808 1609 938 1644 habitus
960 1620 1029 1646 erat
1050 1611 1158 1644 adhuc

265 1665 406 1699 Laicus.
436 1664 660 1709 Angelicum‚
687 1673 724 1695 ut
736 1661 776 1695 ab
788 1661 982 1703 abjectionis
1013 1661 1157 1694 ludibrio

265 1715 396 1749 securus
408 1715 464 1755 fit,
495 1715 604 1748 censet
617 1714 693 1746 solis
705 1711 849 1754 profeffis
860 1711 926 1743 esse
938 1710 1137 1744 credendum
1155 1736 1160 1742 .

266 1765 312 1798 Et
327 1764 405 1799 hinc
423 1766 513 1808 plura
535 1764 727 1797 Graecorum
754 1760 957 1794 Monasteria.
980 1758 1157 1794 Theodori

265 1814 402 1849 Studitae
413 1814 610 1848 testamento
623 1824 691 1847 non
704 1811 972 1853 obtemperarunt
987 1834 998 1851 ‚
1025 1811 1059 1843 in
1086 1810 1158 1853 ipsis

203 1905 205 1907 r
264 1876 384 1909 parvus
402 1864 619 1898 Novitiorum
642 1861 774 1896 habitus
806 1862 927 1902 semper
951 1860 1093 1901 manfit,
1120 1872 1157 1894 ac

266 1925 432 1958 permanet
443 1911 798 1957 usqueinhodiernum
823 1911 933 1944 diem.
961 1911 1005 1944 Et
1031 1911 1158 1944 videtur

265 1963 468 1999 Theodorus
479 1975 537 2007 pro
551 1964 621 1997 solo
636 1964 694 1996 suo
705 1960 813 1995 Studii
825 1960 1035 1995 Monasterio
1062 1961 1158 1995 fuisse

264 2015 416 2049 testatus.
443 2015 521 2048 Erat
539 2025 668 2057 magnae
678 2011 879 2046 auctoritatis
892 2011 1135 2046 Monasterium
1149 2035 1156 2042 .

263 2065 359 2105 Hinc
382 2065 449 2107 ejus
475 2064 572 2097 istum
592 2074 718 2096 morem
741 2060 894 2095 videntur
916 2060 1061 2104 quaedam
1094 2060 1157 2095 alia

265 2114 368 2148 libere
402 2115 603 2158 assumpslsse
625 2140 632 2146 .
670 2111 858 2160 Qomodo
893 2111 1117 2156 distinguatur
1138 2110 1156 2143 ὲ

265 2164 396 2208 Magno
408 2165 460 2198 seu
474 2165 644 2209 Angelico
659 2173 775 2207 parvus
790 2161 926 2195 habitus
940 2173 1009 2196 non
1037 2163 1157 2204 spectat

264 2215 306 2247 ad
317 2216 502 2258 praesentem
516 2215 684 2248 materiam
697 2237 705 2245 .
734 2213 871 2246 Interim
885 2211 1058 2245 discrimen
1072 2211 1156 2245 istud

263 2265 310 2298 cst
332 2264 590 2309 longe'amplius
612 2288 622 2304 ,
660 2274 759 2307 quam
787 2261 872 2305 apud
896 2272 957 2295 nos
995 2261 1156 2302 Latinos,

266 2326 408 2357 quorum
435 2315 533 2348 etiam
560 2313 696 2358 quidam
735 2311 898 2346 Monachi
926 2312 1088 2346 Novitios
1123 2312 1157 2346 &

267 2363 562 2399 Professoshabitu
575 2364 777 2398 discernunt.
811 2361 911 2396 Recte
938 2360 1157 2396 item'Theo-

1221 271 1363 305 poenituzt
1376 289 1386 304 ‚
1416 276 1468 298 nec
1480 265 1577 298 morbo
1590 271 1780 305 remittente,
1797 266 1859 311 sed
1868 261 1972 299 intime
1992 263 2110 308 misere-

1224 325 1280 355 que
1292 323 1423 347 vexante
1434 339 1444 354 ,
1466 310 1732 357 sceptro·&rerum
1744 317 1943 349 moderamine
1962 314 2083 358 deposito
2096 339 2109 356 ,

1226 363 1268 395 ad
1277 365 1371 396 Stadii
1387 364 1633 409 Monasteriumse
1643 365 1756 408 oonfert
1768 390 1779 405 ‚
1805 365 1998 405 Monasticam
2011 367 2111 399 vitam

1226 415 1380 455 amplexus
1395 438 1402 446 .
1439 416 1541 458 Quod
1565 417 1669 458 ipsum
1694 415 1838 450 scribunt
1859 415 2007 449 Michael
2029 414 2110 457 Gly-

1226 475 1278 497 cas
1290 488 1300 503 ,
1326 466 1357 498 &
1371 465 1513 508 Joannes
1527 466 1684 506 Scylitza.
1714 466 1758 500 Et
1768 465 1809 499 de
1821 465 2017 509 Imperatore
2036 465 2111 500 Ma-

1226 515 1320 547 nuele
1332 514 1509 548 Comneno
1523 539 1534 554 ,
1558 515 1622 556 jam
1631 515 1823 558 desperato&
1836 516 2000 556 MediciS,
2036 515 2110 549 scri-

1226 562 1272 596 bit
1284 564 1417 598 Nicetas
1430 561 1612 598 Choniates
1624 577 1631 595 ε
1661 567 1786 598 Admota
1796 567 1840 598 ad
1849 572 1992 599 arteriam
2004 576 2109 604 manu,

1226 612 1356 656 &pulsu
1369 622 1559 656 pertentato‚
1585 626 1651 646 cum
1663 615 1723 647 alto
1727 612 1861 658 suspirio*
1873 616 1976 657 femur
1994 613 2111 658 percus-

1220 662 1258 703 fit
1274 688 1284 704 ,
1311 666 1344 697 (ἓν
1364 664 1554 703 Monasticum
1574 663 1709 696 habitum
1730 666 1908 705 postulavit.
1938 669 2007 710 ‚Quo
2031 665 2110 698 didio

1224 715 1288 745 cum
1301 716 1445 746 tumultus
1457 713 1521 756 effet
1534 721 1613 745 ortus
1624 738 1634 752 ‚
1661 712 1886 755 &spiritualem
1897 717 2004 755 vestem
2027 721 2110 759 nigro

1220 771 1323 804 panno
1345 786 1355 800 ,
1392 770 1486 795 omnis
1512 772 1635 795 ornatus
1660 771 1809 804 expertem
1829 788 1840 804 ,
1865 765 1988 805 ministri
2019 764 2112 808 nescio

1223 814 1272 845 ubi
1299 813 1402 852 notit,
1429 813 1563 845 mollibus
1594 815 1628 847 (θ’
1649 816 1754 857 Regiis
1779 813 1907 853 vestibus
1943 815 2111 854 detrac‘lis,

1223 864 1257 897 (Ὗ
1276 862 1379 907 aspero
1419 865 1467 907 illo
1494 865 1612 896 divinae
1638 869 1714 897 vitae
1741 865 1910 897 indumento
1947 865 1990 897 illi
2028 866 2113 896 indu-

1224 914 1267 947 tio
1290 939 1301 954 ,
1336 921 1368 947 in
1399 911 1585 955 spiritualem
1610 925 1674 947 eum
1702 922 1876 948 convertunt
1901 915 2044 955 militem,
2078 915 2112 947 (9¹
2164 950 2171 963 X

1218 965 1309 1008 galea
1352 963 1523 1006 thoraceque
1550 963 1698 1007 insigniore
1732 975 1871 998 ornatum
1916 970 1949 998 in
1993 963 2113 1003 coelestis
2172 966 2176 975 ‘

1223 1020 1417 1058 Imperatoris
1437 1015 1601 1058 catalogum
1610 1014 1757 1055 referunt.
1785 1019 1837 1048 Ea
1858 1017 2001 1055 lacerna,
2029 1020 2114 1057 quip-
2134 1021 2165 1052 Ι..
2173 1031 2199 1056 7.
2219 1029 2285 1054 c.7.

1219 1074 1260 1107 pe
1285 1066 1405 1098 brevior
1429 1089 1440 1105 ,
1465 1076 1550 1097 crura
1576 1064 1680 1097 heroici
1705 1068 1775 1098 illus
1801 1071 1927 1107 corporis
1955 1076 2012 1098 non
2038 1074 2111 1109 tege-

1223 1116 1290 1148 bat:
1318 1120 1357 1148 Ut
1385 1126 1467 1148 nemo
1480 1139 1490 1154 ,
1518 1119 1568 1158 qui
1594 1115 1727 1148 cernebat
1740 1140 1750 1155 ‚
1778 1117 1798 1147 ἃ
1823 1115 1976 1154 lachrymis
2003 1123 2112 1157 tempe-

1223 1175 1305 1199 raret
1325 1190 1336 1205 ,
1361 1165 1500 1198 humanae
1524 1164 1734 1198 imbecillitatis
1755 1170 1927 1208 cogitatione
1941 1190 1951 1205 ,
1989 1167 2022 1199 &²
2045 1167 2113 1198 vili-

1224 1226 1285 1248 tate
1314 1221 1440 1257 corporis
1467 1221 1498 1246 in
1523 1225 1632 1254 morte,
1659 1226 1716 1257 quo
1738 1221 1856 1248 animus
1879 1223 2024 1257 tanquam
2034 1214 2111 1254 testae

1227 1264 1354 1309 inclusus
1368 1263 1495 1307 coalescit
1511 1291 1517 1296 .
1543 1267 1588 1297 Sic
1598 1272 1689 1309 igitur
1702 1267 1735 1299 Θ
1748 1272 1817 1299 vita
1828 1267 1862 1299 (st
1878 1269 2003 1308 Imperio
2013 1266 2090 1298 cedit
2103 1290 2112 1297 .

1224 1316 1363 1349 Manuel
1378 1326 1484 1349 revera
1500 1316 1605 1348 fuerat
1619 1327 1758 1360 magnus
1779 1316 1978 1359 Imperator.
2007 1314 2112 1363 Qod
2132 1328 2266 1366 Cap-48·

1223 1365 1326 1407 ipsum
1339 1366 1379 1398 de
1393 1366 1518 1408 Joanne
1528 1366 1624 1399 Duca
1637 1391 1647 1407 ‚
1676 1366 1730 1408 qui
1747 1367 1817 1409 post
1830 1377 1960 1409 captam
1979 1365 1997 1399 ὲ
2019 1367 2115 1399 Fian-

1222 1414 1287 1448 dris
1301 1416 1629 1456 Constantinopolim
1646 1415 1805 1450 secundus
1817 1417 1989 1460 imperavit
2000 1440 2011 1455 ‚
2039 1416 2113 1450 scri-

1224 1465 1270 1497 bit
1297 1465 1461 1507 Georgius
1485 1462 1699 1506 Acropolita.
1728 1465 1771 1498 Et
1794 1465 1885 1499 addit
1908 1466 1950 1499 de
1961 1466 2029 1508 ejus
2040 1466 2114 1499 filio

1221 1526 1258 1547 ac
1269 1515 1446 1547 successore
1467 1511 1654 1547 Theodoro
1666 1528 1676 1547 .·
1716 1515 1896 1548 Theodorum
1907 1519 2116 1556 Imperatorem
2133 1521 2203 1561 Cap.
2219 1531 2266 1556 74.

1221 1564 1340 1596 morbus
1361 1568 1474 1606 gravis
1502 1563 1632 1604 invasit.
1662 1567 1760 1608 Longo
1785 1571 1886 1607 itaque
1914 1573 2042 1606 tempore
2066 1577 2116 1598 no-

1219 1626 1261 1645 xa
1294 1613 1475 1654 confltHatus
1497 1639 1508 1654 ,
1545 1615 1580 1647 cb·
1605 1620 1708 1654 corpus
1733 1626 1816 1648 omne
1840 1614 2021 1657 exsiccatus,
2046 1624 2116 1658 pro-

1216 1672 1255 1705 pe
1277 1663 1369 1704 finem
1395 1667 1426 1694 in
1455 1669 1557 1695 animo
1577 1662 1632 1706 suo
1657 1665 1742 1698 dedit
1773 1671 1959 1707 poenitentiae
1996 1667 2109 1707 locum,

1221 1716 1255 1747 (9¹
1279 1712 1472 1752 Monasticum
1500 1712 1637 1746 habitum
1662 1716 1790 1748 induens
1816 1715 2014 1758 confesfionem
2045 1724 2114 1758 pec-

1217 1772 1348 1796 catorum
1370 1762 1508 1806 generoso
1535 1769 1634 1796 animo
1659 1777 1694 1798 ac
1719 1764 1872 1810 magnifico
1897 1767 2023 1811 dignam
2062 1767 2118 1799 ab*
2169 1780 2171 1783 ·

1212 1812 1306 1856 solvit
1319 1839 1326 1846 .
1353 1816 1474 1856 ‚Quippe
1499 1816 1717 1858 Evangelicam
1741 1817 1898 1850 aemulatus
1920 1821 2114 1857 meretricem,

1218 1862 1437 1906 Mitilenensem
1464 1863 1716 1909 Archiepiscopum
1747 1875 1805 1909 pro
1842 1866 2014 1900 deliciorum
2048 1879 2114 1901 con-

1216 1914 1334 1954 fhffione
1359 1912 1508 1956 accersens
1545 1924 1617 1948 ante
1646 1917 1727 1950 illius
1748 1918 1844 1958 pedes
1881 1922 1914 1950 in
1938 1916 2030 1960 solum
2065 1917 2113 1951 ob-

1218 1964 1362 2005 volutus,
1401 1963 1617 2003 lachrymarum
1640 1965 1834 2008 indesinenter
1850 1967 2002 2007 fluentium
2034 1974 2113 2001 rivis

1218 2025 1353 2055 terram,
1380 2020 1412 2047 in
1427 2014 1639 2057 quajacebat,
1664 2014 1839 2059 consperfit,
1867 2018 1942 2050 adeo
1953 2026 1987 2050 ut
1998 2029 2037 2050 ex
2050 2018 2111 2051 illis

1216 2065 1311 2096 lutum
1338 2070 1545 2098 concinnatum
1558 2064 1615 2106 fit.
1654 2069 1702 2099 Sic
1722 2072 1774 2109 qui
1794 2066 1848 2099 illa
1870 2066 2109 2110 conspexerant,

1218 2115 1301 2146 nobis
1310 2115 1405 2156 plane
1415 2115 1621 2156 affirmarunt.
1648 2120 1695 2149 Et
1700 2115 1785 2159 saepe*
1806 2117 1903 2158 illud,
1931 2116 2053 2160 Deftrui
2080 2126 2109 2150 te

1218 2163 1333 2204 Christe
1347 2189 1357 2204 ,
1384 2170 1463 2197 inter
1474 2164 1649 2206 conseffionis
1661 2167 1757 2199 verba
1780 2166 1946 2211 immiscens
1966 2168 2108 2202 inclama-

1219 2215 1292 2248 bat.
1321 2218 1369 2246 Ita
1379 2224 1501 2247 mortem
1512 2215 1601 2248 obiit.
1630 2216 1731 2262 Quod
1744 2218 1847 2260 ipsum
1872 2217 1982 2252 scribit
2006 2218 2108 2253 Nice·

1220 2263 1341 2307 phorus
1353 2265 1533 2309 Gregoras.
1562 2265 1651 2300 Cum
1663 2277 1754 2301 tanta
1780 2268 1883 2302 animi
1904 2269 2107 2303 contritione

1217 2315 1315 2349 fiebat
1329 2315 1386 2349 issa
1401 2315 1589 2349 Monastica
1601 2328 1753 2352 extremae
1767 2319 1970 2361 poenitentiae
1989 2319 2108 2362 profes-

1200 2365 1283 2398 ·,fio.
1313 2366 1427 2411 Quam
1454 2365 1603 2409 frequens
1629 2368 1714 2411 apud
1741 2368 1876 2403 Graecos
1900 2369 2021 2410 fuerit,
2048 2370 2106 2403 do-

266 2415 368 2449 dorus
390 2415 565 2448 Balsamon
587 2415 724 2447 affirmat
745 2423 813 2446 non
828 2423 981 2456 parvum,
1017 2413 1071 2446 sed
1095 2424 1156 2446 ma·
1199 2405 1265 2463 {cet
1280 2414 1334 2449 hic
1349 2416 1455 2449 Sancti
1470 2416 1653 2460 Nicephori
1676 2418 1882 2453 Confessoris
1906 2419 2050 2454 Canon.-
2075 2421 2106 2452 51

267 2476 373 2510 gnum
384 2466 555 2498 dumtaxat
566 2465 621 2498 seu
633 2463 835 2508 Angelicum
849 2461 999 2496 habiturn
1025 2463 1088 2497 esse
1111 2463 1156 2496 se·
1198 2465 1283 2509 {quis
1308 2466 1506 2508 infirmusfit,
1533 2468 1718 2501 &sanequm
1730 2471 1916 2511 Baptisma,
1953 2470 2105 2504 Samium·
2119 2481 2193 2520 (Ἀρ.
2218 2492 2246 2518 7,

266 2514 413 2550 cundum
437 2515 601 2558 Baptisma
621 2538 632 2554 ,
669 2515 703 2548 ὃ(
725 2514 866 2557 gaudere
888 2513 1062 2557 privilegio
1085 2525 1155 2547 om·
1197 2514 1201 2567 ζ
1214 2528 1270 2559 que
1281 2515 1418 2549 habitum
1428 2524 1585 2559 requirat,
1613 2518 1786 2561 darieifine
1797 2531 1879 2552 mora
1890 2527 2025 2562 oportet,
2051 2532 2103 2554 nec

267 2567 362 2601 nium
375 2576 581 2609 peccatorum
595 2564 872 2598 remittendorum
887 2589 894 2595 .
925 2562 1077 2597 Affirmat
1090 2563 1154 2600 hoc

267 2616 478 2659 privilegium
492 2621 559 2649 non
574 2614 765 2648 Monastico
779 2614 934 2657 ingressui
949 2639 959 2655 ,
993 2614 1046 2648 sed
1069 2614 1154 2648 ines·

269 2666 302 2697 fe
339 2665 473 2698 solemni
514 2665 700 2708 professioni
724 2689 731 2695 .
769 2666 920 2698 Affirmat
957 2665 1060 2698 inesse
1108 2676 1153 2698 et-

270 2714 337 2748 iam
365 2712 415 2746 isti
443 2716 628 2757 professioni
656 2739 667 2755 ,
702 2725 772 2758 quae
797 2715 835 2748 fit
873 2716 908 2749 in
946 2715 1039 2753 lesto,
1068 2726 1151 2749 mor-

271 2774 333 2797 trs.

321 2815 365 2847 Et
375 2813 441 2847 haec
454 2811 599 2848 dostrina
607 2817 729 2859 peperit
740 2815 891 2859 pietatem
906 2841 917 2857 ,
935 2828 976 2851 ex
989 2828 1052 2860 qua
1065 2816 1152 2848 (ἰκε-

270 2875 384 2898 corum
396 2865 495 2897 etiam
509 2863 674 2911 Principes
687 2867 868 2908 frequenter
879 2868 913 2900 in
926 2869 1042 2901 mortis
1065 2868 1149 2901 1εὲὶο
1194 2859 1197 2878 ³

269 2915 506 2957 assumpserunt
518 2914 716 2958 Angelicum
737 2915 909 2956 habitum,
938 2918 972 2951 &
994 2917 1027 2949 in
1050 2918 1148 2950 alicu-

268 2964 316 3006 jus
337 2964 476 2998 Abbatis
486 2974 540 2996 aut
555 2964 709 3007 Episcopi
732 2968 1020 3000 manusolemnem
1031 2968 1149 3010 profes-

268 3015 392 3047 sionem
406 3015 600 3048 emiserunt.
637 3015 771 3049 Etenim
797 3014 836 3050 de
858 3018 1056 3060 Imperatore
1081 3017 1148 3051 Mi·

267 3063 379 3097 chaeie
390 3062 600 3108 Paphlagone
612 3064 720 3098 scribit
732 3065 765 3098 in
778 3065 1030 3109 Compendiaria
1043 3065 1147 3101 Chro-

268 3114 402 3156 nologia
427 3115 513 3156 Joei:
554 3114 685 3147 Michael
704 3120 837 3147 continuo
858 3118 954 3148 morbo
975 3117 1144 3159 conf-edint,

263 3170 442 3205 propriaque
448 3162 543 3206 salute
555 3163 716 3206 desperata
726 3190 736 3204 ,
759 3167 778 3196 ἃ
793 3165 932 3198 Monacho
944 3165 1048 3208 Cosma
1072 3169 1144 3200 Zin-

265 3215 368 3246 zilucio
381 3236 392 3252 ,
416 3219 468 3254 qui
480 3214 524 3246 illi
540 3213 655 3257 semper
677 3217 802 3253 aderat,
827 3216 998 3257 agendaque
1016 3217 1143 3250 ‘deman-

266 3264 379 3301 dabat,
406 3263 602 3304 detondetur,
626 3263 828 3307 poenitensqne
854 3265 963 3298 exac‘Ja
975 3266 1143 3301 delitiarum

263 3313 427 3354 confeffione
459 3313 596 3346 occumbit
616 3338 624 3346 .
661 3315 705 3349 Et
730 3315 771 3349 de
799 3315 995 3358 Imperatore
1020 3316 1142 3352 Isaacio

263 3364 442 3397 Comneno
466 3376 473 3395 ε
512 3368 674 3404 Imperator
692 3388 703 3404 ‚
740 3367 805 3399 cum
831 3363 926 3408 iwffi’t
977 3376 1118 3399 venatum
1133 3392 1142 3407 ,

261 3417 328 3457 igne
360 3409 504 3456 fulmineo
535 3413 680 3456 percussus
694 3437 705 3452 ‚
739 3426 864 3460 equoque
888 3415 1022 3456 deJetlus
1039 3440 1050 3456 ‚
1072 3416 1142 3460 spu·

362 3462 468 3503 christ.
474 3468 557 3506 Lupi.
565 3468 646 3506 Oper.
652 3467 783 3498 TomJV.

1210 2572 1316 2611 gratia
1326 2565 1364 2606 est
1377 2568 1573 2611 deneganda.
1602 2568 1674 2602 Ubi
1689 2579 1815 2604 rursum
1840 2570 1930 2604 vides
1949 2571 2102 2605 San-stum

1196 2616 1362 2669 'habitum
1382 2617 1549 2659 Baptismo
1575 2620 1755 2662 comparari
1777 2645 1784 2651 .
1823 2619 1920 2654 Adeo
1954 2622 2101 2665 frequens

1196 2687 1197 2698 r
1214 2667 1300 2710 apud
1313 2667 1444 2701 Graecos
1458 2668 1520 2702 fuit
1540 2668 1598 2701 ista
1620 2669 1741 2712 pietas,
1768 2679 1804 2703 ut
1821 2669 2036 2704 *moribundis
2057 2680 2101 2704 et-

1195 2718 1281 2751 ‘iam
1306 2727 1375 2750 non
1401 2718 1586 2760 petentibus
1610 2719 1707 2753 amici
1729 2720 1831 2762 ipsam
1857 2719 2099 2762 impenderent,

1195 2768 1362 2823 {Stratam
1383 2767 1417 2801 <Sc
1440 2767 1583 2802 validam
1603 2769 1743 2804 affirmet
1764 2769 1965 2805 Theodorus
1996 2770 2100 2806 Balsa-

1193 2851 1196 2856 ,
1212 2829 1291 2852 mon
1306 2843 1314 2851 .
1627 2828 1629 2830 ’

1192 2882 1197 2925 5
1264 2868 1376 2903 Etiam
1389 2869 1474 2913 apud
1486 2871 1624 2907 Latinos
1644 2872 1708 2906 fuit
1730 2871 1811 2907 olim
1824 2873 2076 2917 frequentiffima
2088 2875 2100 2907 .’

1191 2927 1196 2994 ff
1216 2919 1349 2953 Etenim
1361 2919 1403 2954 de
1415 2921 1549 2955 Comite
1560 2924 1732 2968 Ageiuino
1741 2922 1848 2957 scribit
1860 2924 1892 2956 in
1906 2923 2096 2968 Anglorum

1191 2997 1195 3008 ,
1215 2969 1348 3012 Regum
1359 2970 1459 3014 gestis
1470 2973 1603 3007 Simeon
1628 2973 1879 3007 Dunelmenfis..·
1908 2977 2013 3008 Comes
2038 2978 2096 3009 An·-
2113 2981 2269 3019 An.'1046.

1191 3009 1195 3030 ⁵
1208 3019 1344 3062 geluinus
1357 3021 1397 3052 ab
1409 3022 1536 3054 Aldredo
1550 3022 1722 3065 Vigornenfi
1738 3022 1883 3067 Episcopo
1904 3025 2095 3059 Monacbiza-

1211 3078 1258 3101 tus
1270 3070 1395 3108 deceffit.
1422 3070 1467 3103 Et
1489 3072 1631 3113 Joannes
1654 3073 1875 3115 Bromptonus
1897 3073 2010 3109 Abbas
2025 3075 2096 3118 Jor-

1212 3119 1347 3152 nalenfis
1362 3131 1373 3150 ι
1400 3121 1530 3162 Rogerus
1539 3122 1576 3153 de
1594 3123 1697 3155 Belem
1711 3147 1720 3161 ,
1748 3122 1868 3164 illustris
1887 3128 1991 3158 Comes
2013 3127 2093 3159 Salo-

1206 3174 1290 3210 piae,
1317 3167 1406 3201 obiit.
1434 3171 1500 3212 „Qui
1525 3171 1589 3202 cum
1609 3172 1785 3213 decubaret,
1817 3176 1863 3207 ad
1879 3174 2093 3218 succurendum

1212 3224 1323 3252 animae
1341 3216 1408 3261 suae
1435 3220 1594 3253 Monachus
1612 3221 1721 3263 fabius
1747 3223 1806 3265 eli,
1832 3225 1926 3259 Adela
1954 3225 2091 3269 Comitis-

1208 3268 1243 3311 [ιι
1267 3268 1480 3312 consentiente.
1519 3270 1646 3314 Miserat
1672 3285 1791 3316 nanque
1814 3277 2014 3319 Reginaldum
2039 3278 2092 3307 5a·

1206 3321 1291 3360 lopiae
1319 3322 1451 3351 Priorem
1478 3321 1652 3355 Cluniacum
1682 3332 1741 3365 pro
1765 3330 1867 3359 tunica
1892 3327 1991 3359 santii
2026 3331 2088 3358 Hu-

1203 3375 1292 3411 gom‘s
1321 3369 1446 3402 abbatis
1473 3373 1646 3412 induenda,
1674 3373 1719 3406 Et
1740 3376 1782 3409 ad
1809 3375 1998 3419 Philippum
2026 3374 2090 3414 pri-

1207 3419 1466 3460 mumfranciae
1492 3421 1648 3466 Regem,
1673 3423 1898 3460 Monachizari
1926 3426 1959 3457 in
1986 3433 2088 3469 extre·¹

1561 3472 1600 3505 M
1627 3483 1661 3505 m
1711 3485 1733 3509 2
1981 3482 2038 3507 mo

2112 3103 2167 3130 An.
2182 3104 2262 3131 1088.
