2352 3736
116 2195 198 2231 capr„

229 2201 259 2229 ς.

377 139 475 199 238
816 133 1149 181 Sitne-rr

308 235 380 258 rem
394 235 448 267 per
459 216 669 256 universalem
682 219 845 254 sumendae
858 217 1068 253 Eucharistiae
1078 229 1118 251 ex
1140 220 1201 253 Di.

311 274 389 309 vina
402 274 472 316 lege
487 269 704 305 neceffitatem
725 271 959 313 impugnarunt
983 268 1014 300 S.
1041 268 1201 313 Augusti·

311 335 393 363 nus,
420 320 577 355 Africana
589 320 742 355 Concilia
754 342 764 359 ,
787 319 821 352 &
835 318 968 351 Sanetus
981 318 1198 354 Innocentius

260 368 262 371 ’
311 374 432 418 primus
443 369 601 405 Pontifex
614 395 624 411 ,
637 379 734 411 atque
743 379 782 400 ex
794 367 1036 402 obscurioribus
1055 369 1198 412 ipsorum

310 421 402 460 distis
414 432 487 455 nata
498 421 543 454 est
558 420 619 454 alia
631 417 807 452 contentio
819 441 837 458 ,ι
856 428 898 450 an
914 429 981 452 non
995 418 1100 454 solum
1130 421 1200 463 Spi—

307 471 434 507 ritualis
445 480 498 514 per
509 470 607 504 fidem
617 493 627 508 ,
640 467 692 501 sed
703 468 801 502 etiam
814 469 1062 503 Sacramentalis
1073 468 1198 504 Eucha-v

307 521 402 555 ristiae
412 519 575 565 perceptio
589 519 667 552 esset
679 518 851 553 necessaria
880 519 1046 565 parvulis?
1073 517 1198 554 Adver-

303 572 379 606 sum
392 570 480 612 cujus
501 567 728 603 contentionis
749 568 883 604 exordia
907 571 1039 604 Sanetus
1058 569 1196 615 Fulgen-

307 622 374 656 tius
394 620 433 654 ad
456 619 610 653 Ferrandi
630 617 898 664 Carthaginensis
921 619 1065 654 Diaconi
1089 631 1196 664 preces

307 670 430 712 scripsit
443 668 563 703 librum
575 669 616 704 de
629 669 798 714 Baptismo
811 669 1003 717 AEthiopis.
1032 671 1074 704 Et
1089 671 1195 706 infan—

306 728 354 755 tes
365 719 406 753 de
428 720 498 754 solo
518 720 675 765 sauguine
696 721 942 755 communicare
961 722 1006 756 est
1029 720 1194 764 Apostoli-

303 782 342 805 ca
353 791 364 811 ,
390 781 428 804 ae
440 770 482 804 ab
494 770 650 805 omnibus
670 770 728 804 sub
741 772 817 804 caelo
836 770 989 806 Ecclesiis
1005 771 1140 815 probata
1161 772 1193 805 &

303 820 439 855 admissa
451 819 584 855 traditio
595 847 605 862 ,
632 821 651 855 ὲ
663 833 725 864 qua
738 832 863 855 certum
874 822 919 855 est
935 822 1108 867 Pelagium
1122 833 1190 856 non

302 869 461 907 deviasse.
489 870 608 916 Longe
620 873 729 905 minus
745 873 777 905 in
791 873 973 915 expositum
985 873 1025 906 de
1040 870 1192 906 Euchari-

303 921 372 955 stiae
395 931 554 956 contento
577 933 717 956 errorem
736 923 911 956 deviavit.
940 923 971 958 Λ
993 923 1086 957 nullo
1110 924 1192 956 anti-

303 983 371 1015 quo
393 972 548 1015 scriptore
575 973 639 1006 fuit
661 972 701 1006 de
729 972 798 1021 ipso
824 973 989 1008 accusatus
1008 998 1018 1014 ,
1062 984 1123 1006 nec
1149 984 1189 1006 eo

303 1019 443 1055 tendunt
455 1021 546 1056 devia
559 1021 657 1066 ipsius
668 1020 823 1068 dogmata
839 1048 846 1055 .
874 1023 927 1057 Ex
938 1035 1006 1067 quo
1029 1025 1124 1058 fonte
1144 1022 1190 1056 di-

300 1073 352 1106 sta
360 1073 414 1105 sua
428 1069 569 1106 hauserit
581 1073 724 1116 Joannes
738 1074 923 1118 Ragusinus
935 1099 945 1115 ,
974 1075 1039 1117 ipse
1053 1073 1168 1107 viderit
1178 1098 1185 1105 .

300 1120 426 1156 Eadem
440 1122 484 1155 est
497 1122 579 1157 ratio
591 1122 735 1158 Nestorii
749 1148 756 1156 .
786 1124 873 1174 Qiis
884 1124 999 1158 similia
1022 1134 1187 1158 commen·

299 1180 333 1206 ta
346 1173 490 1215 sparserit
504 1184 559 1216 per
573 1173 746 1209 Ecclesiam
762 1198 772 1215 ‚
800 1184 869 1208 nou
888 1175 1002 1218 possim
1025 1174 1170 1207 divinare
1182 1198 1189 1205 .

299 1220 395 1256 Absit
408 1233 442 1256 ut
458 1222 614 1267 Ephefina
629 1225 783 1268 synodus
798 1224 955 1268 populum
970 1224 1187 1268 proscripserit

299 1271 317 1306 ἢ
330 1274 419 1306 sacro
431 1273 563 1309 Calice.
595 1274 693 1310 Certe
707 1276 922 1320 proscriptum
937 1276 1104 1309 restituere
1117 1286 1185 1307 non

299 1322 403 1367 magis
415 1327 563 1358 tentasset
575 1324 721 1370 Magnus
736 1326 827 1366 Leo,
854 1336 911 1359 aut
937 1328 1070 1360 Sanctus
1089 1325 1185 1359 Ge1a÷

296 1372 378 1413 sius,
405 1385 503 1416 quam
525 1375 596 1408 Leo
617 1377 732 1410 tertius
753 1376 798 1410 ob
819 1375 963 1418 ejusdem
987 1376 1115 1419 Synodi
1142 1387 1187 1408 re·

296 1424 475 1457 verentiam
500 1425 689 1460 tentavitad
702 1426 1070 1468 Constantinopolitani
1094 1426 1187 1468 Sym-

295 1471 365 1507 boli
379 1473 419 1507 de
430 1474 552 1517 Spiritu
565 1475 683 1509 Sansto
706 1476 879 1509 articulum
901 1476 1020 1510 addere
1046 1486 1162 1510 vocem
1176 1499 1185 1514 ,

298 1573 419 1617 Spiritu
443 1574 508 1607 Dei
530 1573 706 1615 conditos,
725 1576 758 1610 δε
781 1576 882 1609 totius
903 1577 1017 1609 mundi
1045 1586 1184 1609 reveren·

297 1624 346 1657 tia
369 1624 595 1665 consecratos,
624 1624 774 1659 adversus
792 1626 979 1660 Graecorum
993 1627 1026 1660 in
1048 1625 1185 1660 Chalce-

295 1671 435 1707 donensi
462 1676 600 1717 Synodo
636 1687 695 1718 pro
723 1675 1097 1718 Constantinopolitana
1125 1676 1185 1708 Ec-

298 1723 392 1758 clesia
403 1726 496 1757 ausus
508 1723 765 1758 constantissime
788 1725 940 1758 ciamavit
962 1724 1054 1765 Leo,
1082 1735 1185 1767 prote-

297 1773 399 1808 status
421 1774 499 1807 istos
514 1786 574 1808 nec
586 1774 667 1808 velle
679 1775 709 1808 se
723 1799 733 1814 ,
759 1786 820 1809 nec
833 1777 920 1818 posse
933 1785 1056 1808 mutare
1069 1788 1079 1806 .’
1107 1773 1185 1808 Uti»

298 1835 363 1868 que
373 1823 417 1857 ob
430 1824 605 1859 solemnem
618 1835 697 1858 tunc
710 1825 855 1859 Romani
871 1825 1047 1859 Pontificis
1059 1825 1099 1858 de
1112 1824 1186 1867 ipsis

299 1874 546 1917 professionem.
580 1875 624 1909 Et
639 1875 813 1909 Romanos
837 1885 891 1909 aut
902 1877 1033 1919 quosvis
1055 1875 1186 1908 Italicos

299 1924 490 1959 Sacerdotes
516 1935 596 1959 tunc
632 1926 819 1959 sacrificasse
841 1952 850 1967 ,
890 1936 946 1959 aut
972 1927 1186 1960 sacrificantes

294 1976 555 2010 >communicasse
576 1974 617 2008 de
643 1976 713 2009 solo
750 1977 843 2019 panis
879 1976 1044 2010 elemento
1067 1999 1076 2015 ‚
1114 1975 1186 2018 quis

299 2027 460 2069 patienter
486 2023 597 2059 audiat
620 2025 637 2057 ?
672 2025 798 2060 Leonis
822 2026 987 2061 decretum
1013 2027 1108 2070 periit
1129 2036 1184 2059 aut

298 2077 402 2117 latet;
427 2076 495 2119 ejus
514 2086 624 2110 tamen
637 2075 847 2110 substantiam
860 2077 1036 2111 retinemus
1050 2078 1083 2110 in
1095 2088 1183 2120 quar·

299 2136 335 2161 to
347 2126 555 2160 Sermonevde
578 2125 856 2173 Qadragesima:
883 2128 983 2161 Nulla
1006 2140 1060 2160 ves
1088 2131 1186 2160 Mani-

298 2177 391 2213 chaeae
401 2181 580 2222 contagionis
591 2176 755 2221 adspergat
775 2184 914 2220 impietas
927 2203 934 2210 .
961 2176 1077 2212 Varias
1101 2179 1186 2211 festa:

299 2228 541 2271 superstitiones
552 2227 687 2262 adducit
702 2252 711 2268 ‚
739 2229 1011 2272 &prosequiturz
1038 2228 1186 2261 Abdicant

299 2277 642 2322 sae’sacramentosalutir
665 2279 828 2317 humanae,
854 2281 888 2313 (9
910 2278 1062 2319 Christum
1087 2281 1186 2310 Domi-

301 2340 373 2363 num
395 2328 542 2370 nostrum,
579 2339 634 2362 tour
656 2334 689 2362 in
711 2337 838 2363 veritate
856 2335 956 2362 carnis
977 2328 1081 2370 nostrae
1101 2330 1186 2362 dene-

296 2389 375 2424 gant
390 2389 494 2413 natum
506 2404 516 2419 ,
543 2385 587 2412 ita
610 2381 682 2413 ver?
698 2389 847 2413 mortuum
867 2382 901 2414 ὢ·
923 2379 1108 2422 refitrrexiffe
1133 2391 1188 2412 non

297 2431 426 2464 eredunt
449 2456 455 2462 .
484 2434 619 2472 Cumque
639 2431 684 2463 ad
705 2433 862 2474 tegendam
883 2429 1089 2472 infidelitatem
1104 2427 1190 2473 suam

304 2480 666 2523 nostriaudeantintereffe
681 2480 823 2520 Mysteriis
836 2506 846 2521 ,
871 2485 917 2513 ita
939 2486 970 2513 m
993 2483 1190 2514 Sacramenta-

304 2541 370 2563 rum
392 2536 588 2563 communione
605 2530 638 2572 se
653 2538 820 2571 temperant
833 2555 843 2569 ‚
869 2540 903 2563 ut
924 2532 1074 2564 interdum
1094 2535 1189 2564 tutius

304 2581 441 2615 lateam.
464 2583 525 2612 Ore
537 2581 660 2622 indigno
670 2584 783 2620 Corpus
795 2579 905 2619 christi
928 2586 1099 2620 accipiunt,
1120 2579 1191 2622 san·

307 2635 428 2676 guinem
448 2639 549 2662 autem
568 2630 780 2671 redemptionis
804 2628 907 2669 nostrae
928 2628 1049 2662 haurire
1075 2631 1190 2661 omnin&

307 2682 459 2714 declinant
483 2704 491 2711 .
520 2676 613 2723 ‚Quod
633 2681 699 2713 ὶιίεὸ
719 2678 848 2719 vestram
867 2680 1003 2712 volumus
1024 2677 1097 2722 scire
1117 2682 1191 2711 san-

303 2731 445 2764 z‘litatem
459 2752 469 2768 ,
488 2739 525 2762 ut
543 2729 628 2763 vobis
654 2728 853 2772 hujuscemodi
863 2728 993 2763 homenes
1015 2731 1049 2763 ὦ·
1071 2728 1118 2762 bes
1130 2741 1193 2762 ma-

309 2781 484 2823 mfestentur
496 2781 632 2820 indiciis,
658 2781 824 2821 &quorum
837 2778 1017 2823 deprehensa
1031 2779 1128 2821 fuerit
1144 2779 1193 2820 [a-

309 2831 417 2874 urilega
434 2830 582 2872 stmulaetio
603 2854 613 2869 ,
651 2836 748 2863 notati
761 2831 920 2871 &proditi
938 2855 948 2870 ,
975 2833 996 2862 ἁ
1021 2830 1193 2862 sanc‘iorum

306 2880 445 2925 foderare
481 2881 662 2914 sacerdotali·
685 2880 857 2913 audomare
876 2882 1049 2922 pellantur.
1078 2877 1191 2913 Fidem

309 2934 399 2966 suam
425 2942 493 2965 non
514 2931 622 2964 solum
643 2939 771 2974 tegere,
799 2930 851 2963 sed
871 2930 904 2963 δε
929 2940 1045 2973 negare
1063 2929 1111 2962 est
1126 2939 1194 2971 pro-

312 2981 386 3015 bata
398 2980 483 3025 apud
492 2979 697 3014 Manichaeos
709 2980 764 3014 lex
777 3004 787 3020 ,
798 2988 929 3023 eratque
942 2979 1007 3013 illis
1019 2979 1141 3023 grande
1148 2977 1192 3012 de

313 3031 473 3075 sacrilegis
495 3031 559 3065 sui-s
584 3032 677 3064 sacris
696 3030 937 3074 privilegium:
957 3033 1072 3075 Jura,
1093 3031 1193 3071 perju-

315 3088 372 3119 ra,
394 3079 532 3121 secretum
541 3082 662 3123 prodere
671 3082 748 3113 noli.
777 3080 943 3114 Eatvinum
955 3078 1186 3119 abhorrebant,

314 3127 509 3163 blaterantes
526 3133 588 3164 effe
598 3131 674 3164 mali
695 3130 852 3174 Principii
875 3140 977 3174 opus,
1002 3130 1053 3163 vel
1073 3128 1196 3164 Princi-

316 3178 629 3220 pumtenebrarum.
656 3178 756 3214 Avita
769 3181 928 3215 Romanae
950 3180 1098 3214 Ecclefiae
1117 3191 1194 3213 con·

318 3226 457 3261 suetudo
470 3227 630 3269 publicam
643 3231 800 3273 populiin
826 3231 964 3264 Ecclesia
990 3230 1195 3264 communio·

320 3286 398 3311 nem
419 3275 459 3308 ad
481 3286 654 3321 utrumque
682 3291 747 3312 non
771 3280 945 3314 adstrinxit
975 3281 1193 3314 elementum:

322 3325 387 3362 Vel
413 3333 584 3367 utrumque
609 3327 660 3359 vel
686 3328 854 3364 dumtaxat
879 3332 1017 3364 alterurn
1046 3331 1127 3364 sumi
1154 3340 1196 3363 re·

320 3375 422 3419 iiquit
456 3372 597 3409 ,liberum
623 3399 633 3414 ‚
675 3378 817 3417 permifit
861 3390 1127 3424 unumquemque
1162 3381 1193 3413 in

297 1523 450 1566 Filioque.
478 1524 692 1558 Generalium
719 1525 931 1568 Synodorum
948 1525 1106 1560 Canones
1124 1526 1186 1559 esse

320 3428 383 3462 suo
397 3421 686 3461 sensuabundare.
706 3426 790 3459 Hoc
802 3429 1005 3473 moreabufi,
1032 3442 1113 3475 quos
1123 3432 1199 3466 San·
1257 3439 1288 3463 tu
1302 3427 1498 3472 tonstriptam
1521 3450 1528 3457 .

1223 138 1570 201 Leou1s·
1628 138 1880 199 Nom,

1243 223 1324 254 *Eius
1336 218 1406 253 Leo
1421 219 1634 256 infestabatur
1645 247 1655 262 ‚
1667 223 1863 260 Romani-ac
1874 225 1930 260 alii
1943 237 1997 270 per
2009 226 2140 263 Italiam

1257 269 1431 304 Manichaei
1455 295 1465 310 ,
1491 282 1560 314 quo
1588 272 1817 314 Apostolicum
1835 274 2026 311 deluderent
2066 290 2143 312 ocu·

1255 319 1325 353 lum
1340 345 1349 358 ,
1369 322 1572 354 miscuerunt
1596 320 1628 354 se
1650 321 1752 356 solam
1776 325 1866 366 panis
1891 325 2026 367 speciem
2053 340 2142 362 com-

1255 370 1436 404 municanti
1461 371 1604 414 populo,
1632 379 1728 414 atque
1741 373 1785 406 ita
1809 374 1907 407 multi
1929 374 1964 407 &
1985 375 2139 421 Papalem

1256 431 1409 459 manum,
1436 422 1469 454 ὅ(
1492 422 1679 465 impetratas
1700 421 1741 456 ab
1759 420 1825 465 ipsa
1847 423 2032 466 Imperiales
2052 428 2138 473 leges

1255 470 1574 513 circumscripserunt
1597 493 1604 502 ·
1632 471 1676 505 Et
1699 472 1867 506 adversum
1886 471 1981 507 hasce
2003 475 2138 512 technas

1255 521 1378 563 prodiit
1390 519 1556 556 laudatum
1566 521 1746 556 Decretum
1757 547 1764 555 .
1788 523 1902 557 Sancit
1915 535 2048 559 omnem
2060 527 2138 570 ,qui

1251 569 1406 614 deinceps
1421 571 1528 605 solum
1543 571 1634 616 panis
1647 574 1847 607 elementum
1860 575 1894 606 in
1909 574 2048 609 Ecclesia
2056 577 2138 611 sum-

1254 621 1348 664 pserit
1369 644 1379 659 ,
1415 622 1484 655 fore
1517 623 1694 666 suspestum
1715 624 1755 658 de
1777 622 1964 658 Manichaeo
1987 648 1997 664 ,
2033 625 2137 661 immo

1253 672 1339 715 quafi
1360 673 1544 707 confessum
1566 683 1623 706 aut
1649 674 1837 708 convistum
1855 700 1862 706 .
1903 672 2055 708 Versutia
2082 676 2138 711 vix

1254 731 1379 765 poterat
1407 723 1470 757 alia
1505 723 1558 757 via
1595 724 1805 768 constringi.
1848 725 1960 771 Qare
1987 724 2140 767 nullum,

1253 772 1342 815 quod
1367 785 1475 807 revera
1502 773 1632 807 nullum
1654 773 1723 813 est,
1751 773 1919 816 Ephesinae
1930 774 2145 819 SynodiStag

1251 830 1360 857 tutum
1381 822 1435 857 hic
1468 822 1686 857 circumducit
1709 824 1869 857 Pontifex
1892 848 1902 864 ,
1941 825 1994 858 sed
2020 826 2139 859 evertit

1253 872 1456 908 Manichaeos
1476 898 1483 906 .
1522 872 1647 908 Eadem
1670 884 1735 907 arte
1762 874 1931 917 Hispanos
1960 875 2137 918 Episcopus

1250 923 1367 957 eodem
1393 934 1540 967 tempore
1559 924 1859 958 circumveniebant
1890 924 2139 959 priscillianistae

1254 972 1352 1007 Erant
1363 972 1541 1007 Manichaei
1554 986 1680 1008 ramus.
1708 974 1803 1008 Hinc
1814 974 1931 1008 eodem
1957 976 2044 1018 ipsos
2066 987 2137 1009 mo·

1250 1022 1432 1057 detractari
1452 1022 1537 1064 juffit
1550 1022 1709 1058 Pontifex
1722 1024 1807 1058 datis
1819 1024 1933 1059 litteris
1944 1025 1985 1058 ad
2009 1025 2136 1059 Thuri-

1251 1072 1342 1106 bium
1367 1072 1566 1116 Episcopum
1594 1073 1862 1108 Asturicensem.
1903 1074 2021 1119 Longa
2060 1077 2137 1110 sunt

1249 1122 1316 1156 haec
1328 1123 1440 1156 omnia
1456 1147 1466 1163 ‚
1494 1120 1633 1165 ideoque
1657 1124 1715 1155 suo
1731 1123 1807 1156 loco
1827 1124 1953 1166 plenius
1972 1126 2136 1160 elucidan-

1250 1173 1311 1206 da.
1341 1173 1474 1207 Interim
1489 1172 1575 1207 lucet
1588 1171 1780 1206 Nestorium
1802 1172 1842 1206 de
1863 1171 1928 1208 hoc
1946 1185 2054 1209 errore
2073 1185 2135 1210 nec

1250 1222 1423 1268 cogitasse.
1744 1251 1746 1253 .
2019 1255 2023 1260 .

1300 1273 1411 1307 Altera
1426 1275 1560 1318 quaestio
1577 1275 1620 1308 est
1635 1300 1645 1316 ,
1669 1274 1723 1308 An
1737 1274 1909 1309 Nestorius
1929 1276 2029 1310 etiam
2051 1276 2138 1310 circa.

1254 1323 1458 1358 Eucharistiae
1469 1327 1638 1360 veritatem
1651 1350 1661 1364 ‚
1689 1336 1745 1359 aut
1756 1326 2137 1360 transelementationem

1249 1375 1380 1416 errarit,
1407 1386 1461 1410 aut
1472 1374 1557 1410 certe
1581 1375 1768 1419 cespitarit?
1794 1376 1832 1409 In
1857 1375 1948 1409 libris
1968 1376 2138 1410 adversum

1250 1426 1463 1459 Nessorianos
1483 1437 1520 1460 ac
1546 1424 1801 1468 Euthychianos
1824 1425 1981 1460 affirmare
2007 1425 2138 1460 videtur

1250 1476 1413 1510 Leontius
1436 1474 1639 1518 Byzantinus
1659 1500 1666 1508 .
1697 1475 1756 1509 Ait
1780 1475 1996 1510 Nestorianos
2011 1500 2020 1515 ,
2047 1478 2139 1510 more

1251 1525 1439 1560 Manichaeo
1462 1551 1474 1568 ,
1512 1526 1604 1560 fuine
1629 1525 1746 1560 dolosae
1772 1527 1807 1560 dc
1835 1526 2026 1569 promiscua
2049 1537 2139 1560 com-

1249 1575 1419 1608 munionis
1440 1599 1450 1614 ,
1486 1575 1599 1618 utpote
1625 1577 1681 1619 qui
1720 1576 1875 1610 dilestum
1900 1578 1995 1610 suum
2020 1575 2138 1610 Nesto-

1250 1627 1334 1658 rium
1359 1623 1674 1659 anathematizarent
1687 1637 1798 1659 coram
1814 1625 1910 1659 nobis
1925 1650 1936 1666 ‚
1962 1626 1997 1659 δε
2018 1625 2138 1659 nostris

1251 1677 1293 1708 ita
1306 1676 1447 1718 personis
1458 1686 1494 1709 ac
1520 1676 1738 1709 Sacramentis
1760 1676 2063 1709 communicarent.
2090 1675 2137 1709 Et

1249 1724 1289 1757 de
1300 1725 1444 1767 quodam
1454 1725 1590 1763 nostro,
1613 1724 1830 1760 facinorosam
1856 1726 1950 1759 istam
1973 1725 2137 1759 confusio-

1251 1784 1326 1807 nem
1347 1773 1501 1816 deinceps
1524 1772 1718 1809 abhorrente
1739 1798 1749 1814 ,
1784 1773 1912 1810 1ὲάυὲὶο
1929 1775 2061 1810 Clerico
2081 1774 2137 1809 ad-

1247 1823 1354 1868 jungit
1367 1837 1377 1857 .·
1405 1828 1461 1856 Hic
1481 1835 1546 1857 cum
1555 1825 1660 1857 diceret
1666 1824 1734 1866 fieri
1747 1835 1803 1856 non
1811 1824 1888 1867 poffe
1901 1849 1912 1865 ‚
1927 1834 1971 1858 ‘ut
1993 1835 2058 1858 cum
2067 1823 2148 1867 ἐρβ-

1248 1875 1281 1907 Θ·
1305 1885 1369 1906 cum
1389 1872 1514 1915 Ecclefia
1538 1880 1704 1907 communia
1720 1874 1842 1909 baberet
1865 1899 1876 1915 ,
1902 1879 1976 1908 Non
1995 1883 2134 1917 oportet,

1249 1929 1408 1966 inquiunt,
1436 1933 1465 1957 te
1484 1924 1594 1964 molesti
1603 1924 1689 1965 ferre
1702 1924 1779 1957 banc
1803 1931 2006 1959 oeconomiam.
2036 1928 2133 1959 Panis

1248 1980 1370 2008 enimin
1379 1976 1489 2017 Typum
1501 1978 1638 2016 Carporls
1662 1973 1772 2014 Christi
1787 1972 1948 2016 propofitus
1957 1976 2029 2016 plus
2049 1975 2134 2009 bene-

1250 2026 1386 2058 dimonis
1396 2031 1599 2066 participavit
1612 2048 1622 2066 ,
1648 2030 1839 2067 quampanls
1849 2030 1902 2067 qui
1920 2031 1954 2057 in
1967 2024 2038 2072 fhru
2060 2036 2134 2058 ven·

1250 2077 1351 2116 ditur,
1379 2077 1512 2118 &quam
1521 2081 1613 2118 panis
1634 2086 1704 2117 quos
1728 2073 1983 2108 Philomarumtae
2004 2074 2133 2116 offerunt

1249 2133 1281 2159 in
1292 2117 1405 2159 m‘mnne
1417 2130 1525 2160 Μανίας
1538 2152 1545 2158 .
1573 2125 1671 2169 Apud
1695 2124 1980 2159 Philomarianitas
1991 2124 2044 2158 seu
2057 2125 2136 2159 Col-

1249 2177 1431 2218 lyridianos
1450 2176 1631 2210 Haereticos
1664 2176 1807 2209 foeminae
1829 2176 1976 2218 Deiparae
1998 2174 2137 2219 Virgini

1252 2225 1475 2274 sacrificabant
1486 2228 1519 2261 ὃ(
1532 2226 1774 2260 sanctificabant
1786 2237 1902 2269 panem
1914 2249 1924 2265 ‚
1951 2235 2049 2267 quem
2071 2225 2140 2258 cul-

1251 2288 1301 2311 tus
1313 2277 1472 2311 excefl‘um
1486 2277 1577 2311 fuisse
1589 2276 1697 2310 omnis
1715 2275 1950 2310 benedistionis
1972 2285 2113 2309 vacuum
2125 2297 2139 2316 ,

1252 2327 1374 2372 quin&
1385 2328 1494 2362 omnis
1504 2326 1720 2360 Idololatricae
1744 2325 1983 2360 maledistionis
2005 2324 2140 2369 plenum

1252 2388 1449 2413 attentatum
1491 2377 1630 2411 affirmat
1659 2377 1792 2410 Sanstus
1821 2374 2028 2419 Epiphanius
2051 2400 2063 2417 ,
2098 2385 2139 2408 ac

1254 2429 1422 2473 insigniter
1447 2426 1664 2462 demonstrat.
1694 2427 1736 2460 Et
1762 2425 1842 2460 hinc
1868 2425 2002 2467 quidam
2029 2425 2138 2458 Leon-

1253 2479 1290 2512 tii
1310 2489 1438 2513 textum
1461 2477 1684 2521 conjecturant
1705 2476 1857 2510 vitiatum
1874 2498 1885 2514 ,
1906 2485 2006 2518 atque
2025 2473 2137 2516 legen-

1252 2527 1331 2563 dum
1358 2543 1368 2562 .-
1409 2533 1482 2562 Non
1496 2529 1569 2570 plus
1584 2526 1790 2560 benedidioms
1811 2529 2033 2567 participavit.
2062 2522 2136 2556 Nec

1254 2580 1320 2613 sine
1340 2579 1557 2614 fundamento
1586 2602 1592 2609 .
1621 2576 1753 2610 Etenim
1780 2575 1814 2608 in
1835 2572 2040 2618 percipienda
2063 2583 2134 2616 pro-

1254 2629 1374 2663 misene
1404 2630 1456 2662 seu
1494 2626 1579 2671 apud
1611 2624 1805 2659 catholicos
1829 2649 1840 2664 ‚
1877 2624 1930 2658 seu
1963 2622 2049 2666 apud
2072 2623 2138 2656 sese

1256 2678 1481 2716 Eucharistia‚
1503 2688 1571 2710 non
1586 2677 1647 2709 effe
1660 2675 1839 2718 plusquam
1864 2674 1897 2706 in
1926 2671 2138 2717 percipiendo

1255 2727 1426 2763 communi
1447 2738 1530 2770 pane
1553 2723 1803 2759 discernendum
1823 2723 1996 2757 voluerunt
2018 2721 2141 2757 Nesto·

1255 2779 1337 2812 riani
1350 2802 1361 2817 ‚
1382 2775 1471 2820 quod
1484 2773 1722 2809 Eucharisticus
1733 2799 1744 2815 ‚
1768 2785 1837 2808 non
1850 2773 1922 2817 plus
1934 2783 2033 2817 quam
2045 2772 2080 2807 in
2089 2771 2139 2805 fo-

1256 2840 1292 2861 ro
1314 2826 1460 2866 venalis,
1486 2835 1544 2859 aut
1557 2837 1613 2869 per
1636 2824 1879 2867 Collyridianas
1898 2823 2051 2858 mulieres
2070 2822 2139 2856 san-

1256 2878 1413 2911 &meatus
1438 2877 1531 2920 panis
1554 2874 1686 2909 haberet
1716 2873 1952 2908 benedistionis
1973 2882 2030 2907 aut
2053 2879 2140 2905 tran-

1255 2925 1535 2962 substan-tia-tionis
1559 2939 1567 2958 ι
1606 2923 1695 2969 quod
1729 2925 1766 2959 sit
1788 2923 1961 2959 Dominici
1982 2921 2140 2964 Corporis

1258 2990 1327 3011 non
1349 2978 1485 3016 veritas,
1516 2976 1568 3010 sed
1581 2986 1687 3009 merus
1709 2983 1808 3019 typus
1828 2987 1865 3009 ac
1887 2975 2007 3018 figura.
2032 2970 2141 3019 Qid—

1257 3027 1335 3072 quid
1348 3027 1384 3061 sit
1404 3027 1450 3061 de
1471 3026 1631 3066 Leontii,
1657 3027 1694 3059 in
1715 3036 1811 3069 quem
1830 3022 1961 3069 grassari
1982 3032 2048 3066 ego
2068 3028 2153 3056 non'

1258 3078 1358 3112 ausim
1373 3102 1384 3118 ,
1410 3087 1501 3111 textu
1518 3102 1529 3117 ,
1542 3076 1627 3111 certe
1640 3076 1767 3110 videt-ur
1782 3074 1839 3108 ille
1847 3073 1943 3107 fuisse
1956 3072 2061 3105 sensus
2072 3071 2141 3105 Ne—

1258 3127 1475 3163 storianorum
1487 3153 1496 3160 .
1525 3127 1569 3160 Et
1588 3126 1670 3160 hinc
1683 3125 1730 3159 de
1751 3124 1894 3167 ipsorum
1923 3122 2087 3166 Magistro
2103 3121 2140 3155 δε

1259 3178 1402 3212 Primate
1413 3176 1597 3212 Theodoro
1621 3173 1865 3218 Mopsuestienfi
1891 3172 2054 3215 Episcopo
2073 3180 2140 3215 per—

1257 3228 1500 3274 gitLeontius:
1524 3227 1693 3260 Theodorus
1704 3224 1796 3256 audet
1806 3224 1932 3256 &aliud
1950 3224 2078 3255 malum.
2102 3224 2140 3251 Δ-

1257 3282 1332 3313 liam
1346 3284 1426 3312 ‘enim
1437 3278 1552 3321 Missam
1562 3275 1694 3316 effictivit
1701 3281 1815 3314 praeter
1836 3275 1920 3306 mam
1929 3298 1940 3314 ‚
1965 3271 2061 3314 quea?
2078 3271 2139 3302 Pa·
2155 3284 2227 3323 ρῳ,
2240 3283 2282 3313 ¹8,

1258 3330 1352 3363 tribus
1363 3331 1480 3362 tradita
1490 3326 1528 3366 est
1538 3321 1670 3364 Ecclefiis
1682 3347 1692 3363 ,
1719 3334 1770 3356 nec
1790 3329 1939 3356 reveritus
1964 3322 2048 3354 illam
2068 3323 2140 3361 Apo-

1253 3380 1387 3421 stolorum
1400 3403 1410 3419 ‚
1437 3388 1488 3413 nec
1509 3375 1591 3407 illam
1615 3376 1721 3417 Magni
1748 3373 1853 3415 Basilii
1874 3379 1907 3405 in
1932 3371 2032 3405 eodem
2048 3367 2141 3411 spiri-

1567 3427 1602 3458 In
1626 3435 1686 3467 qua
1710 3424 1796 3467 Miffa
1815 3419 2003 3465 blasphemi&
2030 3443 2047 3458 .‚
2077 3430 2139 3451 mn

2023 3476 2094 3510 pre-

2152 1857 2212 1888 Lib.
2233 1866 2262 1896 3.

2149 1905 2214 1938 cap.
2244 1904 2273 1930 6.
