2352 3736
82 661 153 691 Can.
173 664 200 691 8.

712 145 1197 191 Decneruiw

256 237 344 272 rinos
363 231 557 277 poenitentia
578 233 633 278 agi
645 232 744 275 coepit
756 230 867 265 ferein
880 229 955 263 solis
967 226 1134 261 Monaste·

250 287 325 324 riis,
352 285 405 318 seu
428 283 575 319 converti
597 284 630 317 in
644 282 864 317 Monasticam
887 278 1136 322 professionem,

254 331 397 379 ideoque
409 332 494 369 hanc
517 335 551 368 in
566 335 679 369 mortis
700 331 846 376 periculo
868 330 982 363 factam
995 325 1135 371 Hispani

255 385 391 429 quidam
413 385 567 419 dixerunt
590 382 776 419 exlaudato
801 379 972 421 Rescripto
994 378 1139 412 non-esse

255 436 383 470 firmam
409 459 419 475 ,
446 433 500 469 sed
523 436 612 478 posse
634 433 745 468 excuti
771 432 789 464 a
813 427 1117 464 convalescentibus
1133 452 1140 461 .

255 484 407 521 Errorem
451 485 587 519 damnat
632 486 721 518 sexta
766 479 937 514 Toletana
964 477 1137 521 Synodus‚

255 537 338 571 reste
348 536 525 570 adfirmans
538 534 741 575 Rescriptum
757 530 819 564 effe
841 528 1117 572 dispensatorium
1129 551 1139 567 ,

256 587 289 620 &
302 586 392 628 loqui
405 584 446 619 de
458 584 533 619 solis
549 579 825 618 adolescentibus:
852 579 966 613 Sancit
987 576 1140 619 deinceps

256 634 508 680 intelligendum
531 633 573 666 de
599 631 674 666 solis
695 630 760 665 illis
783 653 793 672 ,
818 635 870 676 qut
891 640 949 664 non
977 632 1140 670 acceperint

252 690 440 729 poenitentiae
458 682 684 717 benedictionem
696 707 703 714 .

309 736 385 768 Erat
406 744 485 768 tunc
495 744 583 767 error
607 731 821 767 damnatione
832 727 1055 774 dignissimus.
1084 726 1138 761 Et-

255 786 343 821 enim
365 783 406 817 de
418 783 614 825 Imperatore
635 783 755 818 isaacio
770 780 948 814 Comneno
961 802 971 817 ‚
998 778 1053 819 qui
1069 777 1139 820 post

255 834 425 879 professam
449 833 483 868 in
501 833 607 866 Studii
629 831 798 866 Coenobio
820 825 1056 863 Monachalem
1076 837 1141 871 poe-

255 885 434 918 nitentiam
457 883 589 917 devenit
613 883 730 921 sanus,
756 879 865 915 scribit
880 877 1027 912 laudatus
1048 877 1139 921 Joel:

252 932 388 975 Isaacius
410 934 483 966 adeo
507 932 674 972 Monastert'i
702 929 825 972 Praefidt'
841 928 907 971 fuit
919 929 1055 962 obediens
1069 952 1080 968 ,
1107 936 1141 960 ut

256 983 447 1024 &ostiarius
464 982 571 1024 fabius
588 981 643 1024 fit,
671 979 793 1023 aliisque
819 978 989 1019 Ministers'i's
1007 987 1065 1021 pro
1083 976 1141 1020 sua

255 1035 367 1078 ingenti
389 1035 588 1067 moderatione
613 1031 805 1075 inservierit.
840 1030 882 1065 Et
902 1030 1044 1072 Joannes
1066 1028 1140 1071 Scy·

256 1083 355 1118 litza:
382 1087 551 1117 Comnenus
574 1082 750 1122 Monasticas
775 1079 866 1118 vestes
895 1080 1018 1112 indutus
1039 1103 1050 1119 ,
1075 1090 1141 1112 cum

251 1143 364 1177 parum
387 1133 574 1175 exspeiiaffit
588 1157 597 1172 ,
617 1131 647 1173 fi
655 1144 715 1174 qua
730 1136 844 1164 ratione
865 1131 885 1163 ἃ
898 1129 995 1162 morbo
1004 1128 1140 1163 liberare·

254 1192 305 1216 tur
318 1209 327 1224 ,
357 1184 408 1217 ubi
423 1182 457 1226 se
482 1192 569 1216 novit
588 1181 743 1216 incurabili
764 1180 861 1214 morbo
872 1187 991 1221 captum
1005 1205 1016 1220 ,
1042 1178 1142 1214 adhuc

255 1233 316 1277 ipso
340 1241 467 1267 vexatus
491 1234 590 1266 studii
611 1230 820 1270 Monastert'um
849 1231 1018 1273 ingreditur
1032 1253 1043 1270 ,
1070 1230 1141 1262 mul—

255 1293 321 1317 tum
343 1286 524 1317 AEtatert'na
540 1282 662 1326 Augusta
675 1285 738 1321 eius
756 1279 900 1322 confilium
914 1280 1083 1321 adjuvante
1107 1280 1140 1314 (5

252 1343 308 1376 pro
332 1341 441 1367 terreni
464 1337 583 1375 Imperii
603 1332 744 1371 amiffione
766 1330 882 1369 celestis
900 1332 1008 1373 gaudii
1016 1329 1137 1371 fruc‘lus

251 1392 469 1426 promittente.
498 1386 575 1415 Cum
598 1394 692 1415 annos
714 1383 787 1414 duos
799 1391 834 1413 ac
845 1378 959 1423 menses
979 1389 1040 1414 tres
1054 1386 1132 1420 impe

254 1434 361 1477 rasset,
391 1435 465 1467 &in
490 1431 597 1466 habitu
622 1431 776 1471 Monastico
792 1435 949 1471 pauciores
973 1429 1020 1461 Ins
1040 1428 1142 1471 super-

255 1483 374 1526 vixisset
387 1505 397 1521 ‚
423 1493 535 1516 omnem
552 1481 703 1523 praestans
716 1479 884 1520 Monasterii
911 1478 1058 1519 Praesec‘lo
1080 1478 1137 1510 obe-

254 1534 399 1567 dientiam
412 1555 423 1571 ,
447 1539 492 1564 ita
507 1543 538 1565 ut
563 1534 720 1572 &janitor
741 1531 807 1573 esset
818 1555 828 1568 ‚
857 1530 891 1562 (θ’
903 1528 965 1560 alla
980 1528 1141 1567 Ministert'a

255 1583 349 1617 obiret
367 1589 490 1625 propter
523 1583 648 1614 multam
668 1584 763 1612 animi
785 1583 959 1620 ‘equitatem
986 1578 1020 1612 θ
1044 1577 1141 1610 mode-

248 1631 358 1674 stiam.
385 1630 488 1677 Qod
503 1630 607 1673 ipsum
630 1628 740 1664 scribit
755 1625 1058 1669 MichaelGlycas.
1088 1625 1139 1658 Ex

255 1680 352 1719 firmo
369 1691 448 1715 tunc
470 1679 651 1714 Orientalis
676 1680 776 1713 etiarn
801 1677 949 1712 Ecclesiae
971 1677 1063 1710 sensu
1082 1676 1141 1710 Isa-

254 1732 345 1766 acius
369 1742 503 1765 noverat
527 1731 557 1764 se
577 1732 639 1765 esse
658 1740 770 1763 verum
792 1726 1023 1767 Monachum,
1051 1724 1141 1759 ideo-

256 1793 321 1824 que
343 1781 384 1815 ad
407 1780 587 1824 Imperium
607 1779 640 1814 &
671 1778 775 1813 saeculi
803 1776 937 1822 negotia
963 1775 1137 1820 regressum

255 1832 312 1866 sibi
326 1829 480 1874 deinceps
493 1841 563 1865 non
587 1828 700 1866 licere.
728 1829 860 1864 sanstus
871 1826 987 1860 Petrus
1010 1826 1141 1862 Damia-

255 1883 291 1916 ni
304 1881 473 1925 praesertim
485 1879 676 1924 indignatus
685 1877 729 1912 est
740 1904 750 1919 ,
764 1877 854 1922 quod
870 1877 1022 1920 Episcopi
1038 1901 1049 1917 ,
1061 1887 1143 1921 quo·

254 1943 327 1966 rum
351 1932 396 1965 est
423 1929 650 1965 Monasticum
671 1928 790 1964 statum
814 1926 989 1962 defendere
1017 1928 1050 1961 δε
1073 1937 1142 1969 pro·

253 1991 405 2021 movere,
432 1981 529 2015 avitae
545 1980 702 2014 omnium
727 1978 943 2012 Ecclesiamm
964 1977 1145 2020 disciplinae

254 2031 499 2066 adversarentur
521 2054 528 2062 .
555 2031 598 2064 Et
621 2030 662 2063 ad
686 2029 798 2063 Mauri
825 2027 982 2071 Episcopi
1019 2026 1144 2061 desum·

254 2093 347 2126 ptum
368 2092 408 2115 ex
430 2081 537 2114 Sancti
564 2078 734 2113 Benedisti
756 2079 888 2123 Regula
912 2085 1143 2122 argumentum

255 2131 418 2175 reposuit:
442 2133 498 2163 Dic
518 2129 595 2163 mihi
608 2154 618 2170 ‚
645 2135 695 2173 qui
700 2133 840 2171 praecipit
863 2126 958 2171 utfiib
971 2126 1026 2160 bac
1037 2127 1149 2170 proba-

256 2188 333 2215 tione
345 2187 410 2223 quis
435 2182 481 2213 ad
488 2181 701 2220 conversionem
717 2185 823 2212 veniat
834 2202 843 2217 ‚
867 2177 916 2211 ubi
928 2183 1021 2211 etiam
1032 2175 1144 2220 censuit

257 2242 291 2266 ut
311 2233 395 2264 aliter
417 2236 541 2265 veniens
562 2232 582 2262 ἃ
604 2229 778 2263 Monachica
799 2228 981 2269 institutione
1003 2228 1145 2263 recedat?

258 2285 304 2315 Et
314 2282 378 2314 cum
390 2280 534 2320 ostendere
543 2279 596 2312 boc
612 2281 734 2313 minime*
751 2285 866 2320 poteris
884 2302 894 2317 ,
919 2285 1083 2319 competens
1106 2276 1144 2317 est

258 2341 291 2365 ut
312 2332 419 2364 credas
432 2355 442 2370 ,
467 2336 539 2372 quia
553 2338 676 2372 propter
695 2341 786 2371 vagos
810 2328 943 2362 homines
967 2329 1000 2362 (⁸5
1013 2327 1143 2370 duplices

260 2387 359 2413 animo
381 2381 493 2414 dic‘lum
509 2380 547 2421 est
557 2385 651 2423 magi's
662 2379 768 2421 confilii'
786 2380 904 2412 cautela
916 2403 925 2418 ‚
953 2380 1065 2421 quam,
1092 2389 1144 2411 au-

258 2429 397 2464 c‘loritatc
414 2437 575 2473 praecepti.
603 2429 813 2464 Demonstrat
826 2428 921 2461 variis
934 2428 1055 2462 cafibus
1069 2452 1081 2470 ,
1107 2440 1144 2462 ac

258 2481 426 2524 praesertim
449 2481 536 2514 fastae
560 2480 595 2514 in
621 2489 769 2513 extremo
805 2481 877 2513 vitae
899 2478 1046 2522 periculo
1076 2489 1145 2522 pro-

260 2530 389 2565 fessioni
412 2531 565 2564 annalem
588 2528 817 2573 probationem
842 2541 910 2563 non
926 2529 988 2563 esse
1010 2530 1147 2563 necessa-

261 2582 361 2614 riam.
389 2582 492 2624 Ipsam
515 2581 532 2615 a
546 2580 663 2614 Sancto
685 2580 863 2614 Benedido
886 2591 954 2613 non
969 2579 1096 2623 praecipi
1109 2590 1144 2614 ut

261 2630 528 2671 substantialem,
556 2630 607 2664 sed
631 2630 801 2664 dumtaxat
825 2629 953 2673 imponi
979 2640 1015 2663 ut
1026 2640 1145 2663 conve-

1267 137 1638 184 PRIMUM.'
1921 148 2018 195 277

1197 236 1328 261 necnon
1351 227 1384 260 ὅτ.
1396 227 1508 261 tertius
1519 223 1734 260 Innocentius
1746 221 1838 258 fanis
1857 220 1899 257 ad
1910 223 1942 257 sie
1953 222 2082 257 relatio-

1200 277 1295 310 nibus
1324 278 1549 320 rescripserunt
1573 282 1587 309 .“
1610 274 1654 309 Et
1681 273 1747 309 haec
1774 273 1926 316 Rescipta
1953 298 1963 313 ,
1989 270 2081 317 quod
2097 262 2169 302 0²9·
2193 266 2242 299 ¹3³

1198 334 1278 360 tunc
1303 324 1411 361 adhuc
1424 328 1637 365 servarentur,
1668 326 1734 359 suis
1755 323 1983 357 Decretalibus
2002 322 2083 357 inse-

1199 377 1263 411 ruit
1283 376 1463 421 Gregorius
1484 388 1591 410 nonus
1604 401 1611 409 .
1638 373 1744 423 Qod
1764 374 1868 417 ipsum
1881 371 1980 407 tradit
1994 373 2082 407 Con-

1200 426 1524 471 stantinopolitanae‚
1549 437 1647 470 quam
1674 428 1709 460 in
1730 426 1912 459 sanctorum
1940 422 2085 466 Aposto-

1199 477 1305 512 lorum
1332 477 1465 512 Basilica
1491 476 1667 511 celebravit
1702 473 1889 509 Patriarcha
1917 471 2084 513 Photius,

1201 528 1327 570 Synodi
1351 528 1487 570 quintus
1505 526 1623 569 Canon
1648 551 1655 557 .
1683 527 1735 560 Ex
1757 524 1965 568 Imperatoris
1988 523 2084 567 Justi-

1200 578 1290 612 niani
1303 577 1431 622 legibus
1442 577 1578 610 mandat
1591 576 1799 610 Monachum
1820 573 1950 618 probari
1972 574 2085 616 perin-

1201 627 1544 673 tegrumtriennium,
1572 624 1786 670 &adjungitz
1814 629 1860 658 Et
1873 623 1937 658 haec
1947 629 2084 657 omnimo-

1200 679 1238 710 do
1255 676 1375 720 servari
1394 683 1536 718 praecepit
1550 700 1559 715 ,
1582 684 1788 716 praeterquam
1801 675 1832 717 fi
1840 682 1951 719 gravis
1973 676 2082 717 aliquis

1199 728 1316 761 morbus
1337 728 1469 760 incidens
1487 725 1673 767 probationis
1692 733 1826 765 tempora
1845 725 2084 769 contrahicoege-

1199 783 1261 816 rit,
1290 778 1344 810 ‘vel
1345 775 1375 816 fi
1381 777 1512 809 nondum
1524 780 1591 817 quis
1603 773 1643 816 fit
1664 780 1715 807 vir
1725 771 1888 817 Religiosus
1902 798 1912 813 ,
1940 776 2084 807 &tamen

1199 833 1300 862 vitam
1324 825 1515 867 Monastt'cam
1528 832 1560 858 tn
1573 824 1678 858 babitu
1694 823 1833 868 saeculari
1841 832 1989 866 peragat.
2016 824 2086 856 Tali

1199 884 1277 912 enim
1301 883 1369 913 viro
1393 877 1437 912 ad
1445 874 1610 920 absolutam
1631 879 1844 918 experientiam
1868 883 1984 916 tempus
1993 872 2086 917 seme·

1181 911 1253 981 lstre
1260 926 1415 971 sufficeret.
1442 926 1596 961 Arsenius
1608 925 1798 960 Monachus
1810 925 1987 959 Canonem
1999 923 2084 958 rede-

1199 979 1250 1023 git
1261 981 1295 1012 in
1311 977 1395 1013 hanc
1410 977 1585 1021 Synopfim
1599 991 1606 1009 ε
1634 982 1706 1010 Non
1716 984 1829 1018 oportet
1845 974 2013 1018 perfec‘lum
2023 969 2139 1008 Μο-Ὀ.
2160 976 2222 1006 106.

1200 1028 1351 1068 nachum,
1375 1030 1411 1061 id
1429 1027 1465 1071 est
1477 1052 1487 1068 ,
1514 1039 1656 1071 magnum
1680 1026 1817 1061 habitum
1832 1035 1989 1071 gerentem
2002 1050 2013 1066 ,
2038 1034 2088 1058 at—

1199 1081 1316 1113 tonderi
1342 1085 1425 1112 intra
1450 1084 1635 1118 triennium,
1662 1076 1717 1120 nist
1729 1083 1843 1121 gravis
1867 1076 2005 1115 morbus,
2032 1079 2085 1118 qui

1201 1140 1324 1164 mortem
1346 1135 1498 1169 minetur,
1524 1130 1685 1168 inciderit,
1712 1135 1765 1160 aut
1787 1126 1842 1168 nisi
1851 1126 1891 1168 fit
1901 1129 2011 1169 aliquis
2034 1131 2089 1159 vir·

1197 1186 1268 1222 pius
1281 1180 1381 1213 multis
1394 1191 1424 1215 eo
1437 1184 1552 1213 nomine
1564 1189 1650 1212 notus
1662 1202 1672 1218 ‚
1684 1188 1838 1219 eorumque
1850 1177 2009 1217 testimonio
2014 1178 2087 1217 jam

1198 1230 1362 1272 probatus.
1394 1235 1451 1265 His
1470 1235 1562 1263 etiam
1577 1226 1711 1272 semestre
1735 1236 1852 1270 tempus
1876 1228 1919 1259 ad
1931 1225 2089 1270 tonsuram

1198 1279 1308 1323 sufficit
1334 1305 1340 1311 .
1370 1279 1480 1314 Etiam
1501 1279 1576 1312 illos
1602 1279 1636 1314 ἀ
1660 1278 1829 1321 Principes
1855 1278 1888 1314 &
1910 1276 2088 1317 proceres,

1200 1342 1283 1373 quos
1306 1330 1429 1366 invitos
1451 1329 1493 1364 ad
1516 1329 1685 1365 tonsuram
1705 1340 1742 1362 ac
1755 1326 1985 1371 profeffionem
1997 1339 2087 1361 com-

1204 1381 1350 1423 pulerant
1374 1381 1428 1414 seu
1454 1379 1612 1421 Tyranni
1639 1379 1692 1413 seu
1713 1378 1885 1422 Principes
1905 1403 1916 1418 ,
1957 1379 2050 1412 fuisse
2069 1377 2088 1411 a

1204 1430 1378 1464 Novitiatu
1397 1427 1431 1463 δε
1451 1428 1646 1471 probatione
1667 1438 1841 1470 exemptos
1862 1427 1959 1462 docet
1981 1429 2015 1462 &
2028 1428 2090 1462 La-

1202 1480 1345 1513 tinorum
1364 1479 1397 1514 &
1413 1477 1602 1512 Graecorum
1625 1485 1775 1520 perpetua
1798 1476 2020 1511 consuetudo.
2047 1478 2090 1511 11-

1200 1528 1298 1560 lustre
1323 1527 1511 1569 exemplum
1532 1525 1577 1559 est
1595 1525 1733 1560 Alexius
1745 1524 1940 1560 comnenus
1952 1550 1962 1565 ,
1989 1538 2091 1570 quem

1204 1577 1311 1611 isaacii
1326 1576 1450 1622 Angeli
1466 1574 1673 1619 Imperatoris
1683 1574 1765 1616 jussu
1787 1575 1881 1609 fuiffe
1897 1576 1930 1609 in
1941 1574 2091 1620 Papycio

1203 1636 1314 1660 monte
1337 1624 1643 1662 detonsum.sctibit
1662 1624 1799 1660 Nicetas
1811 1624 2015 1661 Choniates.
2043 1625 2093 1661 At

1203 1677 1281 1711 vero
1304 1677 1338 1709 in
1362 1676 1481 1712 Latina
1504 1675 1645 1709 Ecclesia
1665 1675 1780 1718 plenus
1808 1673 2012 1719 probationis
2037 1688 2095 1711 an-

1204 1738 1264 1761 nus
1299 1725 1345 1760 est
1382 1726 1448 1770 Jam
1486 1724 1615 1759 dudum
1652 1723 1871 1759 substantialis
1897 1750 1908 1767 ,
1945 1726 2095 1771 adeoque

1201 1776 1269 1812 sine
1295 1776 1356 1812 illo
1382 1777 1464 1810 facta
1489 1776 1525 1809 in
1551 1774 1668 1810 mortis
1694 1775 1776 1809 lecto
1799 1774 1952 1818 profeffio
1974 1776 2020 1811 est
2045 1789 2096 1813 va-

1201 1839 1262 1862 cua
1288 1827 1323 1862 δε
1348 1826 1436 1863 nulla
1449 1850 1460 1871 ,
1485 1822 1649 1873 habetque
1671 1824 1756 1861 solas
1776 1826 1859 1861 vires
1881 1836 1921 1864 ac
1943 1827 2095 1864 effectum

1202 1876 1438 1914 investitionis.

1253 1927 1366 1964 Restat
1390 1927 1544 1973 quaestio,
1574 1938 1618 1963 an
1638 1927 1790 1965 adversus
1815 1929 1928 1965 Mauri
1941 1929 2099 1976 Episcopi

1203 1979 1397 2014 sententiam
1429 1977 1591 2013 emanarit
1614 1978 1749 2024 aliquod
1785 1978 1952 2023 synodale
1977 1982 2099 2016 Decre-

1203 2031 1301 2063 tum?
1328 2028 1528 2073 Respondeo
1554 2031 1716 2066 emanasse
1736 2056 1743 2063 .
1770 2028 1898 2066 Lucide
1923 2029 1989 2066 hoc
2010 2031 2093 2067 affir-

1203 2088 1271 2113 mat
1282 2077 1316 2114 in
1327 2079 1443 2115 litteris
1454 2079 1494 2114 ad
1524 2077 1704 2115 Gislerium
1716 2080 1947 2116 Auximanum
1963 2081 2099 2125 Episco-

1205 2141 1281 2173 pum
1295 2130 1430 2164 Sanetus
1442 2129 1557 2164 Petrus
1568 2130 1728 2165 Damiani
1741 2144 1752 2166 .·
1780 2135 1853 2164 Non
1863 2130 1947 2165 vobis
1955 2133 2070 2166 excidit
2085 2155 2101 2173 ,

1205 2179 1449 2219 Reverendiffirne
1461 2177 1580 2222 Praesul
1587 2205 1597 2220 ,
1624 2181 1700 2222 quid
1717 2181 1754 2215 de
1763 2180 1894 2223 reprobis
1916 2182 1978 2215 illis
1991 2187 2069 2216 viris
2085 2206 2100 2224 ,

1206 2235 1261 2272 qui
1266 2228 1367 2272 spreto
1379 2229 1538 2272 Religionis
1557 2228 1662 2263 babitu
1683 2231 1726 2263 ad
1734 2230 1877 2275 saetulum
1888 2228 1962 2275 sune
1972 2229 2099 2275 relapfi,

1201 2279 1284 2323 saepe
1294 2291 1355 2313 una
1380 2279 1541 2322 conquesti,
1565 2277 1649 2323 saepe‘
1669 2280 1929 2325 communisumus
1952 2284 2043 2316 taedio
2052 2284 2098 2316 la·

1205 2336 1349 2364 mentatt.
1376 2334 1486 2372 Nuper
1505 2337 1606 2364 autem
1618 2341 1683 2364 cum
1705 2341 1735 2366 te
1757 2333 1900 2375 corporali
1920 2333 2097 2368 valetudine

1209 2381 1384 2422 laborante,
1409 2383 1553 2413 Romanae
1573 2382 1682 2420 synodo
1691 2394 1737 2416 me
1750 2382 1879 2428 intereffe
1890 2388 2071 2429 contingeret
2082 2406 2096 2424 ,

1205 2430 1294 2473 huy‘us
1308 2438 1353 2466 rei
1374 2435 1512 2463 notitiam
1523 2432 1647 2464 Domino
1658 2435 1755 2474 Papae
1770 2431 1926 2477 suggerere
1937 2444 2096 2479 congruum

1202 2483 1362 2532 judicavi.
1389 2480 1442 2514 ule
1455 2490 1578 2522 autem,
1603 2484 1704 2524 utpote
1713 2488 1764 2516 vir
1785 2482 2001 2531 fanc‘i'ffmus,
2020 2487 2098 2525 jux-

1207 2530 1438 2573 tafinceriffimae
1448 2529 1610 2566 charitatis
1630 2530 1765 2575 viscera,
1791 2544 1860 2576 quae
1885 2540 1918 2567 in
1929 2537 2038 2577 templo
2043 2532 2099 2577 suc·

1198 2581 1329 2624 pectoris
1343 2587 1472 2625 vigent,
1498 2593 1559 2614 rem
1582 2582 1675 2615 valde
1691 2584 1869 2625 perdoluit,
1894 2584 2008 2619 &mox
2031 2595 2095 2619 con-

1198 2642 1306 2676 gruum
1330 2631 1536 2672 immaniffimo>
1550 2633 1670 2666 vulneri
1696 2634 1862 2667 remedium
1888 2633 2027 2668 adbibere
2047 2645 2095 2667 cu-

262 2680 427 2720 nientem,
456 2681 593 2724 ideoque
607 2691 660 2723 per
675 2680 836 2714 Abbatem
851 2680 938 2722 posse
950 2679 1124 2723 dispensari
1141 2704 1146 2712 .
1187 2674 1190 2738 Ι
1206 2687 1310 2715 ravit.
1337 2686 1441 2724 Itaque
1453 2686 1526 2725 quia
1537 2683 1583 2714 ad
1590 2688 1788 2717 executionem
1800 2683 1891 2724 hujus
1913 2691 2021 2728 negotii
2030 2685 2094 2718 ido·

263 2727 412 2762 Eandem
437 2730 629 2763 sententiam
646 2732 751 2764 firmat
774 2732 807 2764 in
819 2729 934 2763 litteris
946 2730 986 2763 ad
1003 2731 1048 2765 La
1057 2730 1146 2764 ndul-

263 2778 367 2822 phum
390 2778 429 2812 de
452 2778 582 2812 Corsica
604 2779 788 2815 Alexander
811 2780 971 2815 secundus
993 2805 1000 2812 .
1033 2780 1146 2815 Extre-

1186 2733 1335 2806 lnejorem
1356 2737 1389 2763 in
1412 2731 1473 2763 illis
1493 2732 1635 2773 partibus
1656 2738 1757 2767 virum
1782 2737 1894 2775 nequiit
1917 2733 2093 2777 addiscere,

1187 2815 1190 2843 l

1199 2779 1275 2826 suar
1294 2781 1339 2814 ad
1360 2790 1391 2816 te
1417 2778 1526 2825 censuit
1547 2783 1668 2815 litteras
1690 2783 1882 2823 destinandas
1908 2807 1920 2824 ,
1945 2785 2095 2827 quatenus

265 2830 318 2863 me
331 2830 480 2863 laborans
493 2850 503 2866 ,
527 2827 590 2862 &a
603 2831 741 2872 peccatis
766 2831 830 2864 suis
850 2831 979 2864 territus
1000 2831 1145 2865 Landul-
1187 2846 1191 2871 ι
1201 2837 1457 2875 pravas-scateret
1479 2831 1544 2864 illos
1556 2841 1588 2866 tu
1607 2830 1932 2875 jecundumfacundiae
1953 2843 2094 2877 tuaepru-

263 2878 348 2923 phus
363 2903 372 2918 ,
400 2878 504 2912 voluit
523 2877 590 2911 fieri
602 2878 790 2913 Monachus
804 2903 815 2920 ,
842 2880 982 2915 invitam
1006 2892 1143 2915 uxorem

265 2929 390 2963 incusso
411 2928 640 2963 trucidationis
665 2939 752 2963 metu
764 2930 926 2973 compulit
947 2930 987 2963 ad
1011 2932 1144 2964 consen-

264 2980 353 3019 sum,
382 2978 605 3013 Monasticum
619 2976 770 3012 habitum
792 2980 858 3014 fine
872 2979 1004 3014 Abbate
1016 2980 1144 3023 induit,

265 3029 298 3061 &
310 3031 436 3063 sanitati
450 3028 594 3063 redditus
603 3029 798 3063 reclamante
818 3041 920 3064 uxore
932 3031 1053 3072 recepit
1066 3031 1096 3064 se
1109 3032 1142 3064 in

266 3078 524 3113 Monasterium.
553 3079 595 3111 Et
610 3077 675 3112 haec
696 3079 809 3112 omnia
833 3078 1142 3115 laudatusPontifcx

266 3129 398 3164 cassavit
421 3142 430 3162 .·
456 3140 526 3163 non
565 3127 609 3162 ob
636 3128 829 3162 Novitiatus
848 3151 859 3167 ,
897 3130 949 3163 sed
971 3128 1016 3163 ob
1037 3132 1143 3165 uxorii

267 3179 440 3213 consensus
450 3177 631 3219 defectum,
659 3179 800 3222 ideoque
810 3179 935 3212 censuit
949 3179 1044 3213 istum
1077 3192 1142 3215 non

195 3265 202 3275 ι
244 3229 330 3273 ‚esse
352 3227 593 3263 substantialem
616 3254 622 3262 .
653 3229 834 3273 Epistolam
863 3228 897 3261 in
922 3229 979 3262 suo
1000 3229 1143 3266 Det-reto

267 3279 365 3313 nobis
388 3278 613 3313 custodierunt
624 3280 757 3315 Sanetus
769 3280 826 3313 lvo
841 3277 1054 3312 Carnutenfis
1072 3280 1144 3323 Epis

267 3330 404 3373 scopus,
430 3327 663 3362 &Monachus
685 3330 884 3364 Gratianus.
910 3328 1013 3376 Qiod
1042 3329 1144 3373 ipsum

202 3380 210 3391 '
266 3379 308 3413 ad
333 3379 467 3413 titulum
481 3378 521 3412 de
546 3378 716 3420 sepulturis
739 3378 928 3414 Alexander
950 3379 1086 3419 tertius,
1111 3380 1143 3414 ἀ

267 3429 308 3463 ad
335 3430 470 3464 titulum
504 3426 546 3463 de
574 3428 792 3475 Regularibus
817 3428 972 3465 Clemens
1009 3431 1142 3472 tertius,

1205 2885 1344 2917 dentiam
1366 2887 1537 2916 convenires
1561 2906 1572 2924 ,
1599 2885 1633 2917 ὁ*
1655 2883 1773 2918 obedire
1793 2886 1928 2918 volentes
1948 2886 1993 2917 ad
1998 2886 2093 2930 suum

1210 2931 1395 2975 Propofitum
1415 2943 1569 2966 revocares
1582 2957 1594 2973 ,
1620 2933 1741 2967 rebelles
1767 2937 1839 2968 vere
1851 2940 1903 2976 qui
1913 2933 2092 2978 existerent,

1203 2988 1339 3025 perpetui
1351 2982 1557 3016 anathematis
1564 2982 1715 3026 sententia
1716 2983 1888 3025 ferirentur
1897 3009 1904 3017 .
1932 2985 1978 3020 Et
1987 2984 2070 3020 infra
2080 2997 2088 3017 ε

1206 3034 1398 3075 ,Quapropter
1417 3032 1480 3074 post
1492 3033 1576 3066 illam
1593 3031 1717 3075 fiammae
1727 3031 1915 3067 aucqoritatis
1927 3031 2092 3078 epistolam

1206 3083 1258 3115 hoc
1282 3088 1375 3115 etiam
1392 3080 1558 3124 opusculum
1575 3080 1708 3124 suscipe,
1737 3084 1771 3117 (τ
1786 3082 1827 3125 fic
1848 3095 1958 3118 revera
1979 3087 2090 3120 Benia-

1206 3137 1269 3166 min
1285 3130 1368 3173 filius
1380 3155 1391 3171 ,
1418 3140 1544 3172 utraque
1565 3143 1656 3166 manu
1675 3143 1810 3167 samatus
1831 3132 1945 3177 bicipiti
1962 3137 2066 3180 gladio
2078 3162 2092 3179 ,

1209 3189 1241 3215 in
1251 3180 1424 3223 constipatos
1437 3180 1527 3222 hostes
1539 3186 1686 3225 irrumpe,
1712 3184 1859 3226 quatenus
1868 3185 1921 3218 illa
1937 3197 1972 3220 ac
1975 3185 2007 3228 fi
2012 3188 2091 3220 vali-

1208 3235 1265 3265 dus
1290 3243 1389 3265 vomer
1411 3232 1454 3263 ad
1473 3229 1604 3274 virosum
1625 3238 1771 3268 aconitum
1789 3236 1938 3270 radicitus
1961 3239 2090 3272 evellen-

1212 3284 1282 3315 dum
1309 3287 1453 3315 zizaniati
1473 3282 1602 3324 peHoris
1636 3295 1717 3318 arva
1742 3283 1917 3329 proscindat
1938 3312 1944 3321 .
1970 3287 2091 3323 Omni-

1211 3334 1254 3365 no
1277 3332 1376 3375 igitur
1403 3331 1435 3365 in
1451 3333 1529 3367 istos
1555 3333 1920 3386 Apostataspmanavit
1946 3335 2091 3379 synoda-

1210 3381 1239 3416 le
1272 3382 1448 3416 Decretum
1473 3405 1483 3421 ,
1520 3382 1613 3426 ipsius
1648 3386 1800 3420 executio
1830 3386 1891 3421 fuit
1923 3383 2091 3419 commissa

1213 3432 1342 3468 laudato
1370 3431 1532 3473 Gislerio,
1556 3433 1761 3478 ejusdemque
1786 3435 1943 3480 justitiam
1971 3433 2092 3479 insigni

1981 3483 2042 3519 isto
