2352 3736
43 376 82 408 c.
101 379 164 411 176.

494 155 581 184 DE
652 140 690 184 S.

222 521 391 564 Baptismo
412 521 533 564 sperare
555 520 688 560 salutem
706 544 718 560 ,
747 519 788 554 ad
816 518 1045 563 Baptisteriurn
1066 518 1101 551 in

222 571 307 605 ledo
319 571 436 614 portari
452 570 559 613 jussit,
581 581 622 609 rac
638 571 672 603 in
687 571 781 603 fonte
801 569 955 604 immersit
967 568 1099 611 Atticus

223 620 612 664 Constantinopolitanus
634 619 830 663 Episcopus,
856 621 888 653 &
901 618 1013 653 divina
1032 628 1103 661 gra-

221 671 268 704 tia
280 671 379 705 etiam
392 671 427 703 in
447 680 585 712 corpore
598 669 739 704 sanavit.
767 670 816 703 lta
829 667 927 703 habes
949 666 1034 710 apud
1047 667 1102 702 So.-

221 731 343 754 cratem
359 746 364 752 .
391 720 436 758 Et
447 719 482 753 in
497 718 562 754 hoc
575 730 666 754 more
682 717 854 762 fundatum
866 718 929 752 fuit
945 715 1101 758 dubium,

222 770 314 813 quod
336 769 378 803 ad
398 771 551 803 §austum
574 769 780 813 Cyprianum
803 767 912 802 retulit
937 767 1099 812 Magnus:

222 818 379 862 ,Quaefisti‚
406 819 660 861 Filichariffime‚
686 816 844 860 quidmibi
864 817 901 851 de
910 817 972 850 illis
996 818 1101 851 videa-

221 879 273 901 tur
289 893 299 909 ‚
326 874 376 911 qui
388 875 419 902 in
430 858 498 911 infi
501 875 605 900 mirate
624 869 802 911 &languore
806 872 943 910 gratiam
957 870 1015 909 Dei
1037 878 1101 901 con-

217 915 398 961 sequtmttffi⁴
428 930 469 950 an
495 917 623 950 habendi
638 916 699 957 sint
717 918 844 961 legitimi
855 907 1038 957 christiani,
1070 919 1100 950 εὸ

219 969 302 1010 quod
315 979 398 1008 aqua
415 965 546 1008 salutari
558 978 615 999 non
629 968 681 1000 loti
698 964 781 1007 snt
799 964 860 1009 sed
880 965 1012 1009 perfufi.
1040 966 1100 1001 Ni-

218 1015 432 1052 miainfirmic
436 1027 468 1050 as
479 1016 638 1059 quosdam
659 1016 800 1050 faciebat
820 1016 981 1057 clinicos,
1012 1015 1101 1051 ideo-

215 1077 284 1115 que
306 1078 366 1099 nec
388 1066 602 1108 nudaritotos
622 1076 678 1100 aut
705 1066 827 1107 lavari,
855 1067 908 1100 sed
929 1066 1100 1109 dumtaxat

217 1116 371 1160 perfundi
393 1115 599 1159 permittebat
616 1127 672 1150 aut
688 1117 855 1160 adspergi.
914 1116 957 1150 Et
979 1116 1020 1151 de
1043 1117 1100 1151 tali

216 1165 388 1208 Baptismo
412 1166 511 1200 etiam
533 1177 613 1209 tunc
635 1166 736 1209 aliqui
759 1165 952 1209 dubitabant
972 1191 979 1199 .
1003 1167 1099 1214 Qin

217 1215 324 1250 immo
343 1215 503 1250 dubitasse
524 1216 648 1250 videtur
667 1227 745 1250 cum
764 1217 819 1251 sua
843 1216 997 1261 Romana
1016 1219 1100 1252 sexa-

216 1265 312 1310 ginta
324 1265 563 1310 Episcoporum
570 1266 707 1311 Synodo
717 1267 817 1301 etiam
831 1267 861 1301 S.
874 1266 961 1309 Papa
977 1266 1101 1301 Corne-

215 1315 284 1349 lius
305 1339 312 1347 .
339 1315 473 1350 Etenim
495 1316 536 1350 de
560 1317 754 1357 Novatiano
779 1316 904 1355 clinico
926 1315 1037 1351 scribit
1058 1316 1100 1351 ad

215 1363 360 1399 Fabium
384 1365 571 1400 Antiochiae
581 1365 803 1405 Patriarcham
816 1380 828 1399 .-
854 1370 969 1410 Aquam
987 1371 1100 1408 petiit,

217 1425 280 1456 qua
298 1421 331 1447 in
349 1413 411 1458 ipso
427 1415 503 1457 *lec‘io
527 1441 537 1458 ‚
560 1422 608 1453 ,ita
628 1426 663 1451 ut
679 1415 869 1450 decumbebat
902 1439 914 1456 ,
934 1415 1078 1459 perfusus
1089 1441 1099 1457 ,

217 1463 394 1507 baptizatus
412 1465 525 1509 scilicet
544 1465 584 1511 est
603 1492 611 1510 .

217 1513 341 1548 aionem
352 1515 466 1559 Raptis
463 1529 544 1550 mum
556 1522 655 1550 vocari
665 1517 732 1550 licet
743 1543 750 1549 .
780 1516 884 1562 Quod
897 1515 1013 1558 nempe
1022 1526 1099 1548 con-

217 1563 310 1599 sueta
331 1576 409 1600 tunc
421 1566 593 1611 disciplina
613 1567 713 1600 etiarn
725 1567 876 1599 infirmos
897 1574 1027 1607 cogeret
1042 1573 1098 1597 nu-

215 1611 309 1655 dari,
335 1614 618 1657 acnudoslavari.

267 1662 460 1706 Baptizandi
481 1663 610 1698 stabant
630 1664 725 1698 cressi
744 1664 778 1696 in
793 1665 907 1697 fonte.
935 1662 1028 1694 Hinc
1040 1660 1110 1693 Pa-.

213 1720 300 1746 trem
324 1714 439 1754 suum,
465 1712 546 1748 dum
565 1711 776 1755 baptizandus
798 1721 905 1755 genua
929 1710 1022 1743 flexit
1045 1718 1099 1751 per

213 1761 481 1805 simplicitatem,
506 1761 693 1802 videntibus
710 1759 830 1796 dedisse
840 1760 941 1794 futuri
964 1759 1099 1802 suiEpi-

213 1811 367 1855 scopatus
377 1811 561 1856 praesagium
573 1836 584 1852 ,
611 1811 745 1845 testatur
767 1811 902 1845 Sanctus
914 1809 1096 1853 Gregorius

212 1861 470 1906 Nazianzenus.'
489 1860 647 1904 Utroque
665 1861 757 1896 enim
778 1871 866 1905 genu
879 1860 966 1894 flexo
988 1860 1098 1893 conse-

211 1922 344 1946 cramur
364 1912 400 1953 in
418 1911 628 1955 Episcopos
655 1911 698 1945 Et
724 1910 844 1945 stantes
870 1909 889 1942 a
913 1909 1097 1953 baptizante

208 1973 286 1997 mon
320 1959 452 1995 tantum
476 1959 753 2004 perfundebantur
776 1969 832 1994 aut
863 1958 1096 2003 tingebantur,

211 2010 272 2044 sed
284 2008 426 2045 omnino
437 2011 686 2055 mergebantur.
713 2008 768 2044 Ad
783 2009 924 2051 Domini
937 2009 1070 2043 verbum
1084 2032 1095 2049 ,

211 2063 322 2093 „Docere
341 2071 440 2094 omnes
457 2069 589 2103 gentes,
616 2059 805 2102 baptizantes
828 2071 899 2098 eos,
928 2058 1067 2093 scribit'
1058 2070 1092 2100 in

210 2119 312 2153 opere
325 2108 365 2143 de
376 2109 534 2153 Baptismi
559 2109 673 2145 ritibus
693 2107 851 2154 Iosephus
862 2083 1072 2143 V’ice-comes
1085 2122 1095 2141 :

209 2163 402 2192 Divinarum
412 2162 581 2193 litterarum
586 2165 697 2203 peritis
708 2160 827 2194 dubium
847 2170 905 2192 non
916 2159 954 2199 est
973 2184 983 2200 ‚
1007 2157 1096 2193 Chri-

206 2208 286 2250 stum
313 2209 402 2243 verbo
424 2233 434 2250 ,
461 2209 691 2253 Baptizantes,
715 2209 880 2251 mersionem
908 2209 1092 2251 intellexisse.

208 2257 260 2293 Et
281 2259 389 2294 firmat
401 2260 590 2302 austoritate
610 2261 787 2295 Hieremiae
803 2257 994 2293 Patriarchae
1004 2258 1094 2293 Con·

210 2307 500 2358 stantinopolitani
513 2335 520 2343 .
548 2310 596 2345 At
613 2310 719 2345 virum
739 2309 828 2349 labi,
856 2307 985 2343 abunde
1005 2309 1094 2343 evin-

208 2359 260 2392 cit
280 2359 410 2394 laudata
431 2360 540 2398 Sanffl
551 2360 711 2405 Cypriani
737 2359 777 2394 ad
788 2358 953 2404 Magnum
966 2358 1093 2402 Episto-

207 2408 263 2441 Ha.
290 2408 533 2450 Ablutionem,
557 2421 658 2457 quam
681 2410 849 2444 Dominus
872 2409 942 2443 istic
968 2408 1090 2443 intelle·

207 2459 284 2498 etit,
310 2458 410 2501 etiam
431 2462 572 2495 omnino
593 2460 743 2505 praecepit
764 2484 774 2499 ,
799 2460 947 2502 adeoque
967 2459 988 2492 si
1009 2470 1090 2493 mer-

208 2506 331 2542 sionem
369 2510 568 2550 ,intellexerit
587 2534 598 2550 ,
633 2520 756 2545 certum
780 2510 827 2544 est
853 2509 1090 2553 adsperfionem

209 2568 281 2592 non
302 2559 463 2594 sufficere.
488 2561 531 2594 Et
554 2561 646 2595 istius
656 2560 831 2595 Hieremiae
853 2559 1025 2594 austeritas
1044 2559 1091 2602 est

208 2604 433 2650 schismatica,
461 2610 571 2649 latinis
593 2611 740 2646 moribus
761 2610 896 2645 inimica.
918 2633 928 2649 ,
957 2609 999 2644 ad
1020 2621 1090 2653 pro·

207 2654 359 2693 bandum
377 2658 524 2701 infirma.
553 2660 688 2701 Interim
707 2660 764 2704 qui
777 2662 930 2695 Sanstum
955 2659 1087 2694 Petrum

208 2705 413 2749 Apostolum
426 2730 437 2746 ‚
461 2708 542 2747 dum
552 2721 621 2744 uno
632 2709 686 2745 die
707 2710 883 2753 baptizavit
905 2711 966 2744 tria
978 2708 1087 2744 homi-

207 2766 293 2798 nurn
305 2755 409 2789 millia
422 2778 432 2794 ‚
456 2756 642 2798 existimant
656 2760 749 2797 fuisse
761 2761 855 2794 usum
868 2760 1068 2803 adspersione
1078 2785 1088 2800 ‚

212 2806 334 2846 temere
345 2805 588 2848 conjecturam.
614 2809 706 2849 Fecit
716 2810 849 2851 Petrus,
877 2808 968 2852 quod
983 2810 1090 2853 postea

210 2853 292 2896 fecit
312 2854 346 2887 δε
357 2857 488 2890 Sanctus
504 2855 683 2899 Gregorius
703 2856 934 2895 Armeniorum
949 2859 1090 2903 Aposto-

208 2903 263 2942 lus
274 2927 284 2943 ,
307 2905 367 2948 ,qui
379 2905 527 2939 scribitur
538 2906 655 2940 eodem
667 2907 720 2940 die
731 2907 908 2946 duodecim
925 2908 1028 2944 millia
1040 2909 1091 2943 ba-

210 2954 348 2997 ptizasse
377 2955 412 2990 in
440 2954 604 2999 Euphrate
636 2980 642 2987 .
670 2955 766 2990 Plura
800 2958 875 2997 sunt
904 2954 1090 3000 hujiismodi

210 3004 361 3047 exempla
383 3030 390 3038 .
415 3004 519 3052 Qod
540 3006 672 3041 Sanstus
694 3005 806 3040 Petrus
830 3006 1000 3047 Simonem
1019 3007 1090 3042 Ma—

211 3063 291 3097 gum
318 3066 387 3094 non
408 3056 596 3099 adsperserit
615 3066 670 3090 aut
694 3055 892 3099 perfuderit,
917 3057 970 3097 sed
983 3058 1091 3099 omui-

211 3099 260 3137 nd
281 3102 475 3143 immerserit
488 3129 498 3144 ‚
525 3105 640 3144 diserte
661 3107 795 3141 testatur
817 3106 851 3139 in
864 3108 991 3140 suarum
1006 3116 1090 3141 cate·

211 3151 356 3186 chesium
377 3155 558 3197 praefatione
579 3158 713 3197 Sanctus
734 3154 879 3199 Cyrillus
898 3156 1090 3201 Hierosoly·

210 3212 274 3237 mae
286 3202 464 3247 Episcopus
479 3219 493 3243 ,ι
518 3209 602 3249 Magi
622 3207 741 3249 quidem
761 3213 864 3248 corpu:
885 3207 964 3240 lavit
988 3204 1088 3249 aqua,

209 3254 259 3285 cor
267 3261 366 3286 autem
375 3253 602 3293 noniilustrqvie
615 3260 761 3300 spiritus.
788 3254 948 3299 Deftendi't
969 3258 1089 3298 quidem

211 3310 317 3344 corpus
342 3301 562 3346 &adscendit,
586 3313 690 3344 anima
702 3309 775 3346 vergi
785 3317 844 3339 non
865 3306 902 3346 est
924 3305 1089 3349 consepulta

209 3350 348 3394 Christo,
376 3365 465 3396 neque
484 3365 549 3387 cum
570 3355 619 3388 iilo
640 3356 817 3399 reficrrexit.
847 3355 1024 3401 Eleganter
1036 3356 1090 3391 de-

209 3411 321 3449 pingit
333 3403 475 3442 informe
493 3405 754 3441 Sacramentum.
783 3405 882 3442 Ritus
903 3406 994 3445 istius
1014 3417 1090 3443 cau·

762 140 1096 184 Leoni-s

220 232 264 257 τε
282 221 400 256 itinere
418 217 581 254 lethaliter
599 221 768 256 infirmum
780 220 831 264 pia
854 220 1015 254 comitum
1027 218 1083 251 sim
1095 237 1106 243 -

222 271 350 316 plicitas
370 270 414 304 ob
438 280 527 313 aquae
545 270 704 305 defectum
726 270 902 317 baptizavit
929 270 964 303 in
986 279 1082 303 arena
1088 293 1103 310 ,

220 320 334 359 scribit
356 321 390 354 in
411 320 568 363 spirituali
580 319 679 355 Prato
704 321 835 354 Sanetus
850 318 1037 357 Patriarcha
1048 320 1106 353 So-

222 370 405 414 phronius:
429 373 594 404 Ereximus
612 372 695 404 illum
706 394 718 411 ,
738 370 926 412 ‚erecqumque
948 376 1083 403 exuimus
1096 393 1103 400 .

223 421 269 455 Et
281 420 504 463 paralyticum
527 420 693 463 Judaeum,
715 420 774 464 qui
799 421 868 463 post
882 420 983 463 longa
1003 416 1105 452 medi-

222 482 265 504 cae
299 472 376 505 attis
412 470 499 505 varia
525 480 723 505 tentamenta
749 470 848 512 coepit
867 468 886 502 a
915 468 1103 503 Christiano

663 1469 695 1499 Si
715 1468 836 1509 quidem
856 1465 1022 1509 hujusmodi
1044 1471 1102 1498 tin-

1167 137 1770 183 N0N1Acrls.
1884 156 1971 205 39!

1170 219 1238 252 sam
1265 218 1432 263 insigniter
1456 218 1591 261 exponit
1611 218 1646 252 in
1667 217 1816 254 paschali
1840 218 1899 264 per⁴
1918 222 2047 258 Franci.

1171 269 1258 302 scum
1282 268 1450 309 Combefis
1470 268 1606 314 vulgato
1626 267 1668 303 ad
1680 267 1882 313 Neophytos
1900 270 2047 309 sermone

1172 319 1306 352 Saucius
1319 316 1530 359 Athanasius:
1552 315 1783 361 Resurrecqionis
1795 319 1852 354 tibi
1862 319 1988 356 arrhabo
1989 322 2047 365 fa

1173 367 1222 400 δῖα
1232 367 1399 412 estgratiae
1399 374 1546 402 initiatio.
1573 366 1734 415 ‚Baptisma
1743 367 1782 410 est
1791 369 1846 402 tibi
1864 375 1977 415 pignus
1992 371 2045 414 sq·-

1167 426 1246 453 turae
1256 425 1287 451 in
1302 420 1379 452 Coelo
1389 423 1484 452 vitae.
1512 416 1601 460 Mers
1586 430 1646 452 one
1655 423 1795 459 ¹imitatus
1818 430 1851 454 es
1864 423 1985 455 Domini
2004 419 2046 465 fe·

1163 469 1341 508 pulturam.
1370 470 1488 501 Rursus
1503 470 1574 502 vero
1585 479 1733 512 emergens
1743 467 1963 518 rel'urreeqionis
1983 480 2047 514 ope-

1168 529 1203 550 ra
1215 517 1399 561 adspexisti,
1425 529 1490 551 cum
1499 519 1622 552 necdum
1634 527 1725 561 opera
1732 517 1930 564 exhibuiffes
1959 524 2047 565 Quo·

1166 578 1231 600 rum
1256 568 1359 609 vidisti
1373 552 1526 611 symbola,
1549 579 1772 614 eorumquoque
1791 581 1842 608 res
1863 578 1986 618 accepta
2012 583 2046 605 ac

1162 618 1273 659 proba.
1301 616 1490 655 AdducitS
1506 617 1601 652 Pauli
1616 618 1656 652 ad
1673 618 1848 654 Romanos
1872 619 1988 660 verba:
2015 623 2045 654 si

1165 669 1360 710 complantati
1364 667 1445 708 fabii
1451 666 1558 709 sumus
1563 666 1756 708 fimiiitudmi
1781 675 1867 702 morti
1884 672 1978 711 ejus,
2000 680 2046 709 et-

1164 723 1226 753 iam
1235 715 1453 759 resurrec‘lionis
1464 722 1573 749 erimus
1584 741 1592 748 .
1622 715 1664 749 Et
1679 717 1804 762 pergit:
1820 719 1945 759 Pulchre
1954 722 2045 763 illud,

1166 768 1373 808 ,Compiantati
1386 790 1393 797 .
1422 764 1598 807 Baptismus
1625 767 1733 809 quippi.³
1750 768 1900 808 plantatio
1923 770 1964 810 est
1993 775 2047 803 im-

1163 818 1298 858 mortalis
1311 822 1386 857 vitae
1397 839 1408 856 ‚
1436 814 1554 862 Piscina
1562 821 1647 859 aquis
1661 811 1769 857 edita',
1790 817 1828 857 gb·
1844 819 1922 850 coelo
1936 818 2047 858 feudii-

1145 896 1147 898 ,
1161 866 1258 909 ficans
1271 892 1278 899 .
1305 867 1371 899 Illic
1376 870 1490 910 gratiae
1507 868 1636 908 spiritus
1649 876 1762 899 arcana
1774 872 1888 901 ratione
1900 876 2046 909 operatur.

1167 921 1274 959 Neque
1299 925 1327 950 te
1339 925 1458 950 naturae
1469 922 1603 960 cognatio
1627 921 1660 949 in
1672 918 1810 950 miraculi
1834 923 2047 961 ignorationem

1165 966 1300 1009 impellat
1310 991 1317 999 .
1345 971 1432 1008 Aqua
1445 967 1488 999 ad
1495 965 1578 1009 usum
1592 966 1742 1007 ministrat
1754 991 1761 998 .
1788 968 1883 1010 ‚Quod
1901 973 1933 1000 in
1956 967 2046 1010 Pisci-

1166 1028 1237 1050 nam
1247 1021 1378 1050 mittitur
1389 1040 1400 1057 ,
1428 1022 1460 1049 in
1472 1028 1507 1050 ea
1517 1027 1626 1050 novum
1639 1040 1651 1057 ,
1677 1019 1822 1059 tanquam
1837 1022 1870 1050 in
1882 1019 1977 1051 vulva
1982 1015 2048 1058 for-

1145 1075 1282 1100 *matun
1310 1071 1347 1100 1n
1359 1077 1439 1108 aqua
1452 1091 1463 1108 ‚
1489 1064 1660 1109 baudftcus
1686 1078 1720 1100 ac
1733 1073 1766 1099 in
1783 1067 1909 1108 fornace
1931 1065 2048 1109 descen-

1166 1118 1280 1150 dentem
1292 1116 1417 1157 conflat.
1444 1117 1683 1150 Immortalitatis
1706 1122 1756 1155 ei,
1776 1115 1829 1159 seu
1850 1116 2047 1160 desponsatio-

1167 1173 1214 1200 nis
1233 1169 1326 1208 jure,
1348 1174 1475 1210 pignora
1500 1166 1604 1200 tribuit
1628 1189 1636 1198 .
1675 1165 1907 1209 Resurrec‘lionis
1927 1167 2047 1208 praebet

1160 1216 1358 1261 fignaculum.
1384 1216 1552 1263 Baptismo
1578 1216 1676 1251 inesse
1705 1218 1844 1250 affirmat
1868 1217 1956 1250 varia
1980 1216 2047 1250 Dei

1167 1267 1275 1308 dona,
1303 1267 1477 1310 mysteria,
1502 1268 1735 1309 Sacramenta:
1763 1266 2048 1310 Regenerationis,

1167 1316 1391 1361 innovationis
1403 1341 1413 1357 ,
1439 1316 1697 1360 desponsationis
1709 1340 1718 1355 ‚
1745 1317 1935 1355 Dominicae
1947 1317 2051 1360 sepul-

1167 1376 1262 1408 mrae,
1289 1379 1326 1400 ac
1357 1367 1608 1401 resurrestionis.
1638 1367 1757 1408 Messio
1780 1366 1977 1410 sepulturam
2003 1376 2050 1400 re-

1168 1419 1357 1459 praesentat,
1384 1417 1516 1452 emerfio
1542 1417 1804 1450 resurrectionem
1826 1441 1831 1448 .
1860 1416 2049 1450 Laudatum

1169 1465 1319 1508 Apostoli
1334 1467 1443 1500 locum
1460 1466 1578 1501 eodem
1598 1467 1700 1500 niodo
1712 1466 1906 1510 intelligunt
1931 1466 1965 1499 &
1992 1465 2050 1498 alii

1169 1515 1279 1557 paffim
1295 1515 1425 1555 Patres,
1454 1526 1551 1559 atque
1577 1516 1719 1549 italucet
1737 1516 1834 1550 istum
1860 1514 2050 1559 baptizandi

1168 1564 1266 1597 ritum
1279 1565 1341 1597 esse
1351 1564 1562 1598 traditionem
1576 1563 1802 1607 Apostolicam
1814 1589 1821 1597 .

1215 1613 1291 1646 Nec
1304 1612 1512 1647 solummodo
1524 1614 1658 1647 unicam
1668 1638 1680 1655 ,
1707 1613 1760 1648 sed
1772 1613 1917 1649 omnino
1931 1615 2051 1648 trinam

1167 1662 1407 1695 immersionem
1416 1663 1528 1698 omnis
1540 1663 1669 1696 usitavit
1682 1662 1884 1706 Antiquitas.
1914 1665 2052 1698 Etenim

1167 1710 1200 1743 in
1224 1710 1309 1744 libro
1330 1709 1480 1745 adversus
1491 1710 1648 1746 Praxeam
1675 1712 1786 1746 scribit
1798 1713 2049 1748 Tertullianus:
2070 1723 2142 1762 Cap
2160 1730 2216 1758 2⁶,

1168 1764 1310 1793 Dominus
1325 1760 1461 1802 apostolis
1474 1763 1619 1802 mandat,
1647 1770 1681 1794 ut
1695 1768 1842 1805 tingerent
1858 1768 1889 1796 in
1904 1766 2028 1797 Patrem
2038 1788 2049 1803 ‚

1168 1813 1303 1850 Filium,
1330 1813 1364 1844 ὁ·
1375 1813 1519 1852 Spintum
1530 1814 1549 1843 5
1551 1812 1697 1851 andium
1707 1821 1765 1844 non
1779 1817 1812 1844 in
1824 1824 1933 1845 unum.
1962 1818 2050 1846 Nam

1165 1871 1215 1894 nec
1240 1859 1346 1903 semel,
1371 1858 1430 1903 sed
1451 1869 1495 1894 ter
1516 1862 1562 1894 ad
1575 1860 1693 1904 singula
1714 1867 1835 1895 nomina
1859 1867 1891 1895 in
1906 1861 2051 1905 Personas

1157 1909 1289 1954 singulas
1311 1916 1454 1952 tingimur
1468 1936 1476 1943 .
1508 1911 1552 1944 Et
1570 1910 1713 1944 in'libro
1723 1912 1765 1945 de
1791 1923 1915 1947 corona
1927 1913 2052 1946 Militis

1163 1970 1329 1994 enumerat
1352 1960 1459 2002 plures
1473 1960 1622 1993 Ecclefiae
1643 1960 1880 2004 antiquissimas
1900 1961 2051 1996 traditio·

1163 2022 1243 2050 nes,
1269 2010 1491 2055 &adjungit.
1518 2012 1573 2044 Ter
1587 2015 1799 2054 mergitamur.
1827 2011 1932 2059 Qod
1944 2011 2050 2055 ipsum

1164 2060 1292 2094 scribit
1283 2070 1317 2093 in
1330 2059 1415 2094 libro
1425 2060 1466 2094 de
1478 2061 1598 2103 Spiritu
1609 2060 1726 2095 Sansto
1734 2061 1880 2106 Magnus
1897 2061 2042 2096 Basilius.
2066 2072 2138 2111 Cap
2148 2083 2176 2111 3

1165 2109 1274 2145 Etiam
1298 2110 1439 2144 affirmat
1462 2112 1524 2144 effe
1542 2110 1786 2145 vetustissimam
1807 2111 2044 2147 traditionem.
2064 2113 2138 2152 (Ξ-ῦΡ
2157 2123 2204 2148 27·

1164 2160 1208 2194 Et
1231 2159 1381 2204 adjungit
1409 2159 1443 2192 in
1467 2160 1603 2203 epistola
1626 2160 1666 2194 ad
1690 2161 1721 2195 S.
1741 2160 2043 2206 Amphilochium.-

1163 2210 1308 2243 Doctrina
1320 2211 1358 2244 de
1370 2211 1532 2244 elevatione
1543 2217 1576 2243 in
1587 2209 1779 2254 Baptismate
1789 2211 1881 2256 neftio
1899 2224 1967 2255 quae
1989 2214 2045 2246 tibi
2065 2234 2115 2270 ΕΡ
2134 2240 2190 2270 391

1162 2258 1272 2301 emersi·
1284 2266 1480 2304 interrogare
1507 2263 1539 2294 si
1565 2268 1666 2295 tamen
1682 2260 1833 2305 suſsepisti
1858 2268 1974 2295 trinam
1992 2265 2044 2297 de·
2197 2255 2204 2262 ⁸

1162 2309 1344 2352 mersionem,
1370 2318 1466 2352 typum
1479 2316 1571 2344 trium
1580 2312 1695 2345 dierum
1707 2312 1846 2353 explesti
1873 2315 2043 2354 Baptizari

1161 2367 1240 2394 enim
1251 2361 1326 2394 tales
1347 2361 1512 2403 impqffibile
1531 2359 1569 2401 est
1581 2385 1591 2402 ,
1614 2361 1669 2403 nisi
1685 2367 1771 2396 toties
1785 2364 1952 2396 eleventur.
1982 2363 2043 2398 Ba-

1161 2411 1218 2444 filii
1232 2421 1377 2454 mentem
1389 2411 1554 2460 eleganter
1562 2412 1702 2459 exponit
1715 2413 1749 2446 iri
1772 2412 1888 2447 litteris
1909 2412 1948 2447 ad
1965 2414 2043 2447 Sici-

1161 2461 1209 2494 liae
1221 2452 1400 2505 Episcopos
1411 2458 1569 2506 Magnus
1565 2462 1654 2496 Leo.
1680 2462 1711 2497 A
1726 2474 1849 2508 magno
1860 2461 2042 2498 Athanasio

1159 2508 1327 2545 laudatum
1353 2510 1508 2556 Apostoli
1537 2511 1648 2546 locum
1684 2511 1816 2547 adducit
1854 2514 2037 2557 integrum:

1160 2565 1360 2604 Anignoratis
1373 2584 1384 2601 ,
1409 2567 1482 2603 quia
1508 2566 1683 2604 quicumque
1703 2563 1852 2604 baptizati
1876 2562 1981 2606 sumus
2007 2570 2040 2596 in

1159 2610 1498 2654 CHRlSTo-JESU
1510 2635 1521 2652 ,
1547 2617 1581 2645 in
1607 2621 1699 2646 morte
1715 2612 1805 2655 ipfius
1828 2612 1977 2655 baptizati
1990 2612 2041 2656 su·

1157 2672 1222 2693 mus
1235 2660 1250 2690 ἕ
1264 2660 1433 2703 Consepulti
1443 2667 1523 2694 enim
1533 2660 1639 2704 sumus
1649 2673 1713 2696 cum
1724 2664 1772 2695 illo
1778 2671 1832 2704 per
1844 2661 2038 2704 Baptismum

1157 2716 1188 2743 in
1208 2718 1350 2750 mortem,
1374 2719 1407 2742 ut
1426 2712 1565 2751 quomodo
1572 2709 1705 2753 surrexit
1733 2710 1864 2753 Christus
1882 2713 2036 2745 amortuis

1152 2768 1209 2802 per
1213 2761 1341 2803 gloriam
1355 2761 1459 2792 Patris
1474 2783 1486 2799 ‚
1514 2765 1558 2792 ita
1584 2762 1618 2794 &
1629 2772 1681 2794 nos
1694 2767 1727 2793 in
1738 2767 1874 2795 novitate
1885 2767 1960 2794 vitae
1970 2772 2039 2793 am-

1156 2810 1281 2843 bulemus
1293 2834 1300 2841 .
1328 2811 1448 2843 sienim
1459 2811 1653 2852 complantati
1663 2809 1850 2857 fabiisumus
1868 2810 2037 2852 similitudi-

1156 2867 1186 2894 ni
1197 2865 1301 2898 mortis
1313 2861 1376 2901 ejus
1389 2883 1399 2899 ,
1419 2858 1507 2906 fimul
1530 2861 1565 2893 (9⁶
1586 2859 1804 2903 resurrec‘lionis
1831 2867 1956 2900 erimus.
1990 2861 2036 2901 Et

1157 2910 1378 2954 prosequitur:
1405 2911 1484 2952 ,ραι
1500 2919 1648 2953 geruntur
1666 2916 1701 2948 in
1711 2910 1852 2951 membris
1864 2936 1875 2952 ,
1901 2910 1948 2943 his
1965 2922 2036 2953 quae
2055 2915 2105 2952 Ep.
2119 2925 2148 2952 4.

1155 2960 1258 3003 inipso
1269 2960 1451 3003 capitegesta
1461 2958 1553 3002 sunt,
1579 2971 1738 3004 congruunt
1749 2984 1760 3000 ‚
1782 2963 1854 2999 dum
1869 2967 1902 2994 in
1910 2961 2035 3004 Raptis:
2053 2954 2126 2994 0²1²·
2140 2964 2168 2995 3·

1154 3015 1241 3045 matis
1251 3011 1351 3052 regula
1370 3011 1405 3043 (5
1419 3020 1496 3042 mors
1508 3015 1674 3048 intervenit
1684 3010 1891 3053 interfediione
1903 3018 2032 3053 peccati,

1156 3063 1188 3094 (ς-
1197 3059 1378 3103 sepulturam
1390 3060 1569 3099 triduanam
1581 3064 1718 3094 imitatur
1724 3067 1809 3098 trina
1818 3059 1952 3103 demersio
1962 3085 1973 3101 ,
1997 3062 2033 3095 θ

1154 3110 1192 3143 ab
1216 3114 1303 3152 aquis
1324 3110 1450 3142 elevatio
1461 3109 1499 3148 est
1510 3107 1689 3153 resurgentis
1709 3112 1756 3149 ad
1774 3110 1865 3151 instar
1886 3113 1924 3145 de
1933 3108 2031 3154 fipul-

1153 3159 1236 3193 chro.
1264 3158 1331 3193 Uti
1343 3158 1427 3192 trina
1438 3157 1616 3200 demersio,
1644 3160 1689 3195 ita
1714 3161 1846 3202 &trina
1869 3160 1906 3194 fit
1926 3161 2030 3195 eleva-

1154 3210 1222 3244 tio.
1249 3208 1342 3242 Hinc
1363 3208 1394 3242 S.
1410 3206 1665 3252 Amphilochius
1690 3208 1845 3250 haesitavit
1868 3211 1902 3245 &
1924 3211 2033 3253 quaefi-

1155 3260 1221 3300 vit,
1246 3257 1418 3300 quomodo
1438 3259 1505 3303 ipsa
1523 3260 1654 3296 unicam
1666 3260 1809 3296 Domini
1827 3261 2027 3295 resurrestio-

1153 3320 1229 3344 nem
1239 3309 1493 3351 repraesentaret.
1520 3310 1565 3353 Et
1586 3310 1725 3346 Basilius
1734 3310 1877 3354 reposuit
1895 3311 2025 3344 unicam

1153 3357 1294 3394 omnino
1313 3358 1382 3393 fore
1399 3360 1686 3404 congruentiorem
1698 3383 1710 3400 ,
1735 3360 1846 3395 verum
1868 3358 2025 3413 quoniam

1153 3420 1230 3450 cum
1241 3408 1296 3444 illa
1309 3407 1470 3446 cohaerete
1480 3421 1548 3445 non
1560 3408 1657 3455 poffit
1667 3409 1750 3447 trina
1761 3409 1932 3447 demersio,
1949 3403 2024 3442 ideo

1916 3466 1977 3490 nos
