<?xml version="1.0" encoding="UTF-8"?>
<!DOCTYPE html PUBLIC "-//W3C//DTD XHTML 1.0 Transitional//EN"
    "http://www.w3.org/TR/xhtml1/DTD/xhtml1-transitional.dtd">
<html xmlns="http://www.w3.org/1999/xhtml" xml:lang="en" lang="en">
 <head>
  <title>
</title>
<meta http-equiv="Content-Type" content="text/html;charset=utf-8" />
  <meta name='ocr-system' content='tesseract 3.04.00' />
  <meta name='ocr-capabilities' content='ocr_page ocr_carea ocr_par ocr_line ocrx_word'/>
</head>
<body>
  <div class='ocr_page' id='page_1' title='image "./operaomniastudio04lupuuoft/operaomniastudio04lupuuoft_0039.png"; bbox 0 0 2352 3736; ppageno 0'>
   <div class='ocr_carea' id='block_1_1' title="bbox 377 109 1854 167">
    <p class='ocr_par' dir='ltr' id='par_1_1' title="bbox 377 109 1854 167">
     <span class='ocr_line' id='line_1_1' title="bbox 377 109 1854 167; baseline -0.004 -2"><span class='ocrx_word' id='word_1_1' title='bbox 377 137 432 167; x_wconf 71' lang='lat' dir='ltr'>nn</span> <span class='ocrx_word' id='word_1_2' title='bbox 466 119 733 163; x_wconf 66' lang='lat' dir='ltr'>Lai-monum</span> <span class='ocrx_word' id='word_1_3' title='bbox 768 113 1086 158; x_wconf 65' lang='lat' dir='ltr'>Emscopmwu</span> <span class='ocrx_word' id='word_1_4' title='bbox 1115 125 1164 153; x_wconf 74' lang='lat' dir='ltr'>Er</span> <span class='ocrx_word' id='word_1_5' title='bbox 1197 109 1496 155; x_wconf 68' lang='lat' dir='ltr'>Ctfintcortum</span> <span class='ocrx_word' id='word_1_6' title='bbox 1531 125 1854 159; x_wconf 62' lang='lat' dir='ltr'>commentu-</span> 
     </span>
    </p>
   </div>
   <div class='ocr_carea' id='block_1_2' title="bbox 62 197 1115 552">
    <p class='ocr_par' dir='ltr' id='par_1_2' title="bbox 62 197 1135 1437">
     <span class='ocr_line' id='line_1_2' title="bbox 236 197 1111 250; baseline -0.017 -6"><span class='ocrx_word' id='word_1_7' title='bbox 236 211 331 244; x_wconf 59' lang='lat' dir='ltr'>licum</span> <span class='ocrx_word' id='word_1_8' title='bbox 345 206 494 248; x_wconf 49' lang='lat' dir='ltr'>Ecclesiae</span> <span class='ocrx_word' id='word_1_9' title='bbox 505 202 649 250; x_wconf 85' lang='lat' dir='ltr'>regulam</span> <span class='ocrx_word' id='word_1_10' title='bbox 662 228 672 243; x_wconf 92' lang='lat'>,</span> <span class='ocrx_word' id='word_1_11' title='bbox 698 202 739 236; x_wconf 87' lang='lat' dir='ltr'>de</span> <span class='ocrx_word' id='word_1_12' title='bbox 751 212 815 245; x_wconf 89' lang='lat' dir='ltr'>qua</span> <span class='ocrx_word' id='word_1_13' title='bbox 823 201 964 243; x_wconf 86' lang='lat' dir='ltr'>primum</span> <span class='ocrx_word' id='word_1_14' title='bbox 987 197 1111 230; x_wconf 83' lang='lat' dir='ltr'>Conci-</span> 
     </span>
     <span class='ocr_line' id='line_1_3' title="bbox 236 249 1115 303; baseline -0.014 -10"><span class='ocrx_word' id='word_1_15' title='bbox 236 259 318 294; x_wconf 79' lang='lat' dir='ltr'>lium</span> <span class='ocrx_word' id='word_1_16' title='bbox 338 257 564 297; x_wconf 78' lang='lat' dir='ltr'>Toleranum,</span> <span class='ocrx_word' id='word_1_17' title='bbox 594 255 747 288; x_wconf 81' lang='lat' dir='ltr'>devotam</span> <span class='ocrx_word' id='word_1_18' title='bbox 768 262 864 285; x_wconf 84' lang='lat' dir='ltr'>carne</span> <span class='ocrx_word' id='word_1_19' title='bbox 886 249 1005 303; x_wconf 74' lang='lat' dir='ltr'>lapsam</span> <span class='ocrx_word' id='word_1_20' title='bbox 1024 257 1115 281; x_wconf 84' lang='lat' dir='ltr'>man-</span> 
     </span>
     <span class='ocr_line' id='line_1_4' title="bbox 234 298 1109 351; baseline -0.017 -8"><span class='ocrx_word' id='word_1_21' title='bbox 234 310 315 344; x_wconf 71' lang='lat' dir='ltr'>dans</span> <span class='ocrx_word' id='word_1_22' title='bbox 329 306 550 351; x_wconf 81' lang='lat' dir='ltr'>poenitereper</span> <span class='ocrx_word' id='word_1_23' title='bbox 560 305 672 339; x_wconf 88' lang='lat' dir='ltr'>decem</span> <span class='ocrx_word' id='word_1_24' title='bbox 684 313 811 342; x_wconf 85' lang='lat' dir='ltr'>annos,</span> <span class='ocrx_word' id='word_1_25' title='bbox 834 300 869 333; x_wconf 67' lang='lat' dir='ltr'>ec</span> <span class='ocrx_word' id='word_1_26' title='bbox 890 298 1073 342; x_wconf 72' lang='lat' dir='ltr'>adjungens</span> <span class='ocrx_word' id='word_1_27' title='bbox 1095 309 1109 329; x_wconf 79' lang='lat'>.-</span> 
     </span>
     <span class='ocr_line' id='line_1_5' title="bbox 62 348 1115 404; baseline -0.009 -14"><span class='ocrx_word' id='word_1_28' title='bbox 62 361 103 391; x_wconf 71' lang='grc'>,0.</span> <span class='ocrx_word' id='word_1_29' title='bbox 134 364 175 389; x_wconf 82' lang='lat'>¹6.</span> <span class='ocrx_word' id='word_1_30' title='bbox 190 358 220 390; x_wconf 72' lang='grc' dir='ltr'>δε</span> <span class='ocrx_word' id='word_1_31' title='bbox 236 362 318 404; x_wconf 67' lang='lat' dir='ltr'>,Quae</span> <span class='ocrx_word' id='word_1_32' title='bbox 330 368 429 391; x_wconf 84' lang='lat' dir='ltr'>autem</span> <span class='ocrx_word' id='word_1_33' title='bbox 437 361 579 389; x_wconf 81' lang='lat' dir='ltr'>maritum</span> <span class='ocrx_word' id='word_1_34' title='bbox 602 360 766 396; x_wconf 72' lang='lat' dir='ltr'>acceperit,</span> <span class='ocrx_word' id='word_1_35' title='bbox 792 360 849 382; x_wconf 82' lang='lat' dir='ltr'>non</span> <span class='ocrx_word' id='word_1_36' title='bbox 866 350 1049 380; x_wconf 77' lang='lat' dir='ltr'><em>admittatur</em></span> <span class='ocrx_word' id='word_1_37' title='bbox 1071 348 1115 380; x_wconf 84' lang='lat' dir='ltr'>ad</span> 
     </span>
     <span class='ocr_line' id='line_1_6' title="bbox 71 397 1108 453; baseline -0.018 -7"><span class='ocrx_word' id='word_1_38' title='bbox 71 413 118 441; x_wconf 84' lang='lat'>¹9·</span> <span class='ocrx_word' id='word_1_39' title='bbox 231 413 441 453; x_wconf 78' lang='lat' dir='ltr'>poenttentiam</span> <span class='ocrx_word' id='word_1_40' title='bbox 451 431 461 448; x_wconf 92' lang='lat'><strong>,</strong></span> <span class='ocrx_word' id='word_1_41' title='bbox 489 404 644 447; x_wconf 78' lang='lat' dir='ltr'>ntfiadbuc</span> <span class='ocrx_word' id='word_1_42' title='bbox 658 408 782 437; x_wconf 73' lang='lat' dir='ltr'>viwnte</span> <span class='ocrx_word' id='word_1_43' title='bbox 790 397 854 442; x_wconf 71' lang='lat' dir='ltr'>¹⁴pr</span> <span class='ocrx_word' id='word_1_44' title='bbox 864 404 930 431; x_wconf 81' lang='lat' dir='ltr'>viro</span> <span class='ocrx_word' id='word_1_45' title='bbox 939 398 1012 444; x_wconf 67' lang='lat' dir='ltr'>caste</span> <span class='ocrx_word' id='word_1_46' title='bbox 1024 402 1108 431; x_wconf 83' lang='lat' dir='ltr'>vive-</span> 
     </span>
     <span class='ocr_line' id='line_1_7' title="bbox 236 447 1110 505; baseline -0.019 -11"><span class='ocrx_word' id='word_1_47' title='bbox 236 471 269 494; x_wconf 76' lang='lat' dir='ltr'>re</span> <span class='ocrx_word' id='word_1_48' title='bbox 296 464 415 500; x_wconf 68' lang='lat' dir='ltr'>ceperit</span> <span class='ocrx_word' id='word_1_49' title='bbox 434 481 446 496; x_wconf 89' lang='lat'>‚</span> <span class='ocrx_word' id='word_1_50' title='bbox 474 464 525 488; x_wconf 83' lang='lat' dir='ltr'>aut</span> <span class='ocrx_word' id='word_1_51' title='bbox 537 453 689 497; x_wconf 80' lang='lat' dir='ltr'>postquam</span> <span class='ocrx_word' id='word_1_52' title='bbox 708 448 771 493; x_wconf 76' lang='lat' dir='ltr'>ipse</span> <span class='ocrx_word' id='word_1_53' title='bbox 785 448 937 492; x_wconf 67' lang='lat' dir='ltr'>dec-efferi:</span> <span class='ocrx_word' id='word_1_54' title='bbox 957 470 966 480; x_wconf 88' lang='lat'><strong>.</strong></span> <span class='ocrx_word' id='word_1_55' title='bbox 1006 447 1110 505; x_wconf 59' lang='lat' dir='ltr'>qu</span> 
     </span>
     <span class='ocr_line' id='line_1_8' title="bbox 234 498 1053 552; baseline -0.017 -8"><span class='ocrx_word' id='word_1_56' title='bbox 234 520 355 552; x_wconf 76' lang='lat' dir='ltr'>nempe</span> <span class='ocrx_word' id='word_1_57' title='bbox 366 508 490 548; x_wconf 75' lang='lat' dir='ltr'>irritum</span> <span class='ocrx_word' id='word_1_58' title='bbox 503 506 541 539; x_wconf 89' lang='lat' dir='ltr'>sit</span> <span class='ocrx_word' id='word_1_59' title='bbox 564 503 628 537; x_wconf 78' lang='lat' dir='ltr'>tale</span> <span class='ocrx_word' id='word_1_60' title='bbox 647 499 864 544; x_wconf 74' lang='lat' dir='ltr'>conjugium,</span> <span class='ocrx_word' id='word_1_61' title='bbox 889 498 924 532; x_wconf 90' lang='lat'>&amp;</span> <span class='ocrx_word' id='word_1_62' title='bbox 945 498 1053 531; x_wconf 90' lang='lat' dir='ltr'>nullus</span> 
     </span>
    </p>
   </div>
   <div class='ocr_carea' id='block_1_3' title="bbox 1127 413 1136 516">
    <p class='ocr_par' dir='ltr' id='par_1_3' title="bbox 1127 413 1136 516">
     <span class='ocr_line' id='line_1_9' title="bbox 1127 413 1136 516; baseline 0 3220"><span class='ocrx_word' id='word_1_63' title='bbox 1127 413 1136 516; x_wconf 95' lang='lat' dir='ltr'> </span> 
     </span>
    </p>
   </div>
   <div class='ocr_carea' id='block_1_4' title="bbox 231 548 1122 3147">
    <p class='ocr_par' dir='ltr' id='par_1_4' title="bbox 232 548 1122 1997">
     <span class='ocr_line' id='line_1_10' title="bbox 235 548 1111 599; baseline -0.014 -5"><span class='ocrx_word' id='word_1_64' title='bbox 235 552 299 593; x_wconf 84' lang='lat' dir='ltr'>iius</span> <span class='ocrx_word' id='word_1_65' title='bbox 318 559 415 592; x_wconf 88' lang='lat' dir='ltr'>liceat</span> <span class='ocrx_word' id='word_1_66' title='bbox 430 556 526 591; x_wconf 72' lang='lat' dir='ltr'>usus.</span> <span class='ocrx_word' id='word_1_67' title='bbox 553 551 657 599; x_wconf 80' lang='lat' dir='ltr'>Qud</span> <span class='ocrx_word' id='word_1_68' title='bbox 679 549 784 593; x_wconf 87' lang='lat' dir='ltr'>ipsum</span> <span class='ocrx_word' id='word_1_69' title='bbox 803 548 1046 583; x_wconf 82' lang='lat' dir='ltr'>obscurioribus</span> <span class='ocrx_word' id='word_1_70' title='bbox 1064 558 1111 588; x_wconf 63' lang='lat' dir='ltr'>&gt;ta-</span> 
     </span>
     <span class='ocr_line' id='line_1_11' title="bbox 235 599 1111 647; baseline -0.006 -10"><span class='ocrx_word' id='word_1_71' title='bbox 235 620 314 644; x_wconf 76' lang='lat' dir='ltr'>men</span> <span class='ocrx_word' id='word_1_72' title='bbox 337 605 471 647; x_wconf 60' lang='lat' dir='ltr'>vocibus</span> <span class='ocrx_word' id='word_1_73' title='bbox 488 602 637 642; x_wconf 22' lang='lat' dir='ltr'>*statuunt</span> <span class='ocrx_word' id='word_1_74' title='bbox 664 599 833 643; x_wconf 78' lang='lat' dir='ltr'>Eliberina</span> <span class='ocrx_word' id='word_1_75' title='bbox 851 599 1005 642; x_wconf 88' lang='lat' dir='ltr'>Synodus</span> <span class='ocrx_word' id='word_1_76' title='bbox 1028 623 1039 638; x_wconf 92' lang='lat'>‚</span> <span class='ocrx_word' id='word_1_77' title='bbox 1077 599 1111 632; x_wconf 87' lang='lat'>&amp;</span> 
     </span>
     <span class='ocr_line' id='line_1_12' title="bbox 236 648 1112 702; baseline -0.005 -16"><span class='ocrx_word' id='word_1_78' title='bbox 236 669 349 702; x_wconf 67' lang='lat' dir='ltr'>quarta</span> <span class='ocrx_word' id='word_1_79' title='bbox 367 651 634 697; x_wconf 74' lang='lat' dir='ltr'>Carthaginensis</span> <span class='ocrx_word' id='word_1_80' title='bbox 653 675 665 692; x_wconf 91' lang='lat'>,</span> <span class='ocrx_word' id='word_1_81' title='bbox 691 663 751 695; x_wconf 90' lang='lat' dir='ltr'>pro</span> <span class='ocrx_word' id='word_1_82' title='bbox 771 649 989 684; x_wconf 86' lang='lat' dir='ltr'>fundamento</span> <span class='ocrx_word' id='word_1_83' title='bbox 1010 648 1112 683; x_wconf 81' lang='lat' dir='ltr'>addu-</span> 
     </span>
     <span class='ocr_line' id='line_1_13' title="bbox 235 697 1113 749; baseline -0.015 -5"><span class='ocrx_word' id='word_1_84' title='bbox 235 701 551 749; x_wconf 79' lang='lat' dir='ltr'>censApostolicutn</span> <span class='ocrx_word' id='word_1_85' title='bbox 567 701 760 743; x_wconf 87' lang='lat' dir='ltr'>Canonem:</span> <span class='ocrx_word' id='word_1_86' title='bbox 788 706 864 734; x_wconf 87' lang='lat' dir='ltr'>Cum</span> <span class='ocrx_word' id='word_1_87' title='bbox 873 701 1037 733; x_wconf 63' lang='lat' dir='ltr'>luxuriata·</span> <span class='ocrx_word' id='word_1_88' title='bbox 1046 697 1113 739; x_wconf 76' lang='lat' dir='ltr'>fue.-</span> 
     </span>
     <span class='ocr_line' id='line_1_14' title="bbox 236 749 1110 796; baseline -0.01 -5"><span class='ocrx_word' id='word_1_89' title='bbox 236 764 320 796; x_wconf 76' lang='lat' dir='ltr'>rint,</span> <span class='ocrx_word' id='word_1_90' title='bbox 345 753 451 788; x_wconf 85' lang='lat' dir='ltr'>nubere</span> <span class='ocrx_word' id='word_1_91' title='bbox 461 753 583 787; x_wconf 82' lang='lat' dir='ltr'>volunt.</span> <span class='ocrx_word' id='word_1_92' title='bbox 612 753 692 785; x_wconf 90' lang='lat' dir='ltr'>Non</span> <span class='ocrx_word' id='word_1_93' title='bbox 713 751 818 796; x_wconf 85' lang='lat' dir='ltr'>dicit,</span> <span class='ocrx_word' id='word_1_94' title='bbox 843 749 995 790; x_wconf 80' lang='lat' dir='ltr'>Nabum,</span> <span class='ocrx_word' id='word_1_95' title='bbox 1021 749 1073 783; x_wconf 88' lang='lat' dir='ltr'>sed</span> <span class='ocrx_word' id='word_1_96' title='bbox 1098 773 1110 789; x_wconf 93' lang='lat'><strong>,</strong></span> 
     </span>
     <span class='ocr_line' id='line_1_15' title="bbox 236 800 1111 848; baseline -0.008 -9"><span class='ocrx_word' id='word_1_97' title='bbox 236 805 359 841; x_wconf 79' lang='lat' dir='ltr'><em>Nubere</em></span> <span class='ocrx_word' id='word_1_98' title='bbox 370 805 475 846; x_wconf 74' lang='lat' dir='ltr'>volunt</span> <span class='ocrx_word' id='word_1_99' title='bbox 483 827 495 844; x_wconf 84' lang='lat'>,</span> <span class='ocrx_word' id='word_1_100' title='bbox 521 802 610 845; x_wconf 85' lang='lat' dir='ltr'>quod</span> <span class='ocrx_word' id='word_1_101' title='bbox 623 812 739 848; x_wconf 82' lang='lat' dir='ltr'>nempe</span> <span class='ocrx_word' id='word_1_102' title='bbox 751 800 880 845; x_wconf 84' lang='lat' dir='ltr'>nuptias</span> <span class='ocrx_word' id='word_1_103' title='bbox 907 809 1111 842; x_wconf 85' lang='lat' dir='ltr'>nequaquam</span> 
     </span>
     <span class='ocr_line' id='line_1_16' title="bbox 235 849 1109 894; baseline -0.008 -5"><span class='ocrx_word' id='word_1_104' title='bbox 235 854 454 890; x_wconf 77' lang='lat' dir='ltr'>validasinire</span> <span class='ocrx_word' id='word_1_105' title='bbox 466 878 477 894; x_wconf 89' lang='lat'>‚</span> <span class='ocrx_word' id='word_1_106' title='bbox 504 851 557 887; x_wconf 88' lang='lat' dir='ltr'>sed</span> <span class='ocrx_word' id='word_1_107' title='bbox 569 851 673 886; x_wconf 82' lang='lat' dir='ltr'>irritas</span> <span class='ocrx_word' id='word_1_108' title='bbox 686 849 855 893; x_wconf 80' lang='lat' dir='ltr'>dumtaxat</span> <span class='ocrx_word' id='word_1_109' title='bbox 866 850 984 894; x_wconf 83' lang='lat' dir='ltr'>poffint</span> <span class='ocrx_word' id='word_1_110' title='bbox 1007 859 1109 883; x_wconf 89' lang='lat' dir='ltr'>atten-</span> 
     </span>
     <span class='ocr_line' id='line_1_17' title="bbox 232 899 1112 948; baseline -0.008 -8"><span class='ocrx_word' id='word_1_111' title='bbox 232 915 319 941; x_wconf 76' lang='lat' dir='ltr'>tare.</span> <span class='ocrx_word' id='word_1_112' title='bbox 347 904 441 938; x_wconf 89' lang='lat' dir='ltr'>Hinc</span> <span class='ocrx_word' id='word_1_113' title='bbox 452 903 555 948; x_wconf 84' lang='lat' dir='ltr'>igitur</span> <span class='ocrx_word' id='word_1_114' title='bbox 569 902 760 937; x_wconf 77' lang='lat' dir='ltr'>,earumdem</span> <span class='ocrx_word' id='word_1_115' title='bbox 781 912 857 936; x_wconf 87' lang='lat' dir='ltr'>cum</span> <span class='ocrx_word' id='word_1_116' title='bbox 878 901 963 942; x_wconf 86' lang='lat' dir='ltr'>sacra</span> <span class='ocrx_word' id='word_1_117' title='bbox 985 899 1112 944; x_wconf 88' lang='lat' dir='ltr'>virgine</span> 
     </span>
     <span class='ocr_line' id='line_1_18' title="bbox 232 949 1112 997; baseline -0.008 -8"><span class='ocrx_word' id='word_1_118' title='bbox 232 953 291 990; x_wconf 69' lang='lat' dir='ltr'>aut</span> <span class='ocrx_word' id='word_1_119' title='bbox 301 954 397 988; x_wconf 83' lang='lat' dir='ltr'>vidua</span> <span class='ocrx_word' id='word_1_120' title='bbox 411 962 643 996; x_wconf 66' lang='lat' dir='ltr'>attentator-em</span> <span class='ocrx_word' id='word_1_121' title='bbox 653 952 758 997; x_wconf 84' lang='lat' dir='ltr'>capite</span> <span class='ocrx_word' id='word_1_122' title='bbox 772 951 866 996; x_wconf 70' lang='lat' dir='ltr'>plesti</span> <span class='ocrx_word' id='word_1_123' title='bbox 887 949 1077 994; x_wconf 74' lang='lat' dir='ltr'>Iovinianus</span> <span class='ocrx_word' id='word_1_124' title='bbox 1098 972 1112 988; x_wconf 78' lang='lat'>‚</span> 
     </span>
     <span class='ocr_line' id='line_1_19' title="bbox 233 1000 1115 1047; baseline -0.008 -7"><span class='ocrx_word' id='word_1_125' title='bbox 233 1016 289 1040; x_wconf 89' lang='lat' dir='ltr'>orn</span> <span class='ocrx_word' id='word_1_126' title='bbox 295 1004 390 1039; x_wconf 87' lang='lat' dir='ltr'>nibus</span> <span class='ocrx_word' id='word_1_127' title='bbox 401 1003 498 1044; x_wconf 84' lang='lat' dir='ltr'>bonis</span> <span class='ocrx_word' id='word_1_128' title='bbox 507 1012 642 1044; x_wconf 83' lang='lat' dir='ltr'>exutum</span> <span class='ocrx_word' id='word_1_129' title='bbox 653 1002 815 1047; x_wconf 84' lang='lat' dir='ltr'>deportari</span> <span class='ocrx_word' id='word_1_130' title='bbox 825 1000 981 1043; x_wconf 77' lang='lat' dir='ltr'>jusserunt</span> <span class='ocrx_word' id='word_1_131' title='bbox 993 1001 1115 1041; x_wconf 88' lang='lat' dir='ltr'>Hono-</span> 
     </span>
     <span class='ocr_line' id='line_1_20' title="bbox 232 1051 1113 1098; baseline -0.008 -8"><span class='ocrx_word' id='word_1_132' title='bbox 232 1056 303 1090; x_wconf 76' lang='lat' dir='ltr'>rius</span> <span class='ocrx_word' id='word_1_133' title='bbox 321 1065 359 1089; x_wconf 78' lang='lat' dir='ltr'>ac</span> <span class='ocrx_word' id='word_1_134' title='bbox 378 1053 587 1095; x_wconf 83' lang='lat' dir='ltr'>Theodosius</span> <span class='ocrx_word' id='word_1_135' title='bbox 606 1078 617 1094; x_wconf 90' lang='lat'><strong>,</strong></span> <span class='ocrx_word' id='word_1_136' title='bbox 644 1064 710 1098; x_wconf 88' lang='lat' dir='ltr'>quo</span> <span class='ocrx_word' id='word_1_137' title='bbox 732 1053 859 1095; x_wconf 67' lang='lat' dir='ltr'>sedusta</span> <span class='ocrx_word' id='word_1_138' title='bbox 874 1051 992 1093; x_wconf 78' lang='lat' dir='ltr'>mulier</span> <span class='ocrx_word' id='word_1_139' title='bbox 1009 1051 1113 1094; x_wconf 80' lang='lat' dir='ltr'>posset</span> 
     </span>
     <span class='ocr_line' id='line_1_21' title="bbox 235 1101 1113 1149; baseline -0.006 -10"><span class='ocrx_word' id='word_1_140' title='bbox 235 1117 316 1139; x_wconf 83' lang='lat' dir='ltr'>mox</span> <span class='ocrx_word' id='word_1_141' title='bbox 331 1106 363 1138; x_wconf 90' lang='lat' dir='ltr'>in</span> <span class='ocrx_word' id='word_1_142' title='bbox 377 1105 606 1148; x_wconf 63' lang='lat' dir='ltr'>poe‘iitentiam</span> <span class='ocrx_word' id='word_1_143' title='bbox 618 1104 719 1149; x_wconf 83' lang='lat' dir='ltr'>redigi</span> <span class='ocrx_word' id='word_1_144' title='bbox 732 1128 742 1143; x_wconf 93' lang='lat'>‚</span> <span class='ocrx_word' id='word_1_145' title='bbox 769 1105 804 1138; x_wconf 89' lang='lat'>&amp;</span> <span class='ocrx_word' id='word_1_146' title='bbox 814 1102 855 1137; x_wconf 84' lang='lat' dir='ltr'>ad</span> <span class='ocrx_word' id='word_1_147' title='bbox 866 1102 1000 1139; x_wconf 71' lang='lat' dir='ltr'>veniam</span> <span class='ocrx_word' id='word_1_148' title='bbox 1011 1101 1113 1145; x_wconf 90' lang='lat' dir='ltr'>adspi-</span> 
     </span>
     <span class='ocr_line' id='line_1_22' title="bbox 234 1151 1110 1198; baseline -0.006 -9"><span class='ocrx_word' id='word_1_149' title='bbox 234 1164 303 1189; x_wconf 70' lang='lat' dir='ltr'>rare</span> <span class='ocrx_word' id='word_1_150' title='bbox 314 1180 322 1187; x_wconf 89' lang='lat'><strong>.</strong></span> <span class='ocrx_word' id='word_1_151' title='bbox 332 1165 343 1170; x_wconf 55' lang='lat'>²</span> <span class='ocrx_word' id='word_1_152' title='bbox 353 1155 487 1189; x_wconf 84' lang='lat' dir='ltr'>Vanum</span> <span class='ocrx_word' id='word_1_153' title='bbox 499 1153 641 1198; x_wconf 72' lang='lat' dir='ltr'>sacrilegi</span> <span class='ocrx_word' id='word_1_154' title='bbox 652 1153 799 1198; x_wconf 85' lang='lat' dir='ltr'>conjugii</span> <span class='ocrx_word' id='word_1_155' title='bbox 808 1154 926 1193; x_wconf 58' lang='lat' dir='ltr'>‚fucum</span> <span class='ocrx_word' id='word_1_156' title='bbox 938 1151 1110 1187; x_wconf 80' lang='lat' dir='ltr'>voluerunt</span> 
     </span>
     <span class='ocr_line' id='line_1_23' title="bbox 236 1201 1108 1249; baseline -0.005 -11"><span class='ocrx_word' id='word_1_157' title='bbox 236 1206 408 1239; x_wconf 64' lang='lat' dir='ltr'>efficaciter</span> <span class='ocrx_word' id='word_1_158' title='bbox 419 1206 484 1238; x_wconf 85' lang='lat' dir='ltr'>fine</span> <span class='ocrx_word' id='word_1_159' title='bbox 494 1205 605 1249; x_wconf 88' lang='lat' dir='ltr'>quavis</span> <span class='ocrx_word' id='word_1_160' title='bbox 615 1204 722 1239; x_wconf 87' lang='lat' dir='ltr'>standi</span> <span class='ocrx_word' id='word_1_161' title='bbox 734 1206 789 1247; x_wconf 88' lang='lat' dir='ltr'>spe</span> <span class='ocrx_word' id='word_1_162' title='bbox 798 1204 996 1247; x_wconf 88' lang='lat' dir='ltr'>diremptum</span> <span class='ocrx_word' id='word_1_163' title='bbox 1009 1227 1016 1234; x_wconf 94' lang='lat'><strong>.</strong></span> <span class='ocrx_word' id='word_1_164' title='bbox 1027 1201 1108 1235; x_wconf 90' lang='lat' dir='ltr'>Vox</span> 
     </span>
     <span class='ocr_line' id='line_1_24' title="bbox 237 1251 1110 1298; baseline -0.003 -10"><span class='ocrx_word' id='word_1_165' title='bbox 237 1260 393 1289; x_wconf 64' lang='lat' dir='ltr'>attentare</span> <span class='ocrx_word' id='word_1_166' title='bbox 403 1255 508 1297; x_wconf 89' lang='lat' dir='ltr'>palam</span> <span class='ocrx_word' id='word_1_167' title='bbox 519 1255 673 1297; x_wconf 83' lang='lat' dir='ltr'>importat</span> <span class='ocrx_word' id='word_1_168' title='bbox 683 1253 813 1298; x_wconf 86' lang='lat' dir='ltr'><strong>plenam</strong></span> <span class='ocrx_word' id='word_1_169' title='bbox 833 1254 1018 1288; x_wconf 83' lang='lat' dir='ltr'>nullitatem</span> <span class='ocrx_word' id='word_1_170' title='bbox 1030 1277 1038 1285; x_wconf 95' lang='lat'>.</span> <span class='ocrx_word' id='word_1_171' title='bbox 1066 1251 1110 1286; x_wconf 85' lang='lat' dir='ltr'>Et</span> 
     </span>
     <span class='ocr_line' id='line_1_25' title="bbox 232 1303 1111 1349; baseline -0.003 -11"><span class='ocrx_word' id='word_1_172' title='bbox 232 1303 321 1340; x_wconf 78' lang='lat' dir='ltr'>banc</span> <span class='ocrx_word' id='word_1_173' title='bbox 335 1305 442 1349; x_wconf 89' lang='lat' dir='ltr'>legem</span> <span class='ocrx_word' id='word_1_174' title='bbox 453 1303 595 1339; x_wconf 71' lang='lat' dir='ltr'>omnino</span> <span class='ocrx_word' id='word_1_175' title='bbox 607 1305 744 1347; x_wconf 85' lang='lat' dir='ltr'>respexit</span> <span class='ocrx_word' id='word_1_176' title='bbox 756 1304 791 1337; x_wconf 89' lang='lat' dir='ltr'>in</span> <span class='ocrx_word' id='word_1_177' title='bbox 802 1303 919 1338; x_wconf 87' lang='lat' dir='ltr'>litteris</span> <span class='ocrx_word' id='word_1_178' title='bbox 929 1303 970 1339; x_wconf 87' lang='lat' dir='ltr'>ad</span> <span class='ocrx_word' id='word_1_179' title='bbox 994 1303 1111 1336; x_wconf 90' lang='lat' dir='ltr'>Hime-</span> 
     </span>
     <span class='ocr_line' id='line_1_26' title="bbox 232 1351 1109 1397; baseline -0.005 -8"><span class='ocrx_word' id='word_1_180' title='bbox 232 1354 319 1389; x_wconf 84' lang='lat' dir='ltr'>rium</span> <span class='ocrx_word' id='word_1_181' title='bbox 351 1355 632 1390; x_wconf 82' lang='lat' dir='ltr'>Tarraconensem</span> <span class='ocrx_word' id='word_1_182' title='bbox 663 1351 955 1397; x_wconf 87' lang='lat' dir='ltr'>Archiepiscopum</span> <span class='ocrx_word' id='word_1_183' title='bbox 978 1353 1109 1387; x_wconf 87' lang='lat' dir='ltr'>Siricius</span> 
     </span>
     <span class='ocr_line' id='line_1_27' title="bbox 233 1401 1110 1446; baseline -0.003 -8"><span class='ocrx_word' id='word_1_184' title='bbox 233 1405 415 1446; x_wconf 83' lang='lat' dir='ltr'>Pontifex,</span> <span class='ocrx_word' id='word_1_185' title='bbox 437 1402 644 1446; x_wconf 68' lang='lat' dir='ltr'>,detestabiles</span> <span class='ocrx_word' id='word_1_186' title='bbox 663 1401 909 1437; x_wconf 87' lang='lat' dir='ltr'>Monachorum</span> <span class='ocrx_word' id='word_1_187' title='bbox 932 1413 1010 1437; x_wconf 90' lang='lat' dir='ltr'>cum</span> <span class='ocrx_word' id='word_1_188' title='bbox 1031 1402 1110 1436; x_wconf 91' lang='lat' dir='ltr'>Mo-</span> 
     </span>
     <span class='ocr_line' id='line_1_28' title="bbox 237 1451 1122 1497; baseline -0.002 -9"><span class='ocrx_word' id='word_1_189' title='bbox 237 1455 378 1490; x_wconf 82' lang='lat' dir='ltr'>nialibus</span> <span class='ocrx_word' id='word_1_190' title='bbox 387 1455 520 1497; x_wconf 78' lang='lat' dir='ltr'>nuptias</span> <span class='ocrx_word' id='word_1_191' title='bbox 536 1451 692 1493; x_wconf 61' lang='lat' dir='ltr'>,addicens</span> <span class='ocrx_word' id='word_1_192' title='bbox 702 1461 862 1496; x_wconf 86' lang='lat' dir='ltr'>perpetuae</span> <span class='ocrx_word' id='word_1_193' title='bbox 872 1453 972 1497; x_wconf 88' lang='lat' dir='ltr'>usque</span> <span class='ocrx_word' id='word_1_194' title='bbox 983 1451 1024 1486; x_wconf 86' lang='lat' dir='ltr'>ad</span> <span class='ocrx_word' id='word_1_195' title='bbox 1035 1463 1122 1486; x_wconf 89' lang='lat' dir='ltr'>mor-</span> 
     </span>
     <span class='ocr_line' id='line_1_29' title="bbox 237 1501 1120 1547; baseline -0.005 -8"><span class='ocrx_word' id='word_1_196' title='bbox 237 1513 305 1539; x_wconf 79' lang='lat' dir='ltr'>tem</span> <span class='ocrx_word' id='word_1_197' title='bbox 326 1502 550 1547; x_wconf 81' lang='lat' dir='ltr'>poenitentiae,</span> <span class='ocrx_word' id='word_1_198' title='bbox 576 1503 728 1547; x_wconf 79' lang='lat' dir='ltr'>personas</span> <span class='ocrx_word' id='word_1_199' title='bbox 738 1501 940 1547; x_wconf 84' lang='lat' dir='ltr'>proscribens</span> <span class='ocrx_word' id='word_1_200' title='bbox 957 1502 975 1536; x_wconf 78' lang='grc' dir='ltr'>ὲ</span> <span class='ocrx_word' id='word_1_201' title='bbox 999 1503 1120 1536; x_wconf 88' lang='lat' dir='ltr'>Mona-</span> 
     </span>
     <span class='ocr_line' id='line_1_30' title="bbox 234 1551 1121 1597; baseline 0 -10"><span class='ocrx_word' id='word_1_202' title='bbox 234 1553 339 1587; x_wconf 79' lang='lat' dir='ltr'>fleriis</span> <span class='ocrx_word' id='word_1_203' title='bbox 358 1551 400 1587; x_wconf 79' lang='lat' dir='ltr'>ad</span> <span class='ocrx_word' id='word_1_204' title='bbox 410 1552 569 1597; x_wconf 86' lang='lat' dir='ltr'>ergastula</span> <span class='ocrx_word' id='word_1_205' title='bbox 584 1577 595 1593; x_wconf 94' lang='lat'>‚</span> <span class='ocrx_word' id='word_1_206' title='bbox 620 1553 863 1596; x_wconf 80' lang='lat' dir='ltr'>asserensque&amp;</span> <span class='ocrx_word' id='word_1_207' title='bbox 876 1552 894 1586; x_wconf 67' lang='lat' dir='ltr'>a</span> <span class='ocrx_word' id='word_1_208' title='bbox 917 1552 1056 1596; x_wconf 85' lang='lat' dir='ltr'>publicis</span> <span class='ocrx_word' id='word_1_209' title='bbox 1077 1552 1121 1587; x_wconf 87' lang='lat' dir='ltr'>Ie-</span> 
     </span>
     <span class='ocr_line' id='line_1_31' title="bbox 235 1602 1121 1648; baseline -0.001 -12"><span class='ocrx_word' id='word_1_210' title='bbox 235 1602 354 1648; x_wconf 81' lang='lat' dir='ltr'>gibus,</span> <span class='ocrx_word' id='word_1_211' title='bbox 377 1604 412 1637; x_wconf 74' lang='grc' dir='ltr'>δεῖ</span> <span class='ocrx_word' id='word_1_212' title='bbox 433 1602 475 1637; x_wconf 82' lang='lat' dir='ltr'>ab</span> <span class='ocrx_word' id='word_1_213' title='bbox 497 1602 729 1637; x_wconf 83' lang='lat' dir='ltr'>Ecclesiasticis</span> <span class='ocrx_word' id='word_1_214' title='bbox 748 1603 868 1647; x_wconf 90' lang='lat' dir='ltr'>regulis</span> <span class='ocrx_word' id='word_1_215' title='bbox 887 1602 1099 1638; x_wconf 84' lang='lat' dir='ltr'>condemnari</span> <span class='ocrx_word' id='word_1_216' title='bbox 1113 1628 1121 1635; x_wconf 91' lang='lat'><strong>.</strong></span> 
     </span>
     <span class='ocr_line' id='line_1_32' title="bbox 235 1651 1118 1697; baseline -0.001 -9"><span class='ocrx_word' id='word_1_217' title='bbox 235 1654 276 1688; x_wconf 87' lang='lat' dir='ltr'>In</span> <span class='ocrx_word' id='word_1_218' title='bbox 288 1653 353 1687; x_wconf 88' lang='lat' dir='ltr'>suis</span> <span class='ocrx_word' id='word_1_219' title='bbox 366 1653 407 1688; x_wconf 84' lang='lat' dir='ltr'>ad</span> <span class='ocrx_word' id='word_1_220' title='bbox 418 1651 610 1687; x_wconf 87' lang='lat' dir='ltr'>Gallicanos</span> <span class='ocrx_word' id='word_1_221' title='bbox 632 1653 813 1697; x_wconf 87' lang='lat' dir='ltr'>Episcopos</span> <span class='ocrx_word' id='word_1_222' title='bbox 823 1654 979 1697; x_wconf 78' lang='lat' dir='ltr'>responsis</span> <span class='ocrx_word' id='word_1_223' title='bbox 992 1678 1002 1694; x_wconf 93' lang='lat'>,</span> <span class='ocrx_word' id='word_1_224' title='bbox 1031 1652 1118 1696; x_wconf 86' lang='lat' dir='ltr'>apud</span> 
     </span>
     <span class='ocr_line' id='line_1_33' title="bbox 235 1702 1118 1747; baseline -0.001 -9"><span class='ocrx_word' id='word_1_225' title='bbox 235 1702 395 1747; x_wconf 77' lang='lat' dir='ltr'>Iacobum</span> <span class='ocrx_word' id='word_1_226' title='bbox 407 1702 619 1738; x_wconf 89' lang='lat' dir='ltr'>Sirmondum</span> <span class='ocrx_word' id='word_1_227' title='bbox 633 1703 665 1736; x_wconf 93' lang='lat' dir='ltr'>in</span> <span class='ocrx_word' id='word_1_228' title='bbox 678 1704 774 1747; x_wconf 82' lang='lat' dir='ltr'>primi</span> <span class='ocrx_word' id='word_1_229' title='bbox 785 1704 869 1737; x_wconf 85' lang='lat' dir='ltr'>torni</span> <span class='ocrx_word' id='word_1_230' title='bbox 891 1704 982 1738; x_wconf 82' lang='lat' dir='ltr'>calce</span> <span class='ocrx_word' id='word_1_231' title='bbox 993 1704 1118 1737; x_wconf 79' lang='lat' dir='ltr'>exstan-</span> 
     </span>
     <span class='ocr_line' id='line_1_34' title="bbox 235 1752 1118 1797; baseline -0.001 -9"><span class='ocrx_word' id='word_1_232' title='bbox 235 1752 345 1796; x_wconf 78' lang='lat' dir='ltr'>tibus,</span> <span class='ocrx_word' id='word_1_233' title='bbox 369 1754 585 1791; x_wconf 74' lang='lat' dir='ltr'>Innocentius</span> <span class='ocrx_word' id='word_1_234' title='bbox 598 1753 719 1797; x_wconf 89' lang='lat' dir='ltr'>primus</span> <span class='ocrx_word' id='word_1_235' title='bbox 729 1755 869 1789; x_wconf 82' lang='lat' dir='ltr'>affirmat</span> <span class='ocrx_word' id='word_1_236' title='bbox 889 1754 930 1788; x_wconf 85' lang='lat' dir='ltr'>ab</span> <span class='ocrx_word' id='word_1_237' title='bbox 955 1754 1118 1797; x_wconf 86' lang='lat' dir='ltr'>ejusmodi</span> 
     </span>
     <span class='ocr_line' id='line_1_35' title="bbox 235 1803 1117 1849; baseline 0 -11"><span class='ocrx_word' id='word_1_238' title='bbox 235 1803 375 1840; x_wconf 73' lang='lat' dir='ltr'>seductis</span> <span class='ocrx_word' id='word_1_239' title='bbox 385 1803 586 1849; x_wconf 87' lang='lat' dir='ltr'>virginibus,</span> <span class='ocrx_word' id='word_1_240' title='bbox 611 1803 798 1838; x_wconf 90' lang='lat' dir='ltr'>volentibus</span> <span class='ocrx_word' id='word_1_241' title='bbox 817 1805 942 1838; x_wconf 84' lang='lat' dir='ltr'>crimen</span> <span class='ocrx_word' id='word_1_242' title='bbox 965 1803 1117 1838; x_wconf 88' lang='lat' dir='ltr'>defende-</span> 
     </span>
     <span class='ocr_line' id='line_1_36' title="bbox 235 1853 1117 1897; baseline 0 -10"><span class='ocrx_word' id='word_1_243' title='bbox 235 1863 290 1894; x_wconf 84' lang='lat' dir='ltr'>re,</span> <span class='ocrx_word' id='word_1_244' title='bbox 318 1855 573 1897; x_wconf 67' lang='lat' dir='ltr'>Adulteroimponl</span> <span class='ocrx_word' id='word_1_245' title='bbox 582 1860 687 1887; x_wconf 72' lang='lat' dir='ltr'>mariti</span> <span class='ocrx_word' id='word_1_246' title='bbox 706 1865 828 1896; x_wconf 74' lang='lat' dir='ltr'>nomen,</span> <span class='ocrx_word' id='word_1_247' title='bbox 854 1855 887 1889; x_wconf 94' lang='lat' dir='ltr'>id</span> <span class='ocrx_word' id='word_1_248' title='bbox 900 1853 945 1887; x_wconf 86' lang='lat' dir='ltr'>est</span> <span class='ocrx_word' id='word_1_249' title='bbox 960 1853 1117 1897; x_wconf 86' lang='lat' dir='ltr'>,conjun-</span> 
     </span>
     <span class='ocr_line' id='line_1_37' title="bbox 234 1902 1118 1949; baseline 0.002 -13"><span class='ocrx_word' id='word_1_250' title='bbox 234 1902 484 1941; x_wconf 65' lang='lat' dir='ltr'>aionemistam</span> <span class='ocrx_word' id='word_1_251' title='bbox 496 1913 566 1942; x_wconf 86' lang='lat' dir='ltr'>non</span> <span class='ocrx_word' id='word_1_252' title='bbox 583 1904 649 1942; x_wconf 71' lang='lat' dir='ltr'>¹esse</span> <span class='ocrx_word' id='word_1_253' title='bbox 671 1903 887 1949; x_wconf 79' lang='lat' dir='ltr'>conjugium,</span> <span class='ocrx_word' id='word_1_254' title='bbox 915 1905 970 1939; x_wconf 88' lang='lat' dir='ltr'>sed</span> <span class='ocrx_word' id='word_1_255' title='bbox 994 1903 1118 1939; x_wconf 81' lang='lat' dir='ltr'>adulte-</span> 
     </span>
     <span class='ocr_line' id='line_1_38' title="bbox 233 1951 621 1997; baseline -0.003 -9"><span class='ocrx_word' id='word_1_256' title='bbox 233 1951 320 1988; x_wconf 72' lang='lat' dir='ltr'>rium</span> <span class='ocrx_word' id='word_1_257' title='bbox 331 1953 602 1997; x_wconf 85' lang='lat' dir='ltr'>atqueineaestum</span> <span class='ocrx_word' id='word_1_258' title='bbox 613 1980 621 1987; x_wconf 89' lang='lat'><strong>.</strong></span> 
     </span>
    </p>

    <p class='ocr_par' dir='ltr' id='par_1_5' title="bbox 231 2002 1121 3147">
     <span class='ocr_line' id='line_1_39' title="bbox 239 2002 1117 2047; baseline 0.002 -11"><span class='ocrx_word' id='word_1_259' title='bbox 239 2019 246 2023; x_wconf 90' lang='lat'><em>-</em></span> <span class='ocrx_word' id='word_1_260' title='bbox 285 2002 496 2038; x_wconf 70' lang='lat' dir='ltr'>Lucidiffime</span> <span class='ocrx_word' id='word_1_261' title='bbox 516 2004 602 2038; x_wconf 80' lang='lat' dir='ltr'>istud</span> <span class='ocrx_word' id='word_1_262' title='bbox 625 2004 729 2047; x_wconf 79' lang='lat' dir='ltr'>ipsum</span> <span class='ocrx_word' id='word_1_263' title='bbox 760 2005 858 2038; x_wconf 83' lang='lat' dir='ltr'>tradit</span> <span class='ocrx_word' id='word_1_264' title='bbox 882 2008 915 2038; x_wconf 87' lang='lat' dir='ltr'>in</span> <span class='ocrx_word' id='word_1_265' title='bbox 942 2005 1055 2038; x_wconf 86' lang='lat' dir='ltr'>litteris</span> <span class='ocrx_word' id='word_1_266' title='bbox 1077 2004 1117 2038; x_wconf 84' lang='lat' dir='ltr'>ad</span> 
     </span>
     <span class='ocr_line' id='line_1_40' title="bbox 231 2051 1115 2099; baseline 0.001 -13"><span class='ocrx_word' id='word_1_267' title='bbox 231 2051 387 2087; x_wconf 70' lang='lat' dir='ltr'>sanetum</span> <span class='ocrx_word' id='word_1_268' title='bbox 412 2051 609 2087; x_wconf 66' lang='lat' dir='ltr'>Vistricinm</span> <span class='ocrx_word' id='word_1_269' title='bbox 642 2054 843 2098; x_wconf 86' lang='lat' dir='ltr'>Episcopum</span> <span class='ocrx_word' id='word_1_270' title='bbox 866 2053 1115 2099; x_wconf 85' lang='lat' dir='ltr'>Rothomagen·</span> 
     </span>
     <span class='ocr_line' id='line_1_41' title="bbox 234 2101 1121 2147; baseline 0.002 -11"><span class='ocrx_word' id='word_1_271' title='bbox 234 2103 318 2137; x_wconf 87' lang='lat' dir='ltr'>sem:</span> <span class='ocrx_word' id='word_1_272' title='bbox 345 2105 428 2147; x_wconf 58' lang='grc' dir='ltr'>,ραι</span> <span class='ocrx_word' id='word_1_273' title='bbox 438 2102 554 2144; x_wconf 65' lang='lat' dir='ltr'>cbristo</span> <span class='ocrx_word' id='word_1_274' title='bbox 568 2101 768 2146; x_wconf 65' lang='lat' dir='ltr'>spiritualiter</span> <span class='ocrx_word' id='word_1_275' title='bbox 792 2103 976 2147; x_wconf 63' lang='lat' dir='ltr'>nupserunt,</span> <span class='ocrx_word' id='word_1_276' title='bbox 1005 2106 1040 2138; x_wconf 64' lang='lat'>(5</span> <span class='ocrx_word' id='word_1_277' title='bbox 1064 2115 1121 2138; x_wconf 81' lang='lat' dir='ltr'>ve·</span> 
     </span>
     <span class='ocr_line' id='line_1_42' title="bbox 235 2153 1117 2197; baseline 0.003 -12"><span class='ocrx_word' id='word_1_278' title='bbox 235 2153 294 2186; x_wconf 75' lang='lat' dir='ltr'>lari</span> <span class='ocrx_word' id='word_1_279' title='bbox 315 2155 336 2186; x_wconf 75' lang='grc' dir='ltr'><em>ἃ</em></span> <span class='ocrx_word' id='word_1_280' title='bbox 357 2154 513 2187; x_wconf 79' lang='lat' dir='ltr'>Sacerdote</span> <span class='ocrx_word' id='word_1_281' title='bbox 532 2163 701 2186; x_wconf 83' lang='lat' dir='ltr'>meruerunt</span> <span class='ocrx_word' id='word_1_282' title='bbox 722 2178 733 2193; x_wconf 91' lang='lat'><strong>,</strong></span> <span class='ocrx_word' id='word_1_283' title='bbox 764 2153 798 2195; x_wconf 20' lang='lat' dir='ltr'>fi*</span> <span class='ocrx_word' id='word_1_284' title='bbox 806 2155 903 2197; x_wconf 81' lang='lat' dir='ltr'>postea</span> <span class='ocrx_word' id='word_1_285' title='bbox 931 2156 984 2187; x_wconf 82' lang='lat' dir='ltr'>vel</span> <span class='ocrx_word' id='word_1_286' title='bbox 1001 2154 1117 2196; x_wconf 67' lang='lat' dir='ltr'>publice</span> 
     </span>
     <span class='ocr_line' id='line_1_43' title="bbox 236 2201 1111 2246; baseline 0 -10"><span class='ocrx_word' id='word_1_287' title='bbox 236 2201 410 2246; x_wconf 72' lang='lat' dir='ltr'>nupserint,</span> <span class='ocrx_word' id='word_1_288' title='bbox 435 2202 522 2246; x_wconf 79' lang='lat' dir='ltr'>velse</span> <span class='ocrx_word' id='word_1_289' title='bbox 531 2205 662 2237; x_wconf 89' lang='lat' dir='ltr'>clanculo</span> <span class='ocrx_word' id='word_1_290' title='bbox 671 2211 854 2246; x_wconf 78' lang='lat' dir='ltr'>corruperint</span> <span class='ocrx_word' id='word_1_291' title='bbox 866 2229 877 2245; x_wconf 88' lang='lat'><strong>,</strong></span> <span class='ocrx_word' id='word_1_292' title='bbox 903 2206 1111 2237; x_wconf 74' lang='lat' dir='ltr'>admittendas</span> 
     </span>
     <span class='ocr_line' id='line_1_44' title="bbox 238 2253 1115 2297; baseline 0.002 -13"><span class='ocrx_word' id='word_1_293' title='bbox 238 2260 294 2284; x_wconf 70' lang='lat' dir='ltr'>non</span> <span class='ocrx_word' id='word_1_294' title='bbox 304 2253 355 2295; x_wconf 58' lang='lat' dir='ltr'>effic</span> <span class='ocrx_word' id='word_1_295' title='bbox 367 2255 645 2295; x_wconf 72' lang='lat' dir='ltr'>adpoenitentiam,</span> <span class='ocrx_word' id='word_1_296' title='bbox 673 2253 781 2296; x_wconf 72' lang='lat' dir='ltr'>mstis,</span> <span class='ocrx_word' id='word_1_297' title='bbox 810 2261 855 2287; x_wconf 81' lang='lat' dir='ltr'>cul</span> <span class='ocrx_word' id='word_1_298' title='bbox 860 2253 895 2297; x_wconf 65' lang='lat' dir='ltr'>se</span> <span class='ocrx_word' id='word_1_299' title='bbox 905 2258 1079 2294; x_wconf 64' lang='lat' dir='ltr'>‚iunxerant</span> <span class='ocrx_word' id='word_1_300' title='bbox 1099 2264 1115 2295; x_wconf 80' lang='lat'>·‚</span> 
     </span>
     <span class='ocr_line' id='line_1_45' title="bbox 237 2299 1115 2345; baseline 0.001 -10"><span class='ocrx_word' id='word_1_301' title='bbox 237 2299 388 2343; x_wconf 76' lang='lat' dir='ltr'>desaecuto</span> <span class='ocrx_word' id='word_1_302' title='bbox 402 2302 573 2345; x_wconf 63' lang='lat' dir='ltr'>dffceffertt.</span> <span class='ocrx_word' id='word_1_303' title='bbox 601 2306 632 2337; x_wconf 73' lang='lat'>51</span> <span class='ocrx_word' id='word_1_304' title='bbox 643 2310 722 2337; x_wconf 80' lang='lat' dir='ltr'>enim</span> <span class='ocrx_word' id='word_1_305' title='bbox 745 2310 777 2336; x_wconf 82' lang='lat' dir='ltr'>in</span> <span class='ocrx_word' id='word_1_306' title='bbox 795 2303 930 2337; x_wconf 83' lang='lat' dir='ltr'>omnibus</span> <span class='ocrx_word' id='word_1_307' title='bbox 948 2302 1015 2339; x_wconf 84' lang='lat' dir='ltr'>haec</span> <span class='ocrx_word' id='word_1_308' title='bbox 1036 2309 1115 2337; x_wconf 64' lang='lat' dir='ltr'>ratio</span> 
     </span>
     <span class='ocr_line' id='line_1_46' title="bbox 236 2348 1115 2395; baseline 0.003 -14"><span class='ocrx_word' id='word_1_309' title='bbox 236 2348 396 2388; x_wconf 76' lang='lat' dir='ltr'>custoditur</span> <span class='ocrx_word' id='word_1_310' title='bbox 420 2372 432 2390; x_wconf 90' lang='lat'><strong>,</strong></span> <span class='ocrx_word' id='word_1_311' title='bbox 457 2360 492 2383; x_wconf 81' lang='lat' dir='ltr'>ut</span> <span class='ocrx_word' id='word_1_312' title='bbox 512 2362 695 2393; x_wconf 65' lang='lat' dir='ltr'>quacumque</span> <span class='ocrx_word' id='word_1_313' title='bbox 717 2377 730 2395; x_wconf 88' lang='lat'>,</span> <span class='ocrx_word' id='word_1_314' title='bbox 751 2359 876 2387; x_wconf 80' lang='lat' dir='ltr'>vivente</span> <span class='ocrx_word' id='word_1_315' title='bbox 898 2357 965 2387; x_wconf 76' lang='lat' dir='ltr'>viro</span> <span class='ocrx_word' id='word_1_316' title='bbox 986 2377 998 2394; x_wconf 88' lang='lat'>,</span> <span class='ocrx_word' id='word_1_317' title='bbox 1023 2355 1115 2387; x_wconf 78' lang='lat' dir='ltr'>alteri</span> 
     </span>
     <span class='ocr_line' id='line_1_47' title="bbox 236 2396 1115 2448; baseline 0.007 -17"><span class='ocrx_word' id='word_1_318' title='bbox 236 2396 391 2441; x_wconf 73' lang='lat' dir='ltr'>nupserit,</span> <span class='ocrx_word' id='word_1_319' title='bbox 419 2398 736 2442; x_wconf 82' lang='lat' dir='ltr'>habeaturadultera,</span> <span class='ocrx_word' id='word_1_320' title='bbox 763 2414 814 2436; x_wconf 88' lang='lat' dir='ltr'>nec</span> <span class='ocrx_word' id='word_1_321' title='bbox 834 2408 861 2437; x_wconf 84' lang='lat' dir='ltr'>ei</span> <span class='ocrx_word' id='word_1_322' title='bbox 880 2404 1004 2448; x_wconf 85' lang='lat' dir='ltr'>agendae</span> <span class='ocrx_word' id='word_1_323' title='bbox 1019 2409 1115 2446; x_wconf 66' lang='grc' dir='ltr'><em>ρωπί-</em></span> 
     </span>
     <span class='ocr_line' id='line_1_48' title="bbox 234 2448 1116 2498; baseline 0.006 -17"><span class='ocrx_word' id='word_1_324' title='bbox 234 2453 340 2482; x_wconf 73' lang='lat' dir='ltr'>rentiae</span> <span class='ocrx_word' id='word_1_325' title='bbox 350 2448 472 2481; x_wconf 72' lang='lat' dir='ltr'>Iuenna</span> <span class='ocrx_word' id='word_1_326' title='bbox 479 2452 677 2491; x_wconf 79' lang='lat' dir='ltr'>concedatur,</span> <span class='ocrx_word' id='word_1_327' title='bbox 703 2450 838 2492; x_wconf 76' lang='lat' dir='ltr'>nisiunus</span> <span class='ocrx_word' id='word_1_328' title='bbox 858 2464 897 2487; x_wconf 87' lang='lat' dir='ltr'>ex</span> <span class='ocrx_word' id='word_1_329' title='bbox 919 2452 987 2498; x_wconf 83' lang='lat' dir='ltr'>ipfis</span> <span class='ocrx_word' id='word_1_330' title='bbox 1007 2452 1116 2495; x_wconf 81' lang='lat' dir='ltr'>defun·</span> 
     </span>
     <span class='ocr_line' id='line_1_49' title="bbox 233 2497 1115 2546; baseline 0.009 -16"><span class='ocrx_word' id='word_1_331' title='bbox 233 2497 402 2539; x_wconf 57' lang='lat' dir='ltr'>&amp;assuerit</span> <span class='ocrx_word' id='word_1_332' title='bbox 413 2521 425 2539; x_wconf 96' lang='lat'>,</span> <span class='ocrx_word' id='word_1_333' title='bbox 445 2508 557 2542; x_wconf 80' lang='lat' dir='ltr'>quanto</span> <span class='ocrx_word' id='word_1_334' title='bbox 566 2504 662 2543; x_wconf 73' lang='lat' dir='ltr'>magis</span> <span class='ocrx_word' id='word_1_335' title='bbox 675 2504 805 2535; x_wconf 75' lang='lat' dir='ltr'>tenenda</span> <span class='ocrx_word' id='word_1_336' title='bbox 828 2502 866 2543; x_wconf 73' lang='lat' dir='ltr'>est</span> <span class='ocrx_word' id='word_1_337' title='bbox 885 2505 925 2540; x_wconf 77' lang='lat' dir='ltr'>de</span> <span class='ocrx_word' id='word_1_338' title='bbox 944 2505 1021 2544; x_wconf 68' lang='lat' dir='ltr'>itia,</span> <span class='ocrx_word' id='word_1_339' title='bbox 1045 2514 1115 2546; x_wconf 82' lang='lat' dir='ltr'>quae</span> 
     </span>
     <span class='ocr_line' id='line_1_50' title="bbox 234 2548 1119 2595; baseline 0.009 -15"><span class='ocrx_word' id='word_1_340' title='bbox 234 2548 593 2593; x_wconf 65' lang='lat' dir='ltr'>ante-immortaltsponfh</span> <span class='ocrx_word' id='word_1_341' title='bbox 606 2549 641 2592; x_wconf 87' lang='lat' dir='ltr'>se</span> <span class='ocrx_word' id='word_1_342' title='bbox 658 2552 872 2595; x_wconf 81' lang='lat' dir='ltr'>conjunxerat,</span> <span class='ocrx_word' id='word_1_343' title='bbox 898 2554 932 2587; x_wconf 63' lang='grc' dir='ltr'>Θ·</span> <span class='ocrx_word' id='word_1_344' title='bbox 947 2552 1046 2595; x_wconf 68' lang='lat' dir='ltr'>postet&gt;</span> <span class='ocrx_word' id='word_1_345' title='bbox 1073 2554 1119 2587; x_wconf 85' lang='lat' dir='ltr'>ad</span> 
     </span>
     <span class='ocr_line' id='line_1_51' title="bbox 234 2595 1116 2646; baseline 0.008 -16"><span class='ocrx_word' id='word_1_346' title='bbox 234 2595 386 2631; x_wconf 75' lang='lat' dir='ltr'>humanas</span> <span class='ocrx_word' id='word_1_347' title='bbox 407 2604 531 2642; x_wconf 77' lang='lat' dir='ltr'>nuptias</span> <span class='ocrx_word' id='word_1_348' title='bbox 553 2598 782 2644; x_wconf 79' lang='lat' dir='ltr'>transmigravit</span> <span class='ocrx_word' id='word_1_349' title='bbox 803 2602 820 2634; x_wconf 83' lang='lat'>?</span> <span class='ocrx_word' id='word_1_350' title='bbox 846 2608 907 2639; x_wconf 81' lang='lat' dir='ltr'>Hae</span> <span class='ocrx_word' id='word_1_351' title='bbox 930 2606 1023 2643; x_wconf 65' lang='lat' dir='ltr'>vera,</span> <span class='ocrx_word' id='word_1_352' title='bbox 1048 2614 1116 2646; x_wconf 83' lang='lat' dir='ltr'>quae</span> 
     </span>
     <span class='ocr_line' id='line_1_52' title="bbox 235 2647 1117 2696; baseline 0.007 -16"><span class='ocrx_word' id='word_1_353' title='bbox 235 2649 368 2684; x_wconf 64' lang='lat' dir='ltr'>nondum</span> <span class='ocrx_word' id='word_1_354' title='bbox 388 2647 474 2691; x_wconf 82' lang='lat' dir='ltr'>sacro</span> <span class='ocrx_word' id='word_1_355' title='bbox 492 2651 642 2689; x_wconf 71' lang='lat' dir='ltr'>velamine</span> <span class='ocrx_word' id='word_1_356' title='bbox 657 2651 743 2689; x_wconf 69' lang='lat' dir='ltr'>tec‘lae</span> <span class='ocrx_word' id='word_1_357' title='bbox 767 2675 778 2692; x_wconf 91' lang='lat'>‚</span> <span class='ocrx_word' id='word_1_358' title='bbox 802 2660 903 2686; x_wconf 81' lang='lat' dir='ltr'>tamen</span> <span class='ocrx_word' id='word_1_359' title='bbox 924 2658 957 2685; x_wconf 82' lang='lat' dir='ltr'>in</span> <span class='ocrx_word' id='word_1_360' title='bbox 973 2652 1117 2696; x_wconf 78' lang='lat' dir='ltr'>propofito</span> 
     </span>
     <span class='ocr_line' id='line_1_53' title="bbox 241 2697 1114 2745; baseline 0.009 -16"><span class='ocrx_word' id='word_1_361' title='bbox 241 2700 381 2739; x_wconf 60' lang='lat' dir='ltr'>virginula</span> <span class='ocrx_word' id='word_1_362' title='bbox 386 2697 503 2742; x_wconf 84' lang='lat' dir='ltr'>semper</span> <span class='ocrx_word' id='word_1_363' title='bbox 509 2698 543 2743; x_wconf 83' lang='lat' dir='ltr'>se</span> <span class='ocrx_word' id='word_1_364' title='bbox 553 2711 671 2734; x_wconf 84' lang='lat' dir='ltr'>manere</span> <span class='ocrx_word' id='word_1_365' title='bbox 675 2700 878 2745; x_wconf 77' lang='lat' dir='ltr'>promiserant</span> <span class='ocrx_word' id='word_1_366' title='bbox 890 2725 900 2740; x_wconf 90' lang='lat'>‚</span> <span class='ocrx_word' id='word_1_367' title='bbox 925 2704 992 2737; x_wconf 82' lang='lat' dir='ltr'>licet</span> <span class='ocrx_word' id='word_1_368' title='bbox 1004 2705 1114 2737; x_wconf 77' lang='lat' dir='ltr'>velatae</span> 
     </span>
     <span class='ocr_line' id='line_1_54' title="bbox 242 2745 1116 2795; baseline 0.003 -12"><span class='ocrx_word' id='word_1_369' title='bbox 242 2745 382 2787; x_wconf 68' lang='lat' dir='ltr'>mnslm,</span> <span class='ocrx_word' id='word_1_370' title='bbox 407 2747 455 2782; x_wconf 83' lang='lat' dir='ltr'>bls</span> <span class='ocrx_word' id='word_1_371' title='bbox 475 2752 591 2793; x_wconf 82' lang='lat' dir='ltr'>agenda</span> <span class='ocrx_word' id='word_1_372' title='bbox 613 2752 769 2792; x_wconf 69' lang='lat' dir='ltr'>aliquanto</span> <span class='ocrx_word' id='word_1_373' title='bbox 793 2761 920 2795; x_wconf 85' lang='lat' dir='ltr'>tempore</span> <span class='ocrx_word' id='word_1_374' title='bbox 935 2759 1116 2795; x_wconf 70' lang='lat' dir='ltr'>poenitentiaez</span> 
     </span>
     <span class='ocr_line' id='line_1_55' title="bbox 241 2792 1116 2843; baseline 0.006 -12"><span class='ocrx_word' id='word_1_375' title='bbox 241 2792 281 2831; x_wconf 75' lang='lat' dir='ltr'>est</span> <span class='ocrx_word' id='word_1_376' title='bbox 299 2816 310 2831; x_wconf 91' lang='lat'>‚</span> <span class='ocrx_word' id='word_1_377' title='bbox 335 2800 405 2834; x_wconf 76' lang='lat' dir='ltr'>quta</span> <span class='ocrx_word' id='word_1_378' title='bbox 420 2798 556 2842; x_wconf 64' lang='lat' dir='ltr'>ipsarum</span> <span class='ocrx_word' id='word_1_379' title='bbox 571 2799 682 2843; x_wconf 81' lang='lat' dir='ltr'>sponfio</span> <span class='ocrx_word' id='word_1_380' title='bbox 703 2803 723 2833; x_wconf 77' lang='grc' dir='ltr'><em>ἆ</em></span> <span class='ocrx_word' id='word_1_381' title='bbox 743 2804 867 2836; x_wconf 70' lang='lat' dir='ltr'>Domino</span> <span class='ocrx_word' id='word_1_382' title='bbox 886 2804 1060 2841; x_wconf 75' lang='lat' dir='ltr'>tenebatur.</span> <span class='ocrx_word' id='word_1_383' title='bbox 1084 2805 1116 2836; x_wconf 74' lang='lat'>51·</span> 
     </span>
     <span class='ocr_line' id='line_1_56' title="bbox 241 2846 1116 2897; baseline 0.003 -14"><span class='ocrx_word' id='word_1_384' title='bbox 241 2846 321 2875; x_wconf 69' lang='lat'>‘&#39;¹¹7’&#39;</span> <span class='ocrx_word' id='word_1_385' title='bbox 331 2848 408 2876; x_wconf 60' lang='lat' dir='ltr'>ime?</span> <span class='ocrx_word' id='word_1_386' title='bbox 424 2846 561 2883; x_wconf 65' lang='lat' dir='ltr'>&#39;homines</span> <span class='ocrx_word' id='word_1_387' title='bbox 576 2849 650 2893; x_wconf 72' lang='lat' dir='ltr'>solet</span> <span class='ocrx_word' id='word_1_388' title='bbox 662 2850 745 2886; x_wconf 66' lang='lat' dir='ltr'>bona?</span> <span class='ocrx_word' id='word_1_389' title='bbox 759 2852 833 2897; x_wconf 83' lang='lat' dir='ltr'>fidei</span> <span class='ocrx_word' id='word_1_390' title='bbox 850 2853 1019 2887; x_wconf 56' lang='lat' dir='ltr'>contractus</span> <span class='ocrx_word' id='word_1_391' title='bbox 1033 2854 1116 2892; x_wconf 82' lang='lat' dir='ltr'>nulla</span> 
     </span>
     <span class='ocr_line' id='line_1_57' title="bbox 239 2893 1114 2946; baseline 0.005 -15"><span class='ocrx_word' id='word_1_392' title='bbox 239 2896 355 2925; x_wconf 62' lang='lat' dir='ltr'>&#39;amm&#39;</span> <span class='ocrx_word' id='word_1_393' title='bbox 364 2893 500 2940; x_wconf 57' lang='lat' dir='ltr'>dissolvi&gt;</span> <span class='ocrx_word' id='word_1_394' title='bbox 522 2908 632 2940; x_wconf 80' lang='lat' dir='ltr'>quanto</span> <span class='ocrx_word' id='word_1_395' title='bbox 642 2907 739 2946; x_wconf 74' lang='lat' dir='ltr'>magii·</span> <span class='ocrx_word' id='word_1_396' title='bbox 750 2902 984 2945; x_wconf 69' lang='lat' dir='ltr'>istapolllcltatlo</span> <span class='ocrx_word' id='word_1_397' title='bbox 992 2926 1002 2942; x_wconf 93' lang='lat'><strong><em>,</em></strong></span> <span class='ocrx_word' id='word_1_398' title='bbox 1021 2914 1114 2945; x_wconf 81' lang='lat' dir='ltr'>quam</span> 
     </span>
     <span class='ocr_line' id='line_1_58' title="bbox 241 2944 1114 2995; baseline 0.003 -11"><span class='ocrx_word' id='word_1_399' title='bbox 241 2952 307 2975; x_wconf 71' lang='lat' dir='ltr'>‘um</span> <span class='ocrx_word' id='word_1_400' title='bbox 318 2944 381 2975; x_wconf 62' lang='grc' dir='ltr'>ΡΜ</span> <span class='ocrx_word' id='word_1_401' title='bbox 394 2950 571 2988; x_wconf 63' lang='lat' dir='ltr'>pepigeram</span> <span class='ocrx_word' id='word_1_402' title='bbox 579 2973 590 2988; x_wconf 82' lang='lat'><strong>,</strong></span> <span class='ocrx_word' id='word_1_403' title='bbox 610 2948 755 2995; x_wconf 76' lang='lat' dir='ltr'>fhlvifine</span> <span class='ocrx_word' id='word_1_404' title='bbox 767 2953 905 2986; x_wconf 73' lang='lat' dir='ltr'>vtndtc‘la</span> <span class='ocrx_word' id='word_1_405' title='bbox 927 2964 984 2987; x_wconf 87' lang='lat' dir='ltr'>non</span> <span class='ocrx_word' id='word_1_406' title='bbox 1002 2952 1089 2987; x_wconf 83' lang='lat' dir='ltr'>debet</span> <span class='ocrx_word' id='word_1_407' title='bbox 1102 2955 1114 2987; x_wconf 75' lang='lat'><em>2</em></span> 
     </span>
     <span class='ocr_line' id='line_1_59' title="bbox 242 2989 1115 3046; baseline 0.001 -12"><span class='ocrx_word' id='word_1_408' title='bbox 242 2989 518 3034; x_wconf 55' lang='lat' dir='ltr'>Namfistp‘stdu!</span> <span class='ocrx_word' id='word_1_409' title='bbox 531 2998 642 3034; x_wconf 71' lang='lat' dir='ltr'>Paulus</span> <span class='ocrx_word' id='word_1_410' title='bbox 663 3024 674 3040; x_wconf 86' lang='lat'><strong>,</strong></span> <span class='ocrx_word' id='word_1_411' title='bbox 700 3013 766 3045; x_wconf 80' lang='lat' dir='ltr'>quse</span> <span class='ocrx_word' id='word_1_412' title='bbox 780 3004 803 3036; x_wconf 73' lang='grc' dir='ltr'><em>ἆ</em></span> <span class='ocrx_word' id='word_1_413' title='bbox 821 3002 962 3046; x_wconf 81' lang='lat' dir='ltr'>propofito</span> <span class='ocrx_word' id='word_1_414' title='bbox 983 3004 1115 3041; x_wconf 76' lang='lat' dir='ltr'>viduita—</span> 
     </span>
     <span class='ocr_line' id='line_1_60' title="bbox 241 3039 1115 3093; baseline 0.017 -21"><span class='ocrx_word' id='word_1_415' title='bbox 241 3046 285 3073; x_wconf 72' lang='lat' dir='ltr'>tis</span> <span class='ocrx_word' id='word_1_416' title='bbox 297 3039 508 3086; x_wconf 82' lang='lat' dir='ltr'>descefferant‚</span> <span class='ocrx_word' id='word_1_417' title='bbox 527 3045 606 3078; x_wconf 75' lang='lat' dir='ltr'>dixit</span> <span class='ocrx_word' id='word_1_418' title='bbox 626 3057 676 3080; x_wconf 79' lang='lat' dir='ltr'>eas</span> <span class='ocrx_word' id='word_1_419' title='bbox 699 3051 804 3087; x_wconf 80' lang='lat' dir='ltr'>babere</span> <span class='ocrx_word' id='word_1_420' title='bbox 823 3054 1115 3093; x_wconf 57' lang='lat' dir='ltr'>condemnationem,</span> 
     </span>
     <span class='ocr_line' id='line_1_61' title="bbox 243 3092 1113 3147; baseline 0.002 -14"><span class='ocrx_word' id='word_1_421' title='bbox 243 3092 558 3136; x_wconf 62' lang='lat' dir='ltr'>qu¹aep73m¹1mfidem</span> <span class='ocrx_word' id='word_1_422' title='bbox 575 3100 693 3128; x_wconf 56' lang='lat' dir='ltr'>mnam</span> <span class='ocrx_word' id='word_1_423' title='bbox 706 3098 856 3146; x_wconf 80' lang='lat' dir='ltr'>fecerunt3</span> <span class='ocrx_word' id='word_1_424' title='bbox 884 3113 998 3146; x_wconf 76' lang='lat' dir='ltr'>quanto</span> <span class='ocrx_word' id='word_1_425' title='bbox 1016 3109 1113 3147; x_wconf 73' lang='lat' dir='ltr'>magis</span> 
     </span>
    </p>
   </div>
   <div class='ocr_carea' id='block_1_5' title="bbox 243 3143 1117 3242">
    <p class='ocr_par' dir='ltr' id='par_1_6' title="bbox 243 3143 1117 3242">
     <span class='ocr_line' id='line_1_62' title="bbox 244 3143 1117 3196; baseline 0.019 -24"><span class='ocrx_word' id='word_1_426' title='bbox 244 3144 378 3184; x_wconf 72' lang='lat' dir='ltr'>virgines</span> <span class='ocrx_word' id='word_1_427' title='bbox 388 3154 458 3185; x_wconf 80' lang='lat' dir='ltr'>quae</span> <span class='ocrx_word' id='word_1_428' title='bbox 475 3143 626 3191; x_wconf 56' lang='lat' dir='ltr'>pullionis</span> <span class='ocrx_word' id='word_1_429' title='bbox 641 3144 707 3187; x_wconf 83' lang='lat' dir='ltr'>suae</span> <span class='ocrx_word' id='word_1_430' title='bbox 721 3148 813 3195; x_wconf 77' lang='lat' dir='ltr'>fidem</span> <span class='ocrx_word' id='word_1_431' title='bbox 834 3156 955 3190; x_wconf 67' lang='lat' dir='ltr'>mmm?</span> <span class='ocrx_word' id='word_1_432' title='bbox 971 3152 1117 3196; x_wconf 83' lang='lat' dir='ltr'>servave-</span> 
     </span>
     <span class='ocr_line' id='line_1_63' title="bbox 243 3192 1113 3242; baseline 0.017 -21"><span class='ocrx_word' id='word_1_433' title='bbox 243 3198 316 3223; x_wconf 77' lang='lat' dir='ltr'>runt</span> <span class='ocrx_word' id='word_1_434' title='bbox 325 3192 339 3223; x_wconf 64' lang='grc' dir='ltr'><em>ἲ</em></span> <span class='ocrx_word' id='word_1_435' title='bbox 348 3192 536 3242; x_wconf 84' lang='lat' dir='ltr'>Distinguit</span> <span class='ocrx_word' id='word_1_436' title='bbox 547 3193 632 3229; x_wconf 87' lang='lat' dir='ltr'>inter</span> <span class='ocrx_word' id='word_1_437' title='bbox 640 3204 752 3230; x_wconf 89' lang='lat' dir='ltr'>votum</span> <span class='ocrx_word' id='word_1_438' title='bbox 765 3198 895 3242; x_wconf 59' lang='lat' dir='ltr'>simplex</span> <span class='ocrx_word' id='word_1_439' title='bbox 905 3204 940 3238; x_wconf 88' lang='lat'>&amp;</span> <span class='ocrx_word' id='word_1_440' title='bbox 952 3203 1095 3238; x_wconf 85' lang='lat' dir='ltr'>solemne</span> <span class='ocrx_word' id='word_1_441' title='bbox 1106 3228 1113 3236; x_wconf 89' lang='lat'><strong>.</strong></span> 
     </span>
    </p>
   </div>
   <div class='ocr_carea' id='block_1_6' title="bbox 245 3238 1119 3390">
    <p class='ocr_par' dir='ltr' id='par_1_7' title="bbox 245 3238 1119 3390">
     <span class='ocr_line' id='line_1_64' title="bbox 245 3238 1116 3291; baseline 0.02 -19"><span class='ocrx_word' id='word_1_442' title='bbox 245 3238 324 3273; x_wconf 82' lang='lat' dir='ltr'>Scio</span> <span class='ocrx_word' id='word_1_443' title='bbox 333 3243 403 3275; x_wconf 86' lang='lat' dir='ltr'>voti</span> <span class='ocrx_word' id='word_1_444' title='bbox 417 3243 656 3282; x_wconf 83' lang='lat' dir='ltr'>solemnitatem</span> <span class='ocrx_word' id='word_1_445' title='bbox 667 3247 728 3283; x_wconf 72' lang='lat' dir='ltr'>esic</span> <span class='ocrx_word' id='word_1_446' title='bbox 738 3256 805 3281; x_wconf 86' lang='lat' dir='ltr'>rem</span> <span class='ocrx_word' id='word_1_447' title='bbox 818 3248 1069 3291; x_wconf 71' lang='lat' dir='ltr'>Ecclesiasticam</span> <span class='ocrx_word' id='word_1_448' title='bbox 1082 3255 1116 3288; x_wconf 91' lang='lat'>&amp;</span> 
     </span>
     <span class='ocr_line' id='line_1_65' title="bbox 245 3291 1119 3345; baseline 0.017 -23"><span class='ocrx_word' id='word_1_449' title='bbox 245 3291 463 3333; x_wconf 85' lang='lat' dir='ltr'>compositum</span> <span class='ocrx_word' id='word_1_450' title='bbox 473 3294 641 3332; x_wconf 75' lang='lat' dir='ltr'>artificiale</span> <span class='ocrx_word' id='word_1_451' title='bbox 651 3295 721 3342; x_wconf 71' lang='lat' dir='ltr'>‚⁴0st</span> <span class='ocrx_word' id='word_1_452' title='bbox 731 3306 840 3334; x_wconf 81' lang='lat' dir='ltr'>tamen</span> <span class='ocrx_word' id='word_1_453' title='bbox 853 3298 951 3342; x_wconf 70' lang='lat' dir='ltr'>longe</span> <span class='ocrx_word' id='word_1_454' title='bbox 963 3303 1119 3345; x_wconf 78' lang='lat' dir='ltr'>antiquis-</span> 
     </span>
     <span class='ocr_line' id='line_1_66' title="bbox 246 3339 1116 3390; baseline 0.017 -19"><span class='ocrx_word' id='word_1_455' title='bbox 246 3339 322 3372; x_wconf 84' lang='lat' dir='ltr'>sima</span> <span class='ocrx_word' id='word_1_456' title='bbox 337 3363 348 3380; x_wconf 92' lang='lat'><strong>,</strong></span> <span class='ocrx_word' id='word_1_457' title='bbox 368 3341 566 3386; x_wconf 76' lang='lat' dir='ltr'>traditioque</span> <span class='ocrx_word' id='word_1_458' title='bbox 575 3346 731 3380; x_wconf 80' lang='lat' dir='ltr'>veraciter</span> <span class='ocrx_word' id='word_1_459' title='bbox 745 3345 953 3390; x_wconf 73' lang='lat' dir='ltr'>Apostolica.</span> <span class='ocrx_word' id='word_1_460' title='bbox 981 3349 1116 3390; x_wconf 68' lang='lat' dir='ltr'>Etenim</span> 
     </span>
    </p>
   </div>
   <div class='ocr_carea' id='block_1_7' title="bbox 67 2072 219 2149">
    <p class='ocr_par' dir='ltr' id='par_1_8' title="bbox 67 2072 219 2149">
     <span class='ocr_line' id='line_1_67' title="bbox 67 2072 219 2108; baseline 0.02 -3"><span class='ocrx_word' id='word_1_461' title='bbox 67 2073 104 2102; x_wconf 81' lang='lat' dir='ltr'>C·</span> <span class='ocrx_word' id='word_1_462' title='bbox 130 2082 173 2107; x_wconf 64' lang='lat'>12,-</span> <span class='ocrx_word' id='word_1_463' title='bbox 188 2072 219 2108; x_wconf 64' lang='grc' dir='ltr'>,δέ</span> 
     </span>
     <span class='ocr_line' id='line_1_68' title="bbox 73 2121 119 2149; baseline 0 -6"><span class='ocrx_word' id='word_1_464' title='bbox 73 2121 119 2149; x_wconf 82' lang='lat'>13·</span> 
     </span>
    </p>
   </div>
   <div class='ocr_carea' id='block_1_8' title="bbox 1128 219 1139 413">
    <p class='ocr_par' dir='ltr' id='par_1_9' title="bbox 1128 219 1139 413">
     <span class='ocr_line' id='line_1_69' title="bbox 1128 219 1139 413; baseline 0 3323"><span class='ocrx_word' id='word_1_465' title='bbox 1128 219 1139 413; x_wconf 95' lang='lat' dir='ltr'> </span> 
     </span>
    </p>
   </div>
   <div class='ocr_carea' id='block_1_9' title="bbox 1160 213 1168 424">
    <p class='ocr_par' dir='ltr' id='par_1_10' title="bbox 1160 213 1168 424">
     <span class='ocr_line' id='line_1_70' title="bbox 1160 213 1168 424; baseline 0 3312"><span class='ocrx_word' id='word_1_466' title='bbox 1160 213 1168 424; x_wconf 95' lang='lat' dir='ltr'> </span> 
     </span>
    </p>
   </div>
   <div class='ocr_carea' id='block_1_10' title="bbox 1926 130 1991 168">
    <p class='ocr_par' dir='ltr' id='par_1_11' title="bbox 1926 130 1991 168">
     <span class='ocr_line' id='line_1_71' title="bbox 1926 130 1991 168; baseline 0 0"><span class='ocrx_word' id='word_1_467' title='bbox 1926 130 1991 168; x_wconf 89' lang='lat'>29</span> 
     </span>
    </p>
   </div>
   <div class='ocr_carea' id='block_1_11' title="bbox 1171 199 2242 3398">
    <p class='ocr_par' dir='ltr' id='par_1_12' title="bbox 1174 199 2242 2548">
     <span class='ocr_line' id='line_1_72' title="bbox 1183 199 2056 246; baseline 0.009 -15"><span class='ocrx_word' id='word_1_468' title='bbox 1183 210 1254 232; x_wconf 89' lang='lat' dir='ltr'>rum</span> <span class='ocrx_word' id='word_1_469' title='bbox 1267 224 1277 239; x_wconf 89' lang='lat'>‚</span> <span class='ocrx_word' id='word_1_470' title='bbox 1298 200 1332 235; x_wconf 70' lang='grc' dir='ltr'>ἀ</span> <span class='ocrx_word' id='word_1_471' title='bbox 1352 199 1486 245; x_wconf 86' lang='lat' dir='ltr'>quidem</span> <span class='ocrx_word' id='word_1_472' title='bbox 1509 199 1594 233; x_wconf 83' lang='lat' dir='ltr'>solas</span> <span class='ocrx_word' id='word_1_473' title='bbox 1615 201 1708 242; x_wconf 68' lang='lat' dir='ltr'>vere,</span> <span class='ocrx_word' id='word_1_474' title='bbox 1733 200 1769 236; x_wconf 86' lang='lat' dir='ltr'>id</span> <span class='ocrx_word' id='word_1_475' title='bbox 1787 202 1861 243; x_wconf 78' lang='lat' dir='ltr'>est,</span> <span class='ocrx_word' id='word_1_476' title='bbox 1886 201 2002 246; x_wconf 83' lang='lat' dir='ltr'>inopes</span> <span class='ocrx_word' id='word_1_477' title='bbox 2021 205 2056 239; x_wconf 86' lang='lat'>&amp;</span> 
     </span>
     <span class='ocr_line' id='line_1_73' title="bbox 1184 249 2057 292; baseline 0.005 -9"><span class='ocrx_word' id='word_1_478' title='bbox 1184 250 1344 284; x_wconf 79' lang='lat' dir='ltr'>desolatas</span> <span class='ocrx_word' id='word_1_479' title='bbox 1364 275 1375 292; x_wconf 93' lang='lat'>‚</span> <span class='ocrx_word' id='word_1_480' title='bbox 1401 250 1514 287; x_wconf 74' lang='lat' dir='ltr'>viduas</span> <span class='ocrx_word' id='word_1_481' title='bbox 1535 249 1667 284; x_wconf 78' lang='lat' dir='ltr'>admitti</span> <span class='ocrx_word' id='word_1_482' title='bbox 1690 251 1762 286; x_wconf 88' lang='lat' dir='ltr'>vult</span> <span class='ocrx_word' id='word_1_483' title='bbox 1776 250 1822 289; x_wconf 71' lang='lat' dir='ltr'>,ad</span> <span class='ocrx_word' id='word_1_484' title='bbox 1842 252 2057 288; x_wconf 68' lang='lat' dir='ltr'>continent-iz</span> 
     </span>
     <span class='ocr_line' id='line_1_74' title="bbox 1182 299 2057 343; baseline 0.006 -11"><span class='ocrx_word' id='word_1_485' title='bbox 1182 300 1406 342; x_wconf 78' lang='lat' dir='ltr'>professionem</span> <span class='ocrx_word' id='word_1_486' title='bbox 1419 326 1429 340; x_wconf 94' lang='lat'>,</span> <span class='ocrx_word' id='word_1_487' title='bbox 1454 300 1614 341; x_wconf 75' lang='lat' dir='ltr'>mandans</span> <span class='ocrx_word' id='word_1_488' title='bbox 1624 299 1770 343; x_wconf 82' lang='lat' dir='ltr'>juniores</span> <span class='ocrx_word' id='word_1_489' title='bbox 1792 301 1914 342; x_wconf 80' lang='lat' dir='ltr'>nubere</span> <span class='ocrx_word' id='word_1_490' title='bbox 1930 303 1966 337; x_wconf 64' lang='grc' dir='ltr'>ὃς</span> <span class='ocrx_word' id='word_1_491' title='bbox 1984 302 2057 340; x_wconf 84' lang='lat' dir='ltr'>fieri</span> 
     </span>
     <span class='ocr_line' id='line_1_75' title="bbox 1180 349 2060 392; baseline 0.008 -11"><span class='ocrx_word' id='word_1_492' title='bbox 1180 359 1297 383; x_wconf 87' lang='lat' dir='ltr'>matres</span> <span class='ocrx_word' id='word_1_493' title='bbox 1317 350 1478 390; x_wconf 82' lang='lat' dir='ltr'>familias,</span> <span class='ocrx_word' id='word_1_494' title='bbox 1506 362 1548 385; x_wconf 91' lang='lat' dir='ltr'>ne</span> <span class='ocrx_word' id='word_1_495' title='bbox 1569 352 1606 385; x_wconf 84' lang='lat' dir='ltr'>in</span> <span class='ocrx_word' id='word_1_496' title='bbox 1627 349 1763 385; x_wconf 82' lang='lat' dir='ltr'>Christo</span> <span class='ocrx_word' id='word_1_497' title='bbox 1783 352 1953 391; x_wconf 78' lang='lat' dir='ltr'>luxuriatae</span> <span class='ocrx_word' id='word_1_498' title='bbox 1972 352 2060 392; x_wconf 29' lang='lat' dir='ltr'>*inci-</span> 
     </span>
     <span class='ocr_line' id='line_1_76' title="bbox 1182 400 2058 446; baseline 0.009 -15"><span class='ocrx_word' id='word_1_499' title='bbox 1182 400 1272 442; x_wconf 83' lang='lat' dir='ltr'>piant</span> <span class='ocrx_word' id='word_1_500' title='bbox 1287 400 1335 432; x_wconf 86' lang='lat' dir='ltr'>uri</span> <span class='ocrx_word' id='word_1_501' title='bbox 1348 400 1364 431; x_wconf 73' lang='grc' dir='ltr'>ὲ</span> <span class='ocrx_word' id='word_1_502' title='bbox 1377 400 1519 435; x_wconf 85' lang='lat' dir='ltr'>nimium</span> <span class='ocrx_word' id='word_1_503' title='bbox 1529 411 1645 435; x_wconf 65' lang='lat' dir='ltr'>curata</span> <span class='ocrx_word' id='word_1_504' title='bbox 1655 402 1739 438; x_wconf 89' lang='lat' dir='ltr'>cutis</span> <span class='ocrx_word' id='word_1_505' title='bbox 1749 402 1914 446; x_wconf 84' lang='lat' dir='ltr'>prurigine</span> <span class='ocrx_word' id='word_1_506' title='bbox 1923 427 1934 443; x_wconf 86' lang='lat'>‚</span> <span class='ocrx_word' id='word_1_507' title='bbox 1943 402 2058 443; x_wconf 76' lang='lat' dir='ltr'>datam</span> 
     </span>
     <span class='ocr_line' id='line_1_77' title="bbox 1180 446 2058 497; baseline 0.007 -15"><span class='ocrx_word' id='word_1_508' title='bbox 1180 448 1313 483; x_wconf 88' lang='lat' dir='ltr'>Christo</span> <span class='ocrx_word' id='word_1_509' title='bbox 1325 449 1422 484; x_wconf 88' lang='lat' dir='ltr'>fidem</span> <span class='ocrx_word' id='word_1_510' title='bbox 1432 451 1702 497; x_wconf 63' lang='lat' dir='ltr'>praevaricentur,</span> <span class='ocrx_word' id='word_1_511' title='bbox 1725 450 1836 486; x_wconf 86' lang='lat' dir='ltr'>denuo</span> <span class='ocrx_word' id='word_1_512' title='bbox 1848 446 1976 487; x_wconf 87' lang='lat' dir='ltr'>tentent</span> <span class='ocrx_word' id='word_1_513' title='bbox 1999 464 2058 488; x_wconf 90' lang='lat' dir='ltr'>nu-</span> 
     </span>
     <span class='ocr_line' id='line_1_78' title="bbox 1181 497 2057 546; baseline 0.003 -13"><span class='ocrx_word' id='word_1_514' title='bbox 1181 497 1254 533; x_wconf 88' lang='lat' dir='ltr'>bere</span> <span class='ocrx_word' id='word_1_515' title='bbox 1274 525 1284 540; x_wconf 91' lang='lat'>,</span> <span class='ocrx_word' id='word_1_516' title='bbox 1311 508 1407 543; x_wconf 83' lang='lat' dir='ltr'>atque</span> <span class='ocrx_word' id='word_1_517' title='bbox 1426 500 1471 534; x_wconf 88' lang='lat' dir='ltr'>ita</span> <span class='ocrx_word' id='word_1_518' title='bbox 1499 511 1593 537; x_wconf 20' lang='lat' dir='ltr'>*retro</span> <span class='ocrx_word' id='word_1_519' title='bbox 1615 500 1732 536; x_wconf 83' lang='lat' dir='ltr'>abeant</span> <span class='ocrx_word' id='word_1_520' title='bbox 1751 501 1824 546; x_wconf 86' lang='lat' dir='ltr'>post</span> <span class='ocrx_word' id='word_1_521' title='bbox 1857 500 2057 537; x_wconf 81' lang='lat' dir='ltr'>sathanam:</span> 
     </span>
     <span class='ocr_line' id='line_1_79' title="bbox 1178 547 2060 596; baseline 0.006 -14"><span class='ocrx_word' id='word_1_522' title='bbox 1178 547 1384 593; x_wconf 84' lang='lat' dir='ltr'>Apostolus,</span> <span class='ocrx_word' id='word_1_523' title='bbox 1411 550 1546 593; x_wconf 86' lang='lat' dir='ltr'>inquam</span> <span class='ocrx_word' id='word_1_524' title='bbox 1559 575 1570 590; x_wconf 91' lang='lat'>‚</span> <span class='ocrx_word' id='word_1_525' title='bbox 1598 562 1666 584; x_wconf 89' lang='lat' dir='ltr'>non</span> <span class='ocrx_word' id='word_1_526' title='bbox 1677 553 1746 596; x_wconf 84' lang='lat' dir='ltr'>agit</span> <span class='ocrx_word' id='word_1_527' title='bbox 1757 551 1801 586; x_wconf 83' lang='lat' dir='ltr'>de</span> <span class='ocrx_word' id='word_1_528' title='bbox 1821 551 2060 596; x_wconf 87' lang='lat' dir='ltr'>qualibuscum-</span> 
     </span>
     <span class='ocr_line' id='line_1_80' title="bbox 1176 598 2059 643; baseline 0.007 -11"><span class='ocrx_word' id='word_1_529' title='bbox 1176 610 1239 643; x_wconf 91' lang='lat' dir='ltr'>que</span> <span class='ocrx_word' id='word_1_530' title='bbox 1253 598 1360 633; x_wconf 87' lang='lat' dir='ltr'>viduis</span> <span class='ocrx_word' id='word_1_531' title='bbox 1373 623 1384 639; x_wconf 88' lang='lat'>‚</span> <span class='ocrx_word' id='word_1_532' title='bbox 1411 599 1465 633; x_wconf 88' lang='lat' dir='ltr'>sed</span> <span class='ocrx_word' id='word_1_533' title='bbox 1476 599 1516 634; x_wconf 91' lang='lat' dir='ltr'>de</span> <span class='ocrx_word' id='word_1_534' title='bbox 1529 599 1606 634; x_wconf 87' lang='lat' dir='ltr'>solis</span> <span class='ocrx_word' id='word_1_535' title='bbox 1618 601 1658 633; x_wconf 86' lang='lat' dir='ltr'>ad</span> <span class='ocrx_word' id='word_1_536' title='bbox 1671 601 1819 636; x_wconf 83' lang='lat' dir='ltr'>Ecclefiae</span> <span class='ocrx_word' id='word_1_537' title='bbox 1839 602 2059 638; x_wconf 79' lang='lat' dir='ltr'>ministerium</span> 
     </span>
     <span class='ocr_line' id='line_1_81' title="bbox 1175 648 2061 694; baseline 0.006 -12"><span class='ocrx_word' id='word_1_538' title='bbox 1175 650 1208 683; x_wconf 89' lang='lat'>&amp;</span> <span class='ocrx_word' id='word_1_539' title='bbox 1220 648 1548 694; x_wconf 84' lang='lat' dir='ltr'>sportulaseligendis</span> <span class='ocrx_word' id='word_1_540' title='bbox 1560 674 1572 690; x_wconf 89' lang='lat'>‚</span> <span class='ocrx_word' id='word_1_541' title='bbox 1594 648 1872 694; x_wconf 77' lang='lat' dir='ltr'>admittendisque</span> <span class='ocrx_word' id='word_1_542' title='bbox 1893 653 1934 687; x_wconf 84' lang='lat' dir='ltr'>ad</span> <span class='ocrx_word' id='word_1_543' title='bbox 1947 652 2061 688; x_wconf 78' lang='lat' dir='ltr'>hono-</span> 
     </span>
     <span class='ocr_line' id='line_1_82' title="bbox 1176 698 2061 741; baseline 0.008 -9"><span class='ocrx_word' id='word_1_544' title='bbox 1176 699 1304 733; x_wconf 86' lang='lat' dir='ltr'>rificum</span> <span class='ocrx_word' id='word_1_545' title='bbox 1333 698 1504 738; x_wconf 79' lang='lat' dir='ltr'>viduitatis</span> <span class='ocrx_word' id='word_1_546' title='bbox 1527 700 1678 740; x_wconf 74' lang='lat' dir='ltr'>,velamen</span> <span class='ocrx_word' id='word_1_547' title='bbox 1699 725 1712 741; x_wconf 92' lang='lat'>,</span> <span class='ocrx_word' id='word_1_548' title='bbox 1735 701 1840 735; x_wconf 77' lang='lat' dir='ltr'>varias</span> <span class='ocrx_word' id='word_1_549' title='bbox 1871 702 2061 738; x_wconf 83' lang='lat' dir='ltr'>Sacerdota-</span> 
     </span>
     <span class='ocr_line' id='line_1_83' title="bbox 1178 749 2062 796; baseline 0.007 -14"><span class='ocrx_word' id='word_1_550' title='bbox 1178 749 1258 783; x_wconf 89' lang='lat' dir='ltr'>liurn</span> <span class='ocrx_word' id='word_1_551' title='bbox 1274 749 1539 790; x_wconf 62' lang='lat' dir='ltr'>benedissionum</span> <span class='ocrx_word' id='word_1_552' title='bbox 1553 761 1680 794; x_wconf 88' lang='lat' dir='ltr'>preces,</span> <span class='ocrx_word' id='word_1_553' title='bbox 1704 750 1742 789; x_wconf 16' lang='lat'>⁷&amp;</span> <span class='ocrx_word' id='word_1_554' title='bbox 1752 750 1932 786; x_wconf 87' lang='lat' dir='ltr'>solemnem</span> <span class='ocrx_word' id='word_1_555' title='bbox 1942 754 2062 796; x_wconf 76' lang='lat' dir='ltr'>profes·</span> 
     </span>
     <span class='ocr_line' id='line_1_84' title="bbox 1179 799 2061 843; baseline 0.006 -12"><span class='ocrx_word' id='word_1_556' title='bbox 1179 799 1302 834; x_wconf 76' lang='lat' dir='ltr'>sionem</span> <span class='ocrx_word' id='word_1_557' title='bbox 1317 799 1472 834; x_wconf 84' lang='lat' dir='ltr'>castitatis</span> <span class='ocrx_word' id='word_1_558' title='bbox 1485 826 1492 833; x_wconf 93' lang='lat'>.</span> <span class='ocrx_word' id='word_1_559' title='bbox 1505 799 1597 840; x_wconf 81' lang='lat' dir='ltr'>Absit</span> <span class='ocrx_word' id='word_1_560' title='bbox 1608 810 1645 834; x_wconf 91' lang='lat' dir='ltr'>ut</span> <span class='ocrx_word' id='word_1_561' title='bbox 1659 810 1779 835; x_wconf 64' lang='lat' dir='ltr'>&gt;omnes</span> <span class='ocrx_word' id='word_1_562' title='bbox 1787 799 1932 843; x_wconf 81' lang='lat' dir='ltr'>juniores</span> <span class='ocrx_word' id='word_1_563' title='bbox 1944 803 2061 837; x_wconf 85' lang='lat' dir='ltr'>viduas</span> 
     </span>
     <span class='ocr_line' id='line_1_85' title="bbox 1175 849 2061 896; baseline 0.003 -13"><span class='ocrx_word' id='word_1_564' title='bbox 1175 849 1321 893; x_wconf 87' lang='lat' dir='ltr'>coegerit</span> <span class='ocrx_word' id='word_1_565' title='bbox 1332 849 1373 883; x_wconf 82' lang='lat' dir='ltr'>ad</span> <span class='ocrx_word' id='word_1_566' title='bbox 1386 850 1519 894; x_wconf 84' lang='lat' dir='ltr'>nuptias</span> <span class='ocrx_word' id='word_1_567' title='bbox 1532 876 1540 885; x_wconf 89' lang='lat'><strong>.</strong></span> <span class='ocrx_word' id='word_1_568' title='bbox 1571 850 1629 884; x_wconf 91' lang='lat' dir='ltr'>Eis</span> <span class='ocrx_word' id='word_1_569' title='bbox 1638 862 1708 896; x_wconf 85' lang='lat' dir='ltr'>quae</span> <span class='ocrx_word' id='word_1_570' title='bbox 1720 850 1762 885; x_wconf 86' lang='lat' dir='ltr'>de</span> <span class='ocrx_word' id='word_1_571' title='bbox 1771 851 1858 885; x_wconf 83' lang='lat' dir='ltr'>datis</span> <span class='ocrx_word' id='word_1_572' title='bbox 1871 851 1929 885; x_wconf 83' lang='lat' dir='ltr'>fibi</span> <span class='ocrx_word' id='word_1_573' title='bbox 1940 851 1959 885; x_wconf 69' lang='lat' dir='ltr'>a</span> <span class='ocrx_word' id='word_1_574' title='bbox 1982 852 2061 886; x_wconf 88' lang='lat' dir='ltr'>Deo</span> 
     </span>
     <span class='ocr_line' id='line_1_86' title="bbox 1177 897 2061 945; baseline 0.001 -11"><span class='ocrx_word' id='word_1_575' title='bbox 1177 897 1299 934; x_wconf 87' lang='lat' dir='ltr'>viribus</span> <span class='ocrx_word' id='word_1_576' title='bbox 1309 898 1511 934; x_wconf 87' lang='lat' dir='ltr'>confiderent</span> <span class='ocrx_word' id='word_1_577' title='bbox 1524 925 1535 941; x_wconf 95' lang='lat'>,</span> <span class='ocrx_word' id='word_1_578' title='bbox 1561 900 1738 945; x_wconf 77' lang='lat' dir='ltr'>simplicem</span> <span class='ocrx_word' id='word_1_579' title='bbox 1751 901 1979 945; x_wconf 77' lang='lat' dir='ltr'>professionem</span> <span class='ocrx_word' id='word_1_580' title='bbox 1991 912 2061 935; x_wconf 89' lang='lat' dir='ltr'>non</span> 
     </span>
     <span class='ocr_line' id='line_1_87' title="bbox 1176 950 2064 993; baseline 0.001 -9"><span class='ocrx_word' id='word_1_581' title='bbox 1176 959 1303 984; x_wconf 83' lang='lat' dir='ltr'>tantum</span> <span class='ocrx_word' id='word_1_582' title='bbox 1315 950 1458 993; x_wconf 81' lang='lat' dir='ltr'>permisit</span> <span class='ocrx_word' id='word_1_583' title='bbox 1470 974 1481 990; x_wconf 92' lang='lat'>‚</span> <span class='ocrx_word' id='word_1_584' title='bbox 1494 951 1593 985; x_wconf 87' lang='lat' dir='ltr'>sed&amp;</span> <span class='ocrx_word' id='word_1_585' title='bbox 1607 952 1719 993; x_wconf 80' lang='lat' dir='ltr'>suasit3</span> <span class='ocrx_word' id='word_1_586' title='bbox 1750 952 1828 986; x_wconf 90' lang='lat' dir='ltr'>solis</span> <span class='ocrx_word' id='word_1_587' title='bbox 1855 951 1897 985; x_wconf 89' lang='lat' dir='ltr'>de</span> <span class='ocrx_word' id='word_1_588' title='bbox 1919 951 2064 985; x_wconf 88' lang='lat' dir='ltr'>inconti-</span> 
     </span>
     <span class='ocr_line' id='line_1_88' title="bbox 1178 999 2064 1045; baseline 0.001 -12"><span class='ocrx_word' id='word_1_589' title='bbox 1178 999 1289 1034; x_wconf 81' lang='lat' dir='ltr'>nentia</span> <span class='ocrx_word' id='word_1_590' title='bbox 1299 1000 1561 1043; x_wconf 78' lang='lat' dir='ltr'>periclitantibus</span> <span class='ocrx_word' id='word_1_591' title='bbox 1577 1001 1671 1036; x_wconf 86' lang='lat' dir='ltr'>suasit</span> <span class='ocrx_word' id='word_1_592' title='bbox 1683 1002 1811 1045; x_wconf 86' lang='lat' dir='ltr'>nuptias</span> <span class='ocrx_word' id='word_1_593' title='bbox 1823 1014 1830 1034; x_wconf 92' lang='lat'>:</span> <span class='ocrx_word' id='word_1_594' title='bbox 1853 1001 1980 1036; x_wconf 88' lang='lat' dir='ltr'>Verum</span> <span class='ocrx_word' id='word_1_595' title='bbox 1992 1002 2064 1035; x_wconf 87' lang='lat' dir='ltr'>nul-</span> 
     </span>
     <span class='ocr_line' id='line_1_89' title="bbox 1179 1050 2064 1094; baseline 0.002 -11"><span class='ocrx_word' id='word_1_596' title='bbox 1179 1050 1241 1084; x_wconf 88' lang='lat' dir='ltr'>lius</span> <span class='ocrx_word' id='word_1_597' title='bbox 1264 1050 1493 1094; x_wconf 69' lang='lat' dir='ltr'>professionem</span> <span class='ocrx_word' id='word_1_598' title='bbox 1516 1052 1623 1086; x_wconf 89' lang='lat' dir='ltr'>voluit</span> <span class='ocrx_word' id='word_1_599' title='bbox 1647 1052 1838 1092; x_wconf 80' lang='lat' dir='ltr'>solemniter</span> <span class='ocrx_word' id='word_1_600' title='bbox 1855 1050 1900 1090; x_wconf 64' lang='lat' dir='ltr'>,ab</span> <span class='ocrx_word' id='word_1_601' title='bbox 1922 1052 2064 1087; x_wconf 80' lang='lat' dir='ltr'>Ecclesia</span> 
     </span>
     <span class='ocr_line' id='line_1_90' title="bbox 1177 1101 2064 1150; baseline 0.002 -16"><span class='ocrx_word' id='word_1_602' title='bbox 1177 1101 1378 1142; x_wconf 81' lang='lat' dir='ltr'>consecrari.</span> <span class='ocrx_word' id='word_1_603' title='bbox 1399 1101 1507 1150; x_wconf 75' lang='lat' dir='ltr'>Qud</span> <span class='ocrx_word' id='word_1_604' title='bbox 1522 1102 1595 1137; x_wconf 85' lang='lat' dir='ltr'>talis</span> <span class='ocrx_word' id='word_1_605' title='bbox 1607 1103 1814 1143; x_wconf 82' lang='lat' dir='ltr'>consecratio</span> <span class='ocrx_word' id='word_1_606' title='bbox 1820 1102 1991 1143; x_wconf 75' lang='lat' dir='ltr'>dirimeret</span> <span class='ocrx_word' id='word_1_607' title='bbox 2013 1103 2064 1136; x_wconf 68' lang='lat' dir='ltr'>fu-</span> 
     </span>
     <span class='ocr_line' id='line_1_91' title="bbox 1179 1150 2066 1196; baseline 0.003 -12"><span class='ocrx_word' id='word_1_608' title='bbox 1179 1160 1266 1185; x_wconf 86' lang='lat' dir='ltr'>turas</span> <span class='ocrx_word' id='word_1_609' title='bbox 1277 1151 1408 1195; x_wconf 82' lang='lat' dir='ltr'>nuptias</span> <span class='ocrx_word' id='word_1_610' title='bbox 1420 1177 1432 1192; x_wconf 87' lang='lat'>,</span> <span class='ocrx_word' id='word_1_611' title='bbox 1448 1150 1593 1196; x_wconf 83' lang='lat' dir='ltr'>adeoque</span> <span class='ocrx_word' id='word_1_612' title='bbox 1613 1152 1752 1196; x_wconf 80' lang='lat' dir='ltr'>lapsuras</span> <span class='ocrx_word' id='word_1_613' title='bbox 1774 1153 1889 1188; x_wconf 85' lang='lat' dir='ltr'>viduas</span> <span class='ocrx_word' id='word_1_614' title='bbox 1910 1152 2066 1195; x_wconf 79' lang='lat' dir='ltr'>dejiceret</span> 
     </span>
     <span class='ocr_line' id='line_1_92' title="bbox 1179 1201 2065 1249; baseline 0.001 -15"><span class='ocrx_word' id='word_1_615' title='bbox 1179 1201 1264 1244; x_wconf 84' lang='lat' dir='ltr'>quasi</span> <span class='ocrx_word' id='word_1_616' title='bbox 1276 1201 1311 1236; x_wconf 89' lang='lat' dir='ltr'>in</span> <span class='ocrx_word' id='word_1_617' title='bbox 1324 1201 1540 1242; x_wconf 85' lang='lat' dir='ltr'>neceffitatcm</span> <span class='ocrx_word' id='word_1_618' title='bbox 1550 1213 1711 1247; x_wconf 72' lang='lat' dir='ltr'>perpetuae</span> <span class='ocrx_word' id='word_1_619' title='bbox 1718 1202 1955 1238; x_wconf 81' lang='lat' dir='ltr'>damnationis.</span> <span class='ocrx_word' id='word_1_620' title='bbox 1980 1201 2065 1249; x_wconf 75' lang='lat' dir='ltr'>Qiz</span> 
     </span>
     <span class='ocr_line' id='line_1_93' title="bbox 1177 1250 2066 1298; baseline 0.002 -15"><span class='ocrx_word' id='word_1_621' title='bbox 1177 1250 1288 1295; x_wconf 89' lang='lat' dir='ltr'>regula</span> <span class='ocrx_word' id='word_1_622' title='bbox 1299 1252 1440 1287; x_wconf 87' lang='lat' dir='ltr'>omnino</span> <span class='ocrx_word' id='word_1_623' title='bbox 1453 1253 1560 1298; x_wconf 87' lang='lat' dir='ltr'>viguit</span> <span class='ocrx_word' id='word_1_624' title='bbox 1573 1254 1674 1288; x_wconf 88' lang='lat' dir='ltr'>etiam</span> <span class='ocrx_word' id='word_1_625' title='bbox 1685 1255 1721 1289; x_wconf 89' lang='lat' dir='ltr'>in</span> <span class='ocrx_word' id='word_1_626' title='bbox 1731 1253 1829 1294; x_wconf 82' lang='lat' dir='ltr'>sacris</span> <span class='ocrx_word' id='word_1_627' title='bbox 1843 1252 2042 1297; x_wconf 85' lang='lat' dir='ltr'>Virginibus</span> <span class='ocrx_word' id='word_1_628' title='bbox 2054 1276 2066 1284; x_wconf 83' lang='grc'><strong>.</strong></span> 
     </span>
     <span class='ocr_line' id='line_1_94' title="bbox 1179 1300 2063 1349; baseline 0.002 -16"><span class='ocrx_word' id='word_1_629' title='bbox 1179 1300 1269 1334; x_wconf 87' lang='lat' dir='ltr'>Nam</span> <span class='ocrx_word' id='word_1_630' title='bbox 1281 1300 1424 1346; x_wconf 88' lang='lat' dir='ltr'>virgines</span> <span class='ocrx_word' id='word_1_631' title='bbox 1435 1304 1537 1340; x_wconf 87' lang='lat' dir='ltr'>etiam</span> <span class='ocrx_word' id='word_1_632' title='bbox 1548 1303 1589 1338; x_wconf 90' lang='lat' dir='ltr'>ab</span> <span class='ocrx_word' id='word_1_633' title='bbox 1599 1303 1671 1347; x_wconf 78' lang='lat' dir='ltr'>ipsis</span> <span class='ocrx_word' id='word_1_634' title='bbox 1684 1303 1855 1349; x_wconf 84' lang='lat' dir='ltr'>Apostolis</span> <span class='ocrx_word' id='word_1_635' title='bbox 1868 1303 1962 1336; x_wconf 79' lang='lat' dir='ltr'>fuisse</span> <span class='ocrx_word' id='word_1_636' title='bbox 1982 1313 2063 1336; x_wconf 90' lang='lat' dir='ltr'>con-</span> 
     </span>
     <span class='ocr_line' id='line_1_95' title="bbox 1185 1350 2068 1402; baseline 0.002 -19"><span class='ocrx_word' id='word_1_637' title='bbox 1185 1350 1355 1392; x_wconf 81' lang='lat' dir='ltr'>secratas,</span> <span class='ocrx_word' id='word_1_638' title='bbox 1381 1351 1580 1387; x_wconf 88' lang='lat' dir='ltr'>authenticis</span> <span class='ocrx_word' id='word_1_639' title='bbox 1607 1355 1768 1398; x_wconf 81' lang='lat' dir='ltr'>exemplis</span> <span class='ocrx_word' id='word_1_640' title='bbox 1797 1354 1896 1402; x_wconf 83' lang='lat' dir='ltr'>poffit</span> <span class='ocrx_word' id='word_1_641' title='bbox 1917 1352 2068 1386; x_wconf 78' lang='lat' dir='ltr'>ostendi.</span> 
     </span>
     <span class='ocr_line' id='line_1_96' title="bbox 1185 1400 2071 1447; baseline 0.001 -13"><span class='ocrx_word' id='word_1_642' title='bbox 1185 1400 1265 1447; x_wconf 84' lang='lat' dir='ltr'>Qo</span> <span class='ocrx_word' id='word_1_643' title='bbox 1276 1401 1360 1435; x_wconf 85' lang='lat' dir='ltr'>circa</span> <span class='ocrx_word' id='word_1_644' title='bbox 1371 1402 1404 1435; x_wconf 89' lang='lat'>&amp;</span> <span class='ocrx_word' id='word_1_645' title='bbox 1416 1402 1585 1446; x_wconf 81' lang='lat' dir='ltr'>virginalis</span> <span class='ocrx_word' id='word_1_646' title='bbox 1593 1403 1626 1436; x_wconf 80' lang='grc' dir='ltr'>δε</span> <span class='ocrx_word' id='word_1_647' title='bbox 1634 1402 1772 1438; x_wconf 84' lang='lat' dir='ltr'>vidualis</span> <span class='ocrx_word' id='word_1_648' title='bbox 1783 1402 1988 1443; x_wconf 68' lang='lat' dir='ltr'>castimoniae</span> <span class='ocrx_word' id='word_1_649' title='bbox 1998 1412 2071 1447; x_wconf 90' lang='lat' dir='ltr'>pro-</span> 
     </span>
     <span class='ocr_line' id='line_1_97' title="bbox 1185 1450 2070 1495; baseline 0.002 -12"><span class='ocrx_word' id='word_1_650' title='bbox 1185 1450 1276 1484; x_wconf 82' lang='lat' dir='ltr'>feffio</span> <span class='ocrx_word' id='word_1_651' title='bbox 1288 1452 1411 1492; x_wconf 89' lang='lat' dir='ltr'>semper</span> <span class='ocrx_word' id='word_1_652' title='bbox 1422 1461 1477 1492; x_wconf 90' lang='lat' dir='ltr'>per</span> <span class='ocrx_word' id='word_1_653' title='bbox 1491 1451 1569 1485; x_wconf 84' lang='lat' dir='ltr'>sacri</span> <span class='ocrx_word' id='word_1_654' title='bbox 1582 1452 1666 1489; x_wconf 82' lang='lat' dir='ltr'>veli,</span> <span class='ocrx_word' id='word_1_655' title='bbox 1692 1452 1782 1495; x_wconf 86' lang='lat' dir='ltr'>quod</span> <span class='ocrx_word' id='word_1_656' title='bbox 1792 1452 1925 1491; x_wconf 72' lang='lat' dir='ltr'>mitram</span> <span class='ocrx_word' id='word_1_657' title='bbox 1935 1451 2070 1485; x_wconf 83' lang='lat' dir='ltr'>vocavit</span> 
     </span>
     <span class='ocr_line' id='line_1_98' title="bbox 1186 1498 2239 1546; baseline 0.004 -13"><span class='ocrx_word' id='word_1_658' title='bbox 1186 1499 1347 1533; x_wconf 83' lang='lat' dir='ltr'>Africana</span> <span class='ocrx_word' id='word_1_659' title='bbox 1359 1498 1500 1538; x_wconf 81' lang='lat' dir='ltr'>Ecclesia</span> <span class='ocrx_word' id='word_1_660' title='bbox 1511 1525 1521 1542; x_wconf 93' lang='lat'><strong>,</strong></span> <span class='ocrx_word' id='word_1_661' title='bbox 1535 1500 1716 1536; x_wconf 87' lang='lat' dir='ltr'>solemnem</span> <span class='ocrx_word' id='word_1_662' title='bbox 1729 1502 1973 1546; x_wconf 80' lang='lat' dir='ltr'>impositionem</span> <span class='ocrx_word' id='word_1_663' title='bbox 1986 1524 1996 1540; x_wconf 93' lang='lat'>,</span> <span class='ocrx_word' id='word_1_664' title='bbox 2017 1501 2072 1535; x_wconf 84' lang='lat' dir='ltr'>Sa·</span> <span class='ocrx_word' id='word_1_665' title='bbox 2085 1503 2162 1540; x_wconf 74' lang='lat' dir='ltr'>Cap·</span> <span class='ocrx_word' id='word_1_666' title='bbox 2193 1510 2239 1537; x_wconf 67' lang='lat'>19·</span> 
     </span>
     <span class='ocr_line' id='line_1_99' title="bbox 1185 1548 2071 1592; baseline 0.005 -10"><span class='ocrx_word' id='word_1_667' title='bbox 1185 1548 1362 1583; x_wconf 88' lang='lat' dir='ltr'>cerdotales</span> <span class='ocrx_word' id='word_1_668' title='bbox 1373 1559 1481 1592; x_wconf 88' lang='lat' dir='ltr'>preces</span> <span class='ocrx_word' id='word_1_669' title='bbox 1496 1574 1508 1591; x_wconf 92' lang='lat'><strong>,</strong></span> <span class='ocrx_word' id='word_1_670' title='bbox 1532 1560 1591 1586; x_wconf 91' lang='lat' dir='ltr'>aut</span> <span class='ocrx_word' id='word_1_671' title='bbox 1610 1551 1708 1586; x_wconf 81' lang='lat' dir='ltr'>aliam</span> <span class='ocrx_word' id='word_1_672' title='bbox 1729 1552 1986 1591; x_wconf 87' lang='lat' dir='ltr'>consecrationis</span> <span class='ocrx_word' id='word_1_673' title='bbox 2009 1553 2071 1586; x_wconf 86' lang='lat' dir='ltr'>for·</span> 
     </span>
     <span class='ocr_line' id='line_1_100' title="bbox 1183 1598 2072 1645; baseline 0.003 -12"><span class='ocrx_word' id='word_1_674' title='bbox 1183 1599 1306 1633; x_wconf 88' lang='lat' dir='ltr'>mulam</span> <span class='ocrx_word' id='word_1_675' title='bbox 1316 1598 1378 1632; x_wconf 91' lang='lat' dir='ltr'>fuit</span> <span class='ocrx_word' id='word_1_676' title='bbox 1388 1600 1524 1645; x_wconf 86' lang='lat' dir='ltr'>sigillata</span> <span class='ocrx_word' id='word_1_677' title='bbox 1536 1626 1547 1642; x_wconf 92' lang='lat'><strong>,</strong></span> <span class='ocrx_word' id='word_1_678' title='bbox 1573 1612 1675 1645; x_wconf 87' lang='lat' dir='ltr'>eaque</span> <span class='ocrx_word' id='word_1_679' title='bbox 1694 1601 1740 1636; x_wconf 86' lang='lat' dir='ltr'>est</span> <span class='ocrx_word' id='word_1_680' title='bbox 1754 1601 1843 1636; x_wconf 87' lang='lat' dir='ltr'>illius</span> <span class='ocrx_word' id='word_1_681' title='bbox 1861 1602 1998 1644; x_wconf 83' lang='lat' dir='ltr'>antiqua</span> <span class='ocrx_word' id='word_1_682' title='bbox 2024 1603 2072 1636; x_wconf 91' lang='lat' dir='ltr'>so·</span> 
     </span>
     <span class='ocr_line' id='line_1_101' title="bbox 1185 1649 2072 1695; baseline 0.005 -13"><span class='ocrx_word' id='word_1_683' title='bbox 1185 1649 1354 1684; x_wconf 84' lang='lat' dir='ltr'>lemnitas.</span> <span class='ocrx_word' id='word_1_684' title='bbox 1383 1650 1427 1684; x_wconf 88' lang='lat' dir='ltr'>Et</span> <span class='ocrx_word' id='word_1_685' title='bbox 1439 1651 1517 1685; x_wconf 88' lang='lat' dir='ltr'>hinc</span> <span class='ocrx_word' id='word_1_686' title='bbox 1528 1651 1744 1686; x_wconf 89' lang='lat' dir='ltr'>Innocentius</span> <span class='ocrx_word' id='word_1_687' title='bbox 1765 1651 1924 1687; x_wconf 85' lang='lat' dir='ltr'>Pontifex</span> <span class='ocrx_word' id='word_1_688' title='bbox 1947 1652 2072 1695; x_wconf 84' lang='lat' dir='ltr'>scripsit</span> 
     </span>
     <span class='ocr_line' id='line_1_102' title="bbox 1185 1698 2072 1746; baseline 0.005 -14"><span class='ocrx_word' id='word_1_689' title='bbox 1185 1698 1294 1733; x_wconf 79' lang='lat' dir='ltr'>velatae</span> <span class='ocrx_word' id='word_1_690' title='bbox 1311 1700 1447 1744; x_wconf 83' lang='lat' dir='ltr'>virginis</span> <span class='ocrx_word' id='word_1_691' title='bbox 1457 1701 1588 1746; x_wconf 86' lang='lat' dir='ltr'>nuptias</span> <span class='ocrx_word' id='word_1_692' title='bbox 1599 1703 1663 1737; x_wconf 85' lang='lat' dir='ltr'>esse</span> <span class='ocrx_word' id='word_1_693' title='bbox 1673 1702 1891 1737; x_wconf 88' lang='lat' dir='ltr'>adulterinam</span> <span class='ocrx_word' id='word_1_694' title='bbox 1903 1715 1941 1736; x_wconf 86' lang='lat' dir='ltr'>ac</span> <span class='ocrx_word' id='word_1_695' title='bbox 1962 1703 2072 1736; x_wconf 71' lang='lat' dir='ltr'>simul-</span> 
     </span>
     <span class='ocr_line' id='line_1_103' title="bbox 1185 1750 2074 1798; baseline 0.004 -15"><span class='ocrx_word' id='word_1_696' title='bbox 1185 1760 1314 1790; x_wconf 76' lang='lat' dir='ltr'>taneam</span> <span class='ocrx_word' id='word_1_697' title='bbox 1331 1750 1557 1797; x_wconf 82' lang='lat' dir='ltr'>polygamiam</span> <span class='ocrx_word' id='word_1_698' title='bbox 1570 1778 1581 1795; x_wconf 89' lang='lat'><em>,</em></span> <span class='ocrx_word' id='word_1_699' title='bbox 1605 1754 1639 1787; x_wconf 76' lang='grc' dir='ltr'>ἀ</span> <span class='ocrx_word' id='word_1_700' title='bbox 1653 1753 1787 1796; x_wconf 88' lang='lat' dir='ltr'>quidem</span> <span class='ocrx_word' id='word_1_701' title='bbox 1799 1753 1922 1787; x_wconf 84' lang='lat' dir='ltr'>carnali</span> <span class='ocrx_word' id='word_1_702' title='bbox 1938 1753 2074 1798; x_wconf 84' lang='lat' dir='ltr'>polyga-</span> 
     </span>
     <span class='ocr_line' id='line_1_104' title="bbox 1183 1799 2074 1845; baseline 0.003 -12"><span class='ocrx_word' id='word_1_703' title='bbox 1183 1799 1292 1834; x_wconf 87' lang='lat' dir='ltr'>mia&amp;</span> <span class='ocrx_word' id='word_1_704' title='bbox 1304 1799 1465 1836; x_wconf 84' lang='lat' dir='ltr'>adulterio</span> <span class='ocrx_word' id='word_1_705' title='bbox 1475 1802 1637 1838; x_wconf 85' lang='lat' dir='ltr'>deteriora</span> <span class='ocrx_word' id='word_1_706' title='bbox 1650 1828 1657 1835; x_wconf 93' lang='lat'><strong>.</strong></span> <span class='ocrx_word' id='word_1_707' title='bbox 1685 1803 1717 1837; x_wconf 90' lang='lat' dir='ltr'>A</span> <span class='ocrx_word' id='word_1_708' title='bbox 1743 1804 1938 1845; x_wconf 88' lang='lat' dir='ltr'>quibusdam</span> <span class='ocrx_word' id='word_1_709' title='bbox 1962 1804 2074 1837; x_wconf 84' lang='lat' dir='ltr'>existi-</span> 
     </span>
     <span class='ocr_line' id='line_1_105' title="bbox 1185 1850 2073 1899; baseline 0.005 -16"><span class='ocrx_word' id='word_1_710' title='bbox 1185 1859 1289 1884; x_wconf 84' lang='lat' dir='ltr'>matur</span> <span class='ocrx_word' id='word_1_711' title='bbox 1300 1850 1393 1894; x_wconf 87' lang='lat' dir='ltr'>loqui</span> <span class='ocrx_word' id='word_1_712' title='bbox 1407 1864 1484 1887; x_wconf 87' lang='lat' dir='ltr'>cum</span> <span class='ocrx_word' id='word_1_713' title='bbox 1497 1853 1638 1888; x_wconf 87' lang='lat' dir='ltr'>Canone</span> <span class='ocrx_word' id='word_1_714' title='bbox 1651 1854 1833 1899; x_wconf 83' lang='lat' dir='ltr'>Ancyrano</span> <span class='ocrx_word' id='word_1_715' title='bbox 1846 1868 1857 1888; x_wconf 91' lang='grc'>.·</span> <span class='ocrx_word' id='word_1_716' title='bbox 1884 1856 2073 1896; x_wconf 72' lang='lat' dir='ltr'>‚Quicumque</span> 
     </span>
     <span class='ocr_line' id='line_1_106' title="bbox 1184 1903 2074 1946; baseline 0.004 -13"><span class='ocrx_word' id='word_1_717' title='bbox 1184 1906 1394 1944; x_wconf 73' lang='lat' dir='ltr'>virginitatem</span> <span class='ocrx_word' id='word_1_718' title='bbox 1419 1903 1593 1946; x_wconf 84' lang='lat' dir='ltr'>profitentes</span> <span class='ocrx_word' id='word_1_719' title='bbox 1611 1904 1812 1946; x_wconf 80' lang='lat' dir='ltr'>profeffionem</span> <span class='ocrx_word' id='word_1_720' title='bbox 1845 1903 1930 1943; x_wconf 72' lang='lat' dir='ltr'>suam</span> <span class='ocrx_word' id='word_1_721' title='bbox 1951 1909 2074 1943; x_wconf 78' lang='lat' dir='ltr'>irritam</span> 
     </span>
     <span class='ocr_line' id='line_1_107' title="bbox 1183 1952 2072 1997; baseline 0.004 -14"><span class='ocrx_word' id='word_1_722' title='bbox 1183 1952 1315 1984; x_wconf 79' lang='lat' dir='ltr'>reddunt</span> <span class='ocrx_word' id='word_1_723' title='bbox 1336 1976 1346 1992; x_wconf 95' lang='lat'><strong>‚</strong></span> <span class='ocrx_word' id='word_1_724' title='bbox 1374 1957 1396 1985; x_wconf 70' lang='lat' dir='ltr'>ii</span> <span class='ocrx_word' id='word_1_725' title='bbox 1429 1955 1625 1997; x_wconf 74' lang='lat' dir='ltr'>Bigamorum</span> <span class='ocrx_word' id='word_1_726' title='bbox 1657 1954 1861 1996; x_wconf 78' lang='lat' dir='ltr'>definitionem</span> <span class='ocrx_word' id='word_1_727' title='bbox 1899 1956 2046 1997; x_wconf 85' lang='lat' dir='ltr'>impleant</span> <span class='ocrx_word' id='word_1_728' title='bbox 2065 1980 2072 1987; x_wconf 92' lang='lat'><strong>.</strong></span> 
     </span>
     <span class='ocr_line' id='line_1_108' title="bbox 1186 2000 2073 2048; baseline 0.008 -16"><span class='ocrx_word' id='word_1_729' title='bbox 1186 2000 1318 2043; x_wconf 85' lang='lat' dir='ltr'>Utique</span> <span class='ocrx_word' id='word_1_730' title='bbox 1341 2001 1558 2047; x_wconf 80' lang='lat' dir='ltr'>Bigamorum</span> <span class='ocrx_word' id='word_1_731' title='bbox 1579 2005 1871 2045; x_wconf 84' lang='lat' dir='ltr'>fimultaneorum.</span> <span class='ocrx_word' id='word_1_732' title='bbox 1900 2005 2073 2048; x_wconf 87' lang='lat' dir='ltr'>Ejusmodi</span> 
     </span>
     <span class='ocr_line' id='line_1_109' title="bbox 1174 2049 2069 2099; baseline 0.007 -17"><span class='ocrx_word' id='word_1_733' title='bbox 1174 2049 1345 2094; x_wconf 71' lang='lat' dir='ltr'>&#39;virgine5,</span> <span class='ocrx_word' id='word_1_734' title='bbox 1371 2063 1441 2087; x_wconf 90' lang='lat' dir='ltr'>non</span> <span class='ocrx_word' id='word_1_735' title='bbox 1456 2054 1514 2088; x_wconf 73' lang='lat' dir='ltr'>nisi</span> <span class='ocrx_word' id='word_1_736' title='bbox 1528 2054 1637 2094; x_wconf 86' lang='lat' dir='ltr'>soluto</span> <span class='ocrx_word' id='word_1_737' title='bbox 1650 2066 1705 2099; x_wconf 74' lang='lat' dir='ltr'>per</span> <span class='ocrx_word' id='word_1_738' title='bbox 1728 2067 1869 2090; x_wconf 89' lang='lat' dir='ltr'>mortem</span> <span class='ocrx_word' id='word_1_739' title='bbox 1892 2066 1948 2089; x_wconf 85' lang='lat' dir='ltr'>aut</span> <span class='ocrx_word' id='word_1_740' title='bbox 1971 2056 2069 2098; x_wconf 85' lang='lat' dir='ltr'>aequi-</span> 
     </span>
     <span class='ocr_line' id='line_1_110' title="bbox 1182 2101 2066 2144; baseline 0.009 -12"><span class='ocrx_word' id='word_1_741' title='bbox 1182 2101 1347 2134; x_wconf 83' lang='lat' dir='ltr'>valentem</span> <span class='ocrx_word' id='word_1_742' title='bbox 1381 2103 1647 2144; x_wconf 84' lang='lat' dir='ltr'>dissociationem</span> <span class='ocrx_word' id='word_1_743' title='bbox 1680 2106 1903 2140; x_wconf 89' lang='lat' dir='ltr'>contubernio</span> <span class='ocrx_word' id='word_1_744' title='bbox 1927 2128 1937 2144; x_wconf 92' lang='lat'>,</span> <span class='ocrx_word' id='word_1_745' title='bbox 1978 2116 2066 2138; x_wconf 87' lang='lat' dir='ltr'>vetat</span> 
     </span>
     <span class='ocr_line' id='line_1_111' title="bbox 1181 2149 2068 2199; baseline 0.006 -16"><span class='ocrx_word' id='word_1_746' title='bbox 1181 2149 1338 2184; x_wconf 84' lang='lat' dir='ltr'>Pontifex</span> <span class='ocrx_word' id='word_1_747' title='bbox 1360 2153 1494 2188; x_wconf 87' lang='lat' dir='ltr'>admitti</span> <span class='ocrx_word' id='word_1_748' title='bbox 1512 2156 1554 2193; x_wconf 74' lang='lat' dir='ltr'>ad</span> <span class='ocrx_word' id='word_1_749' title='bbox 1580 2156 1809 2199; x_wconf 85' lang='lat' dir='ltr'>poenirentiam</span> <span class='ocrx_word' id='word_1_750' title='bbox 1829 2180 1840 2196; x_wconf 90' lang='lat'><em>‚</em></span> <span class='ocrx_word' id='word_1_751' title='bbox 1876 2154 2068 2197; x_wconf 87' lang='lat' dir='ltr'>simpliciter</span> 
     </span>
     <span class='ocr_line' id='line_1_112' title="bbox 1180 2203 2068 2248; baseline 0.007 -16"><span class='ocrx_word' id='word_1_752' title='bbox 1180 2208 1289 2233; x_wconf 82' lang='lat' dir='ltr'>autem</span> <span class='ocrx_word' id='word_1_753' title='bbox 1299 2203 1458 2246; x_wconf 80' lang='lat' dir='ltr'>professas</span> <span class='ocrx_word' id='word_1_754' title='bbox 1469 2216 1537 2238; x_wconf 90' lang='lat' dir='ltr'>non</span> <span class='ocrx_word' id='word_1_755' title='bbox 1550 2205 1684 2238; x_wconf 87' lang='lat' dir='ltr'>mandat</span> <span class='ocrx_word' id='word_1_756' title='bbox 1707 2206 1844 2248; x_wconf 84' lang='lat' dir='ltr'>separari</span> <span class='ocrx_word' id='word_1_757' title='bbox 1862 2227 1873 2243; x_wconf 94' lang='lat'>,</span> <span class='ocrx_word' id='word_1_758' title='bbox 1895 2203 1947 2237; x_wconf 86' lang='lat' dir='ltr'>sed</span> <span class='ocrx_word' id='word_1_759' title='bbox 1973 2204 2068 2239; x_wconf 88' lang='lat' dir='ltr'>dum-</span> 
     </span>
     <span class='ocr_line' id='line_1_113' title="bbox 1179 2249 2065 2298; baseline 0.008 -16"><span class='ocrx_word' id='word_1_760' title='bbox 1179 2257 1269 2283; x_wconf 88' lang='lat' dir='ltr'>taxat</span> <span class='ocrx_word' id='word_1_761' title='bbox 1286 2250 1329 2283; x_wconf 86' lang='lat' dir='ltr'>de</span> <span class='ocrx_word' id='word_1_762' title='bbox 1339 2249 1410 2286; x_wconf 74' lang='lat' dir='ltr'>laeso</span> <span class='ocrx_word' id='word_1_763' title='bbox 1423 2253 1517 2287; x_wconf 87' lang='lat' dir='ltr'>bonae</span> <span class='ocrx_word' id='word_1_764' title='bbox 1528 2254 1605 2289; x_wconf 91' lang='lat' dir='ltr'>fidei</span> <span class='ocrx_word' id='word_1_765' title='bbox 1616 2256 1669 2293; x_wconf 82' lang='lat' dir='ltr'>seu</span> <span class='ocrx_word' id='word_1_766' title='bbox 1693 2254 1846 2298; x_wconf 82' lang='lat' dir='ltr'>simplicis</span> <span class='ocrx_word' id='word_1_767' title='bbox 1874 2255 1944 2290; x_wconf 89' lang='lat' dir='ltr'>voti</span> <span class='ocrx_word' id='word_1_768' title='bbox 1969 2257 2065 2298; x_wconf 72' lang='lat' dir='ltr'>pasto</span> 
     </span>
     <span class='ocr_line' id='line_1_114' title="bbox 1179 2299 2242 2349; baseline 0.004 -15"><span class='ocrx_word' id='word_1_769' title='bbox 1179 2299 1328 2343; x_wconf 79' lang='lat' dir='ltr'>castigari</span> <span class='ocrx_word' id='word_1_770' title='bbox 1341 2322 1349 2330; x_wconf 86' lang='lat'><strong>·</strong></span> <span class='ocrx_word' id='word_1_771' title='bbox 1379 2301 1591 2338; x_wconf 76' lang='lat' dir='ltr'>Lucidiffime</span> <span class='ocrx_word' id='word_1_772' title='bbox 1602 2303 1685 2338; x_wconf 84' lang='lat' dir='ltr'>dicit</span> <span class='ocrx_word' id='word_1_773' title='bbox 1698 2304 1810 2349; x_wconf 83' lang='lat' dir='ltr'>primae</span> <span class='ocrx_word' id='word_1_774' title='bbox 1829 2306 1900 2342; x_wconf 77' lang='lat' dir='ltr'>esse</span> <span class='ocrx_word' id='word_1_775' title='bbox 1915 2305 2043 2339; x_wconf 89' lang='lat' dir='ltr'>irritum</span> <span class='ocrx_word' id='word_1_776' title='bbox 2055 2329 2066 2344; x_wconf 92' lang='lat'>,</span> <span class='ocrx_word' id='word_1_777' title='bbox 2085 2308 2121 2336; x_wconf 81' lang='lat' dir='ltr'>C·</span> <span class='ocrx_word' id='word_1_778' title='bbox 2133 2318 2155 2336; x_wconf 68' lang='grc' dir='ltr'>ι,</span> <span class='ocrx_word' id='word_1_779' title='bbox 2174 2308 2205 2338; x_wconf 71' lang='grc' dir='ltr'>δε</span> <span class='ocrx_word' id='word_1_780' title='bbox 2218 2320 2242 2338; x_wconf 78' lang='lat'>2.</span> 
     </span>
     <span class='ocr_line' id='line_1_115' title="bbox 1180 2347 2064 2396; baseline 0.008 -14"><span class='ocrx_word' id='word_1_781' title='bbox 1180 2347 1324 2384; x_wconf 86' lang='lat' dir='ltr'>secundae</span> <span class='ocrx_word' id='word_1_782' title='bbox 1334 2351 1529 2396; x_wconf 84' lang='lat' dir='ltr'>conjugium</span> <span class='ocrx_word' id='word_1_783' title='bbox 1551 2354 1673 2388; x_wconf 88' lang='lat' dir='ltr'>valere.</span> <span class='ocrx_word' id='word_1_784' title='bbox 1703 2354 1828 2393; x_wconf 81' lang='lat' dir='ltr'>Eadem</span> <span class='ocrx_word' id='word_1_785' title='bbox 1850 2354 2064 2389; x_wconf 68' lang='lat' dir='ltr'>distinetione</span> 
     </span>
     <span class='ocr_line' id='line_1_116' title="bbox 1180 2397 2062 2450; baseline 0.008 -17"><span class='ocrx_word' id='word_1_786' title='bbox 1180 2397 1352 2433; x_wconf 58' lang='lat' dir='ltr'>ac&#39;eisdem</span> <span class='ocrx_word' id='word_1_787' title='bbox 1367 2402 1432 2436; x_wconf 79' lang='lat' dir='ltr'>fere</span> <span class='ocrx_word' id='word_1_788' title='bbox 1447 2403 1552 2437; x_wconf 91' lang='lat' dir='ltr'>verbis</span> <span class='ocrx_word' id='word_1_789' title='bbox 1563 2404 1707 2438; x_wconf 88' lang='lat' dir='ltr'>utiturin</span> <span class='ocrx_word' id='word_1_790' title='bbox 1731 2406 1891 2448; x_wconf 84' lang='lat' dir='ltr'>responsis</span> <span class='ocrx_word' id='word_1_791' title='bbox 1915 2404 1957 2439; x_wconf 85' lang='lat' dir='ltr'>ad</span> <span class='ocrx_word' id='word_1_792' title='bbox 1978 2418 2062 2450; x_wconf 81' lang='lat' dir='ltr'>quae-</span> 
     </span>
     <span class='ocr_line' id='line_1_117' title="bbox 1180 2448 2061 2491; baseline 0.01 -9"><span class='ocrx_word' id='word_1_793' title='bbox 1180 2449 1300 2483; x_wconf 86' lang='lat' dir='ltr'>stiones</span> <span class='ocrx_word' id='word_1_794' title='bbox 1312 2448 1504 2487; x_wconf 76' lang='lat' dir='ltr'>Gallorum.</span> <span class='ocrx_word' id='word_1_795' title='bbox 1531 2454 1576 2488; x_wconf 87' lang='lat' dir='ltr'>Et</span> <span class='ocrx_word' id='word_1_796' title='bbox 1600 2451 1679 2488; x_wconf 84' lang='lat' dir='ltr'>hinc</span> <span class='ocrx_word' id='word_1_797' title='bbox 1703 2455 1834 2488; x_wconf 87' lang='lat' dir='ltr'>sortiter</span> <span class='ocrx_word' id='word_1_798' title='bbox 1854 2455 1993 2489; x_wconf 77' lang='lat' dir='ltr'>suadeor</span> <span class='ocrx_word' id='word_1_799' title='bbox 2014 2467 2061 2491; x_wconf 90' lang='lat' dir='ltr'>re-</span> 
     </span>
     <span class='ocr_line' id='line_1_118' title="bbox 1179 2498 1722 2548; baseline 0.009 -15"><span class='ocrx_word' id='word_1_800' title='bbox 1179 2499 1295 2544; x_wconf 90' lang='lat' dir='ltr'>sponsa</span> <span class='ocrx_word' id='word_1_801' title='bbox 1304 2498 1363 2534; x_wconf 87' lang='lat' dir='ltr'>ista</span> <span class='ocrx_word' id='word_1_802' title='bbox 1374 2504 1441 2537; x_wconf 90' lang='lat' dir='ltr'>esse</span> <span class='ocrx_word' id='word_1_803' title='bbox 1452 2503 1594 2538; x_wconf 86' lang='lat' dir='ltr'>omnino</span> <span class='ocrx_word' id='word_1_804' title='bbox 1605 2504 1703 2548; x_wconf 88' lang='lat' dir='ltr'>ipsius</span> <span class='ocrx_word' id='word_1_805' title='bbox 1714 2529 1722 2543; x_wconf 55' lang='lat'>,-</span> 
     </span>
    </p>

    <p class='ocr_par' dir='ltr' id='par_1_13' title="bbox 1171 2547 2232 3398">
     <span class='ocr_line' id='line_1_119' title="bbox 1230 2547 2232 2613; baseline 0.004 -27"><span class='ocrx_word' id='word_1_806' title='bbox 1230 2547 1314 2586; x_wconf 87' lang='lat' dir='ltr'>Voti</span> <span class='ocrx_word' id='word_1_807' title='bbox 1326 2550 1567 2594; x_wconf 81' lang='lat' dir='ltr'>solemnitatem</span> <span class='ocrx_word' id='word_1_808' title='bbox 1579 2554 1612 2592; x_wconf 86' lang='lat' dir='ltr'>in</span> <span class='ocrx_word' id='word_1_809' title='bbox 1623 2554 1699 2594; x_wconf 81' lang='lat' dir='ltr'>data</span> <span class='ocrx_word' id='word_1_810' title='bbox 1714 2566 1769 2599; x_wconf 85' lang='lat' dir='ltr'>per</span> <span class='ocrx_word' id='word_1_811' title='bbox 1789 2566 1907 2590; x_wconf 82' lang='lat' dir='ltr'>manus</span> <span class='ocrx_word' id='word_1_812' title='bbox 1929 2556 2056 2599; x_wconf 85' lang='lat' dir='ltr'>impofi-</span> <span class='ocrx_word' id='word_1_813' title='bbox 2079 2575 2153 2613; x_wconf 46' lang='lat' dir='ltr'>Cap·</span> <span class='ocrx_word' id='word_1_814' title='bbox 2186 2587 2232 2612; x_wconf 78' lang='lat'>40·</span> 
     </span>
     <span class='ocr_line' id='line_1_120' title="bbox 1178 2598 2061 2650; baseline 0.008 -18"><span class='ocrx_word' id='word_1_815' title='bbox 1178 2599 1304 2633; x_wconf 85' lang='lat' dir='ltr'>tionem</span> <span class='ocrx_word' id='word_1_816' title='bbox 1317 2598 1545 2639; x_wconf 69' lang='lat' dir='ltr'>benedictione</span> <span class='ocrx_word' id='word_1_817' title='bbox 1554 2605 1654 2643; x_wconf 87' lang='lat' dir='ltr'>etiam</span> <span class='ocrx_word' id='word_1_818' title='bbox 1667 2606 1763 2650; x_wconf 91' lang='lat' dir='ltr'>ponit</span> <span class='ocrx_word' id='word_1_819' title='bbox 1773 2630 1784 2646; x_wconf 89' lang='lat'>‚</span> <span class='ocrx_word' id='word_1_820' title='bbox 1811 2618 1849 2640; x_wconf 85' lang='lat' dir='ltr'>ac</span> <span class='ocrx_word' id='word_1_821' title='bbox 1860 2607 1978 2641; x_wconf 84' lang='lat' dir='ltr'>talium</span> <span class='ocrx_word' id='word_1_822' title='bbox 2000 2607 2061 2639; x_wconf 91' lang='lat' dir='ltr'>vir-</span> 
     </span>
     <span class='ocr_line' id='line_1_121' title="bbox 1179 2648 2209 2698; baseline 0.01 -16"><span class='ocrx_word' id='word_1_823' title='bbox 1179 2648 1296 2694; x_wconf 87' lang='lat' dir='ltr'>ginum</span> <span class='ocrx_word' id='word_1_824' title='bbox 1309 2652 1463 2698; x_wconf 85' lang='lat' dir='ltr'>conjugia</span> <span class='ocrx_word' id='word_1_825' title='bbox 1473 2655 1541 2689; x_wconf 89' lang='lat' dir='ltr'>esse</span> <span class='ocrx_word' id='word_1_826' title='bbox 1550 2655 1713 2690; x_wconf 89' lang='lat' dir='ltr'>adulteria</span> <span class='ocrx_word' id='word_1_827' title='bbox 1734 2657 1875 2691; x_wconf 78' lang='lat' dir='ltr'>affirmat</span> <span class='ocrx_word' id='word_1_828' title='bbox 1895 2656 2059 2691; x_wconf 85' lang='lat' dir='ltr'>Venetica</span> <span class='ocrx_word' id='word_1_829' title='bbox 2079 2656 2149 2692; x_wconf 72' lang='grc' dir='ltr'>(ἶῑῑΡ-</span> <span class='ocrx_word' id='word_1_830' title='bbox 2181 2660 2209 2684; x_wconf 88' lang='lat'>6·</span> 
     </span>
     <span class='ocr_line' id='line_1_122' title="bbox 1179 2697 2058 2750; baseline 0.009 -19"><span class='ocrx_word' id='word_1_831' title='bbox 1179 2697 1350 2743; x_wconf 85' lang='lat' dir='ltr'>Synodus:</span> <span class='ocrx_word' id='word_1_832' title='bbox 1381 2704 1447 2738; x_wconf 90' lang='lat' dir='ltr'>esse</span> <span class='ocrx_word' id='word_1_833' title='bbox 1468 2704 1713 2747; x_wconf 69' lang='lat' dir='ltr'>conJunstiones</span> <span class='ocrx_word' id='word_1_834' title='bbox 1724 2707 1863 2741; x_wconf 81' lang='lat' dir='ltr'>nefarias</span> <span class='ocrx_word' id='word_1_835' title='bbox 1887 2707 1932 2740; x_wconf 87' lang='lat' dir='ltr'>ait</span> <span class='ocrx_word' id='word_1_836' title='bbox 1955 2707 2058 2750; x_wconf 85' lang='lat' dir='ltr'>prima</span> 
     </span>
     <span class='ocr_line' id='line_1_123' title="bbox 1177 2750 2058 2799; baseline 0.007 -17"><span class='ocrx_word' id='word_1_837' title='bbox 1177 2750 1402 2786; x_wconf 86' lang='lat' dir='ltr'>Turonensis.</span> <span class='ocrx_word' id='word_1_838' title='bbox 1431 2754 1495 2792; x_wconf 82' lang='lat' dir='ltr'>Eas</span> <span class='ocrx_word' id='word_1_839' title='bbox 1506 2766 1577 2799; x_wconf 83' lang='lat' dir='ltr'>quae</span> <span class='ocrx_word' id='word_1_840' title='bbox 1598 2757 1660 2790; x_wconf 86' lang='lat' dir='ltr'>five</span> <span class='ocrx_word' id='word_1_841' title='bbox 1683 2757 1715 2789; x_wconf 91' lang='lat' dir='ltr'>in</span> <span class='ocrx_word' id='word_1_842' title='bbox 1740 2757 1944 2792; x_wconf 84' lang='lat' dir='ltr'>Monasterio</span> <span class='ocrx_word' id='word_1_843' title='bbox 1958 2781 1968 2796; x_wconf 90' lang='lat'>‚</span> <span class='ocrx_word' id='word_1_844' title='bbox 1995 2756 2058 2789; x_wconf 88' lang='lat' dir='ltr'>five</span> 
     </span>
     <span class='ocr_line' id='line_1_124' title="bbox 1181 2800 2056 2848; baseline -0.006 -6"><span class='ocrx_word' id='word_1_845' title='bbox 1181 2800 1215 2833; x_wconf 66' lang='lat'>3¹¹</span> <span class='ocrx_word' id='word_1_846' title='bbox 1229 2803 1357 2845; x_wconf 76' lang='lat' dir='ltr'>Propria</span> <span class='ocrx_word' id='word_1_847' title='bbox 1385 2802 1489 2838; x_wconf 89' lang='lat' dir='ltr'>domo</span> <span class='ocrx_word' id='word_1_848' title='bbox 1512 2816 1568 2848; x_wconf 87' lang='lat' dir='ltr'>per</span> <span class='ocrx_word' id='word_1_849' title='bbox 1601 2806 1737 2840; x_wconf 86' lang='lat' dir='ltr'>vestium</span> <span class='ocrx_word' id='word_1_850' title='bbox 1758 2807 2056 2840; x_wconf 85' lang='lat' dir='ltr'>commutationem</span> 
     </span>
     <span class='ocr_line' id='line_1_125' title="bbox 1177 2853 2056 2899; baseline 0.001 -13"><span class='ocrx_word' id='word_1_851' title='bbox 1177 2853 1336 2890; x_wconf 80' lang='lat' dir='ltr'>conversae</span> <span class='ocrx_word' id='word_1_852' title='bbox 1347 2854 1496 2895; x_wconf 78' lang='lat' dir='ltr'>fuerant,</span> <span class='ocrx_word' id='word_1_853' title='bbox 1522 2854 1636 2899; x_wconf 86' lang='lat' dir='ltr'>quinta</span> <span class='ocrx_word' id='word_1_854' title='bbox 1660 2855 1901 2896; x_wconf 80' lang='lat' dir='ltr'>Aurelianensis</span> <span class='ocrx_word' id='word_1_855' title='bbox 1923 2855 2056 2889; x_wconf 86' lang='lat' dir='ltr'>mandat</span> 
     </span>
     <span class='ocr_line' id='line_1_126' title="bbox 1179 2903 2055 2948; baseline -0.005 -9"><span class='ocrx_word' id='word_1_856' title='bbox 1179 2914 1245 2939; x_wconf 82' lang='lat' dir='ltr'>non</span> <span class='ocrx_word' id='word_1_857' title='bbox 1259 2903 1388 2940; x_wconf 79' lang='lat' dir='ltr'>admitti</span> <span class='ocrx_word' id='word_1_858' title='bbox 1398 2903 1441 2940; x_wconf 77' lang='lat' dir='ltr'>ad</span> <span class='ocrx_word' id='word_1_859' title='bbox 1463 2907 1760 2947; x_wconf 81' lang='lat' dir='ltr'>communionem,</span> <span class='ocrx_word' id='word_1_860' title='bbox 1789 2906 1862 2948; x_wconf 76' lang='lat' dir='ltr'>Nisi</span> <span class='ocrx_word' id='word_1_861' title='bbox 1879 2907 1996 2946; x_wconf 86' lang='lat' dir='ltr'>culpam</span> <span class='ocrx_word' id='word_1_862' title='bbox 2009 2903 2055 2947; x_wconf 83' lang='lat' dir='ltr'>se-</span> 
     </span>
     <span class='ocr_line' id='line_1_127' title="bbox 1177 2952 2209 3000; baseline 0.001 -10"><span class='ocrx_word' id='word_1_863' title='bbox 1177 2955 1367 2997; x_wconf 80' lang='lat' dir='ltr'>questratione</span> <span class='ocrx_word' id='word_1_864' title='bbox 1374 2952 1535 2997; x_wconf 73' lang='lat' dir='ltr'>sanarint.</span> <span class='ocrx_word' id='word_1_865' title='bbox 1559 2956 1611 2990; x_wconf 89' lang='lat' dir='ltr'>De</span> <span class='ocrx_word' id='word_1_866' title='bbox 1624 2957 1757 2999; x_wconf 83' lang='lat' dir='ltr'>lapsisin</span> <span class='ocrx_word' id='word_1_867' title='bbox 1770 2955 1922 2998; x_wconf 87' lang='lat' dir='ltr'>conjugia</span> <span class='ocrx_word' id='word_1_868' title='bbox 1934 2954 2055 2989; x_wconf 66' lang='lat' dir='ltr'>Mona·</span> <span class='ocrx_word' id='word_1_869' title='bbox 2073 2962 2144 3000; x_wconf 78' lang='lat' dir='ltr'>Cap.</span> <span class='ocrx_word' id='word_1_870' title='bbox 2164 2973 2209 3000; x_wconf 85' lang='lat'>¹9·</span> 
     </span>
     <span class='ocr_line' id='line_1_128' title="bbox 1176 3003 2210 3045; baseline 0.002 -7"><span class='ocrx_word' id='word_1_871' title='bbox 1176 3004 1248 3040; x_wconf 87' lang='lat' dir='ltr'>chis</span> <span class='ocrx_word' id='word_1_872' title='bbox 1265 3005 1374 3040; x_wconf 84' lang='lat' dir='ltr'>statuit</span> <span class='ocrx_word' id='word_1_873' title='bbox 1387 3005 1525 3039; x_wconf 79' lang='lat' dir='ltr'>secunda</span> <span class='ocrx_word' id='word_1_874' title='bbox 1533 3006 1736 3045; x_wconf 81' lang='lat' dir='ltr'>Turonensis</span> <span class='ocrx_word' id='word_1_875' title='bbox 1747 3019 1758 3039; x_wconf 87' lang='grc'>.·</span> <span class='ocrx_word' id='word_1_876' title='bbox 1784 3003 1836 3037; x_wconf 73' lang='grc' dir='ltr'>Βε’</span> <span class='ocrx_word' id='word_1_877' title='bbox 1850 3008 1951 3037; x_wconf 75' lang='lat' dir='ltr'>uxorls</span> <span class='ocrx_word' id='word_1_878' title='bbox 1963 3006 2055 3038; x_wconf 84' lang='lat' dir='ltr'>male-</span> <span class='ocrx_word' id='word_1_879' title='bbox 2070 3003 2145 3040; x_wconf 58' lang='lat' dir='ltr'>„Cap-</span> <span class='ocrx_word' id='word_1_880' title='bbox 2167 3014 2210 3040; x_wconf 84' lang='lat'>15·</span> 
     </span>
     <span class='ocr_line' id='line_1_129' title="bbox 1171 3052 2052 3102; baseline 0 -14"><span class='ocrx_word' id='word_1_881' title='bbox 1171 3054 1281 3098; x_wconf 73' lang='lat' dir='ltr'>sociato</span> <span class='ocrx_word' id='word_1_882' title='bbox 1291 3054 1429 3099; x_wconf 69' lang='lat' dir='ltr'>consortio</span> <span class='ocrx_word' id='word_1_883' title='bbox 1439 3061 1531 3089; x_wconf 84' lang='lat' dir='ltr'>etiam</span> <span class='ocrx_word' id='word_1_884' title='bbox 1539 3057 1570 3099; x_wconf 92' lang='lat' dir='ltr'><em>J</em></span> <span class='ocrx_word' id='word_1_885' title='bbox 1571 3058 1668 3090; x_wconf 79' lang='lat' dir='ltr'>udicis</span> <span class='ocrx_word' id='word_1_886' title='bbox 1682 3052 1981 3102; x_wconf 65' lang='lat' dir='ltr'>,auxilioseparemttr</span> <span class='ocrx_word' id='word_1_887' title='bbox 1992 3078 1999 3086; x_wconf 94' lang='lat'>.</span> <span class='ocrx_word' id='word_1_888' title='bbox 2012 3053 2052 3088; x_wconf 85' lang='lat' dir='ltr'>ld</span> 
     </span>
     <span class='ocr_line' id='line_1_130' title="bbox 1178 3102 2052 3149; baseline 0 -11"><span class='ocrx_word' id='word_1_889' title='bbox 1178 3106 1282 3149; x_wconf 88' lang='lat' dir='ltr'>ipsum</span> <span class='ocrx_word' id='word_1_890' title='bbox 1292 3102 1472 3140; x_wconf 77' lang='lat' dir='ltr'>ex&#39;taudata</span> <span class='ocrx_word' id='word_1_891' title='bbox 1485 3105 1648 3147; x_wconf 84' lang='lat' dir='ltr'>Joviniani</span> <span class='ocrx_word' id='word_1_892' title='bbox 1672 3103 1879 3147; x_wconf 75' lang='lat' dir='ltr'>Imperatoris</span> <span class='ocrx_word' id='word_1_893' title='bbox 1902 3103 1974 3149; x_wconf 81' lang='lat' dir='ltr'>lege</span> <span class='ocrx_word' id='word_1_894' title='bbox 1993 3104 2052 3138; x_wconf 87' lang='lat' dir='ltr'>sta-</span> 
     </span>
     <span class='ocr_line' id='line_1_131' title="bbox 1177 3152 2051 3198; baseline -0.001 -9"><span class='ocrx_word' id='word_1_895' title='bbox 1177 3155 1241 3189; x_wconf 86' lang='lat' dir='ltr'>tuit</span> <span class='ocrx_word' id='word_1_896' title='bbox 1250 3155 1392 3189; x_wconf 86' lang='lat' dir='ltr'>desacris</span> <span class='ocrx_word' id='word_1_897' title='bbox 1415 3154 1595 3198; x_wconf 83' lang='lat' dir='ltr'>virginibus</span> <span class='ocrx_word' id='word_1_898' title='bbox 1617 3154 1651 3187; x_wconf 87' lang='lat'>&amp;</span> <span class='ocrx_word' id='word_1_899' title='bbox 1675 3152 1801 3195; x_wconf 84' lang='lat' dir='ltr'>viduis,</span> <span class='ocrx_word' id='word_1_900' title='bbox 1820 3164 1918 3195; x_wconf 86' lang='lat' dir='ltr'>atque</span> <span class='ocrx_word' id='word_1_901' title='bbox 1938 3153 2051 3196; x_wconf 76' lang='lat' dir='ltr'>adjun-</span> 
     </span>
     <span class='ocr_line' id='line_1_132' title="bbox 1178 3201 2049 3250; baseline -0.002 -12"><span class='ocrx_word' id='word_1_902' title='bbox 1178 3206 1227 3250; x_wconf 90' lang='lat' dir='ltr'>git</span> <span class='ocrx_word' id='word_1_903' title='bbox 1238 3218 1245 3237; x_wconf 84' lang='lat'>:</span> <span class='ocrx_word' id='word_1_904' title='bbox 1260 3208 1289 3237; x_wconf 88' lang='lat' dir='ltr'><strong><em>E</em></strong></span> <span class='ocrx_word' id='word_1_905' title='bbox 1292 3205 1452 3237; x_wconf 80' lang='lat' dir='ltr'>xclua&#39;atur</span> <span class='ocrx_word' id='word_1_906' title='bbox 1459 3201 1656 3246; x_wconf 73' lang='lat' dir='ltr'>excusationis</span> <span class='ocrx_word' id='word_1_907' title='bbox 1663 3204 1851 3243; x_wconf 70' lang='lat' dir='ltr'>adinventio,</span> <span class='ocrx_word' id='word_1_908' title='bbox 1862 3215 1953 3246; x_wconf 83' lang='lat' dir='ltr'>quam</span> <span class='ocrx_word' id='word_1_909' title='bbox 1963 3204 2049 3237; x_wconf 63' lang='lat' dir='ltr'>moda</span> 
     </span>
     <span class='ocr_line' id='line_1_133' title="bbox 1180 3250 2048 3297; baseline -0.002 -10"><span class='ocrx_word' id='word_1_910' title='bbox 1180 3256 1286 3297; x_wconf 78' lang='lat' dir='ltr'>aliquae</span> <span class='ocrx_word' id='word_1_911' title='bbox 1297 3256 1392 3287; x_wconf 67' lang='lat' dir='ltr'>dicere</span> <span class='ocrx_word' id='word_1_912' title='bbox 1408 3250 1614 3292; x_wconf 65' lang='lat' dir='ltr'>meditabitur,</span> <span class='ocrx_word' id='word_1_913' title='bbox 1636 3255 1721 3294; x_wconf 81' lang='lat' dir='ltr'>quod</span> <span class='ocrx_word' id='word_1_914' title='bbox 1736 3250 1897 3296; x_wconf 70' lang='lat' dir='ltr'>propter-&#39;ea</span> <span class='ocrx_word' id='word_1_915' title='bbox 1916 3252 1949 3297; x_wconf 65' lang='lat' dir='ltr'>J}</span> <span class='ocrx_word' id='word_1_916' title='bbox 1969 3253 2048 3294; x_wconf 79' lang='lat' dir='ltr'>veste</span> 
     </span>
     <span class='ocr_line' id='line_1_134' title="bbox 1180 3301 2203 3352; baseline 0 -16"><span class='ocrx_word' id='word_1_917' title='bbox 1180 3308 1325 3338; x_wconf 76' lang='lat' dir='ltr'>mutarint</span> <span class='ocrx_word' id='word_1_918' title='bbox 1344 3327 1354 3343; x_wconf 89' lang='lat'><em>,</em></span> <span class='ocrx_word' id='word_1_919' title='bbox 1381 3313 1418 3335; x_wconf 85' lang='lat' dir='ltr'>ne</span> <span class='ocrx_word' id='word_1_920' title='bbox 1437 3313 1491 3335; x_wconf 85' lang='lat' dir='ltr'>eas</span> <span class='ocrx_word' id='word_1_921' title='bbox 1511 3301 1665 3348; x_wconf 64' lang='lat' dir='ltr'>,inferiores</span> <span class='ocrx_word' id='word_1_922' title='bbox 1687 3302 1823 3347; x_wconf 65' lang='lat' dir='ltr'>persiana</span> <span class='ocrx_word' id='word_1_923' title='bbox 1844 3305 2026 3339; x_wconf 83' lang='lat' dir='ltr'>macularent</span> <span class='ocrx_word' id='word_1_924' title='bbox 2038 3327 2048 3338; x_wconf 14' lang='grc' dir='ltr'>Α.</span> <span class='ocrx_word' id='word_1_925' title='bbox 2064 3311 2138 3352; x_wconf 62' lang='lat' dir='ltr'>Cap,</span> <span class='ocrx_word' id='word_1_926' title='bbox 2153 3323 2203 3345; x_wconf 54' lang='grc' dir='ltr'>ω,</span> 
     </span>
     <span class='ocr_line' id='line_1_135' title="bbox 1182 3350 2047 3398; baseline -0.003 -11"><span class='ocrx_word' id='word_1_927' title='bbox 1182 3359 1267 3387; x_wconf 91' lang='lat' dir='ltr'>Nam</span> <span class='ocrx_word' id='word_1_928' title='bbox 1279 3363 1346 3395; x_wconf 84' lang='lat' dir='ltr'>quae</span> <span class='ocrx_word' id='word_1_929' title='bbox 1353 3350 1385 3394; x_wconf 83' lang='lat' dir='ltr'>se</span> <span class='ocrx_word' id='word_1_930' title='bbox 1397 3351 1472 3392; x_wconf 84' lang='lat' dir='ltr'>veste</span> <span class='ocrx_word' id='word_1_931' title='bbox 1484 3359 1647 3387; x_wconf 73' lang='lat' dir='ltr'>mutaverit</span> <span class='ocrx_word' id='word_1_932' title='bbox 1659 3377 1668 3393; x_wconf 91' lang='lat'>,</span> <span class='ocrx_word' id='word_1_933' title='bbox 1693 3353 1799 3398; x_wconf 83' lang='lat' dir='ltr'>absque</span> <span class='ocrx_word' id='word_1_934' title='bbox 1814 3355 1879 3387; x_wconf 85' lang='lat' dir='ltr'>dolo</span> <span class='ocrx_word' id='word_1_935' title='bbox 1886 3359 1919 3387; x_wconf 78' lang='lat' dir='ltr'>in</span> <span class='ocrx_word' id='word_1_936' title='bbox 1929 3365 1961 3388; x_wconf 86' lang='lat' dir='ltr'>eo</span> <span class='ocrx_word' id='word_1_937' title='bbox 1979 3362 2047 3396; x_wconf 84' lang='lat' dir='ltr'>pro·</span> 
     </span>
    </p>
   </div>
   <div class='ocr_carea' id='block_1_12' title="bbox 245 3387 2049 3448">
    <p class='ocr_par' dir='ltr' id='par_1_14' title="bbox 245 3387 2049 3448">
     <span class='ocr_line' id='line_1_136' title="bbox 245 3387 2049 3448; baseline 0.006 -22"><span class='ocrx_word' id='word_1_938' title='bbox 245 3387 428 3434; x_wconf 74' lang='lat' dir='ltr'>:Apostolus</span> <span class='ocrx_word' id='word_1_939' title='bbox 448 3391 570 3428; x_wconf 83' lang='lat' dir='ltr'>Paulus</span> <span class='ocrx_word' id='word_1_940' title='bbox 591 3417 603 3434; x_wconf 88' lang='lat'>,</span> <span class='ocrx_word' id='word_1_941' title='bbox 624 3394 708 3432; x_wconf 81' lang='lat' dir='ltr'>dum</span> <span class='ocrx_word' id='word_1_942' title='bbox 730 3396 814 3433; x_wconf 85' lang='lat' dir='ltr'>solas</span> <span class='ocrx_word' id='word_1_943' title='bbox 835 3398 1001 3443; x_wconf 81' lang='lat' dir='ltr'>sexaginta</span> <span class='ocrx_word' id='word_1_944' title='bbox 1021 3411 1120 3436; x_wconf 83' lang='lat' dir='ltr'>anno·</span> <span class='ocrx_word' id='word_1_945' title='bbox 1161 3440 1163 3443; x_wconf 6' lang='lat' dir='ltr'>p</span> <span class='ocrx_word' id='word_1_946' title='bbox 1176 3402 1285 3446; x_wconf 74' lang='lat' dir='ltr'>pastro,</span> <span class='ocrx_word' id='word_1_947' title='bbox 1309 3403 1390 3446; x_wconf 74' lang='lat' dir='ltr'>quod</span> <span class='ocrx_word' id='word_1_948' title='bbox 1399 3400 1562 3446; x_wconf 67' lang='lat' dir='ltr'>dispositu,</span> <span class='ocrx_word' id='word_1_949' title='bbox 1582 3402 1776 3447; x_wconf 82' lang='lat' dir='ltr'>perseverare</span> <span class='ocrx_word' id='word_1_950' title='bbox 1781 3412 1936 3448; x_wconf 82' lang='lat' dir='ltr'>procuret.</span> <span class='ocrx_word' id='word_1_951' title='bbox 1964 3402 2049 3436; x_wconf 75' lang='lat' dir='ltr'>Illud</span> 
     </span>
    </p>
   </div>
   <div class='ocr_carea' id='block_1_13' title="bbox 1928 3461 1997 3485">
    <p class='ocr_par' dir='ltr' id='par_1_15' title="bbox 1928 3461 1997 3485">
     <span class='ocr_line' id='line_1_137' title="bbox 1928 3461 1997 3485; baseline -0.029 0"><span class='ocrx_word' id='word_1_952' title='bbox 1928 3461 1997 3485; x_wconf 69' lang='grc' dir='ltr'>’0Ηο</span> 
     </span>
    </p>
   </div>
  </div>
 </body>
</html>
