2352 3736
469 112 563 149 'nn
633 101 673 148 S.
744 103 1080 148 LEONIS

225 197 316 233 ptum
338 186 445 219 firmat
468 184 502 219 in
515 184 683 219 canonicis
693 183 868 228 Responfis
879 184 1035 218 succeflbr
1045 181 1107 217 ‘ri-

224 235 389 273 motheus.
421 234 630 269 Immundam
654 234 823 273 mulierem
845 233 1016 277 respondet
1036 243 1104 271 non

224 285 455 330 baptizandam
471 307 483 325 ,
507 284 542 318 &
556 285 662 330 pergit
682 285 724 320 de
737 284 852 325 fideli:
878 287 910 318 si
929 285 1034 318 mulier
1051 281 1106 325 fibi

223 336 353 379 accidiffe
372 336 488 368 viderit
509 337 590 378 quod
616 333 690 378 ‘solet
708 334 879 370 mulieribus
891 358 902 374 ,
929 333 1109 367 debetnead

219 384 325 429 fhndla
345 383 480 426 Mffleria
499 386 651 427 accedere,
677 397 719 419 an
742 396 801 418 mn
822 385 835 418 ?
860 382 1032 427 Respondeo
1049 394 1105 416 non

224 436 347 471 debere.
375 435 420 469 Et
442 434 484 469 de
506 445 659 479 puerpera
683 459 695 476 ‚
720 434 814 478 cujus
835 434 941 477 proles
961 433 1007 468 ob
1033 433 1106 475 vita,

222 486 404 530 periculum
426 481 803 530 ante'quadrage'simum
838 482 926 519 diem
948 482 1104 527 baptizari

222 536 340 570 debuit
349 560 360 576 ,
386 535 541 578 rescripsit
552 535 685 577 Sanstus
701 531 909 577 Nicephorus
921 530 1104 567 Patriarcha

223 584 634 628 Constantinopolitanus:
660 585 728 618 Alia
748 586 850 618 mulier
860 585 973 617 munda
997 583 1032 616 ό·
1054 581 1103 615 ba-

218 641 358 678 ptizata
354 634 478 668 iuuabit
484 642 633 678 puerum
659 642 755 668 mater
766 644 867 668 autem
889 633 974 675 ipsius
994 624 1104 673 cubicu-

223 687 286 719 lum
305 697 364 719 non
386 685 588 728 ingredietur,
613 690 647 717 in
670 696 726 726 quo
744 692 820 733 puer
833 686 939 734 jacet,
969 679 1108 725 usquead

221 733 475 779 quadragefirnum
489 735 568 768 diem
579 759 589 775 ‚
616 736 689 767 dum
698 742 833 778 purgata
853 733 966 776 integr?
978 730 1078 773 fuerit
1093 756 1103 772 ,

223 782 369 826 &preces
390 785 411 824 ,ἃ
426 785 578 818 sacerdote
598 790 784 827 impetraritt
810 788 878 816 Nec
900 783 1015 825 omnino
1036 790 1094 823 pue

222 845 288 868 rum
301 841 450 878 attinget.
477 834 548 881 Qi
563 833 739 877 proscripsit
764 832 782 866 a
795 830 950 875 baptizari
972 830 1032 865 filii
1053 842 1105 866 cu-

222 884 356 924 biculo,
379 879 481 929 longe
504 882 613 917 minus
635 882 776 925 permisit
802 882 978 927 ingressum
995 882 1104 916 Eccle

222 934 291 968 fiae.
319 936 403 980 Qae
422 933 534 970 omnia
559 931 594 965 in
608 931 740 965 novella
760 930 799 975 ad
812 933 942 969 fratrem
953 932 1045 964 suum
1072 932 1105 965 ὅ(

222 982 444 1023 Patriarcham
457 979 656 1034 Stephanum
670 981 742 1026 lege
753 971 962 1025 confirmavit
981 972 1104 1024 sapiens

221 1034 403 1075 Imperator
419 1032 509 1065 Leo.
536 1029 640 1073 Porro
651 1023 848 1075 menstruam
862 1022 1103 1065 immunditiem

220 1082 338 1116 durare
358 1082 399 1116 ad
422 1070 509 1115 solos
533 1082 651 1125 septem
671 1080 771 1125 dies,
796 1081 878 1116 reste
899 1081 1078 1115 observat
1070 1094 1102 1115 in

220 1131 460 1167 commentario
471 1130 510 1164 ad
522 1123 692 1166 laudatum
704 1133 817 1177 magni
830 1131 986 1176 Dionyssi
998 1131 1127 1172 Cano-

221 1193 300 1217 nem
310 1180 513 1225 Theodorus
536 1180 730 1216 Balsamon.

272 1233 318 1266 Et
330 1232 455 1277 pergit:
484 1235 555 1265 Haec
579 1242 642 1264 cum
667 1223 794 1276 dntsses
815 1232 997 1277 definierit,
1024 1233 1104 1267 vide·

222 1294 290 1318 mus
303 1281 409 1324 bodie,
434 1283 468 1316 &¹
479 1284 610 1325 maxime*
619 1286 651 1316 in
661 1283 813 1316 mulierum
825 1284 1028 1326 monasteriis,
1040 1294 1103 1316 mu-

223 1335 310 1367 lieres
318 1330 420 1376 secure
426 1332 505 1373 stare
516 1338 546 1366 in
560 1334 733 1375 templorum
746 1334 898 1374 vestibulis
911 1359 922 1375 ,
948 1345 1015 1377 quae
1033 1331 1104 1377 san·-

222 1383 282 1416 ἄιε
304 1387 400 1416 omnis
417 1388 531 1426 generis
546 1383 726 1427 imaginibus
743 1394 910 1426 exornata,
935 1386 968 1418 ὃ·
981 1385 1025 1417 ad
1044 1387 1101 1417 Dei

222 1432 344 1466 laudem
352 1434 498 1475 deputata
504 1431 576 1476 fient
588 1457 596 1465 .
624 1437 670 1466 Et
681 1445 746 1468 cum
757 1441 973 1478 interrogamus
985 1459 996 1475 ,
1023 1436 1103 1477 ,Quo-

222 1483 308 1516 modo
317 1482 435 1526 bocfiat
443 1508 454 1524 ‚
466 1484 607 1525 audimus
619 1495 670 1518 eas
681 1494 739 1517 non
749 1484 800 1528 effe
809 1490 841 1518 in
851 1483 976 1527 Ecclefia
987 1509 994 1516 .
1010 1484 1106 1526 ‚Quod

222 1532 306 1566 nobis
312 1544 373 1567 non
384 1539 430 1567 ita
440 1535 561 1567 videtur
569 1559 576 1566 .
604 1533 752 1577 Vestibula
763 1541 843 1576 enlm
855 1546 912 1567 non
938 1530 1016 1576 sunt
1030 1543 1104 1565 com-

223 1589 330 1617 munia
339 1608 351 1624 ,
366 1591 400 1617 ut
409 1583 601 1625 Ecclefiarum
612 1589 714 1621 atria,
723 1582 857 1628 j'edficnt
866 1590 945 1623 pars
960 1580 1104 1623 ipsarum,

222 1633 399 1666 mulieribus
418 1632 566 1674 attributa
578 1654 591 1671 ,
616 1640 682 1672 quae
702 1635 735 1663 in
756 1629 882 1673 Ecclefia
904 1629 1021 1673 versari
1045 1642 1103 1662 non

218 1680 434 1723 probibentun
459 1681 553 1723 ,Quod
561 1681 679 1724 quidem
690 1678 862 1719 vestibulum
871 1678 909 1717 est
921 1679 1000 1710 Iocus
1008 1684 1103 1718 poeni-

220 1735 327 1765 tentiae
338 1754 350 1770 ,
375 1735 427 1772 qui
438 1731 547 1764 dicitur
559 1729 769 1766 Audientium‚
795 1728 829 1770 ψ
839 1733 873 1769 in
889 1725 951 1769 ipsi»
964 1738 1000 1760 ne
1024 1732 1104 1769 viris

219 1779 339 1824 quidem
342 1778 424 1820 stare
438 1783 642 1820 permittimus
655 1802 665 1818 ,
691 1778 799 1820 quibus
830 1775 963 1819 impolita
985 1775 1022 1815 est
1042 1785 1104 1819 pce-

219 1840 263 1863 na
274 1854 286 1871 ,
311 1840 347 1863 ne
356 1835 389 1862 ia
400 1826 522 1868 Ecclefia
532 1827 711 1871 versentur,
730 1825 790 1870 fid
797 1829 886 1867 extra
896 1825 994 1869 ipsum
1019 1827 1104 1867 defle-

220 1890 271 1913 re.
298 1883 422 1922 oportet
440 1890 507 1922 ergo
529 1876 669 1921 ejusmodi
693 1879 774 1916 loca,
798 1882 832 1910 in
856 1875 962 1920 quibus
983 1876 1103 1919 stabunt

219 1928 384 1963 'immundae
400 1930 535 1961 mulieres
547 1952 558 1968 ,
583 1926 777 1968 Ecclefiarum
787 1928 843 1960 loco
852 1926 962 1960 direcqo
982 1939 1040 1960 non
1049 1932 1103 1960 im-

217 1979 315 2021 plere‚
345 1980 399 2012 vel
407 1983 502 2013 etiam
516 1989 581 2011 cum
593 1975 765 2020 Episcopali
775 1977 952 2018 permtffione
960 1975 1103 2020 ejusmodi

221 2030 282 2062 loca
289 2026 433 2071 separare
442 2052 453 2068 ,
478 2035 512 2059 ut
522 2028 686 2066 immundae
696 2028 836 2060 mulieres
852 2032 884 2060 in
894 2032 936 2060 eis
938 2025 1002 2068 fine
1018 2035 1099 2068 praee

214 2078 330 2119 judicio
333 2076 411 2117 stare
415 2077 537 2119 possint.
567 2079 632 2120 Ego
644 2085 744 2110 autern
766 2078 836 2110 vidi
856 2081 945 2110 etiam
957 2075 1100 2120 ejusmodi

221 2129 374 2161 mulierem
388 2133 422 2159 in
433 2125 571 2167 vestibulo
589 2126 717 2174 stantem
728 2150 739 2167 ,
764 2128 799 2161 dt
818 2125 920 2160 arrhae
939 2132 1099 2160 orationem

219 2177 259 2210 ab
270 2176 407 2218 Antfflite
417 2182 608 2219 accipientem
617 2201 628 2218 ‚
655 2178 741 2219 quod
748 2178 866 2219 quidem
879 2174 948 2221 sum
968 2178 1103 2210 admira-

218 2236 288 2261 tur.
314 2226 372 2262 Est
401 2226 494 2269 locus
510 2227 705 2268 mendosus..
732 2227 799 2262 Pro
824 2238 924 2268 voce,
949 2227 1030 2266 loco,
1055 2227 1101 2261 vi-.

218 2277 315 2312 detur
338 2276 517 2323 legendum
531 2302 542 2319 ‚
567 2275 673 2310 bonore
693 2302 702 2310 .
728 2276 920 2312 Immundas
948 2277 1101 2317 mulieres

219 2327 291 2362 vult
300 2339 370 2362 non
383 2327 489 2362 solum
499 2327 542 2361 ab
554 2326 705 2367 Ecclefiis
717 2351 728 2367 ,
754 2328 808 2363 sed
828 2327 928 2363 etiam
947 2326 1101 2368 arcendas

219 2376 264 2411 ab
275 2377 415 2421 ipsarum
427 2376 606 2417 vestibulis,
617 2377 652 2411 δε
665 2377 886 2418 admittendas
895 2376 936 2412 ad
948 2378 1015 2412 sola
1028 2389 1099 2422 pro-

221 2426 298 2464 fana
308 2427 381 2462 loca
390 2451 401 2469 ,
412 2428 448 2462 in
459 2427 578 2471 quibus
588 2438 656 2462 non
667 2428 729 2462 sint
740 2428 831 2462 sacrae
842 2427 1000 2472 imagines
1015 2451 1024 2467 ‚
1039 2439 1099 2461 nec

222 2476 288 2511 alia
313 2477 535 2512 Ecclefiastica
552 2488 745 2513 ornamenta
757 2503 765 2512 .
793 2478 838 2511 Et
859 2476 1002 2513 maxime
1020 2477 1103 2512 indi-.

222 2535 344 2571 gnatur
363 2527 422 2561 tali
443 2527 574 2562 mulieri
593 2526 775 2568 arrhalem,
800 2529 855 2562 seu
877 2527 1099 2572 sponsalitiam

223 2574 488 2618 benedictionem
500 2578 595 2612 fuiffe
606 2578 795 2622 impensam.
812 2577 898 2618 Vult
908 2577 974 2613 haec
985 2578 1099 2613 omnia

223 2625 420 2666 reformatas
446 2626 490 2666 Et
512 2625 553 2661 ad
566 2625 651 2662 hanc
667 2628 775 2662 Marci
798 2627 1019 2662 Alexandrini
1041 2627 1099 2661 Pa-.

224 2673 373 2709 triarchae
381 2675 590 2725 quaestionem
603 2700 615 2718 ,
641 2681 751 2712 Divini
763 2682 903 2712 canones
925 2678 1101 2721 Diaconiffa-

223 2735 292 2761 rum
301 2729 507 2767 neminerunt,
531 2733 692 2769 querimus
704 2753 715 2769 ‚
739 2730 825 2770 quale
837 2727 877 2769 fit
902 2726 1032 2771 ipsarum
1046 2729 1101 2770 effi·

216 2924 472 2967 struorumautem
481 2930 649 2967 inquinatio
658 2924 849 2965 ministerium
860 2936 962 2964 earum
984 2927 1004 2958 ἆ
1017 2931 1102 2961 Divi-

225 2985 264 3008 κο
272 2974 416 3018 &fando
425 2975 517 3008 altari
527 2976 641 3017 expulit
649 2999 656 3006 .
686 2979 723 3008 In
729 2973 906 3018 sanc‘liffima
916 2984 1016 3012 autem
1024 2980 1103 3010 Con-

220 3022 493 3067 fiantinopolitanae
497 3022 582 3067 sedis
594 3022 718 3066 Ecclefia
729 3025 900 3068 Diaconissae
910 3027 1098 3068 ordinantur,

224 3072 282 3117 sed
289 3074 401 3112 nullam
410 3081 694 3115 communicationem
716 3074 825 3114 habent
835 3075 878 3109 ad
888 3077 984 3109 altare
996 3100 1003 3108 .
1031 3079 1098 3110 Mu·

227 3125 316 3158 lieres
336 3132 433 3157 autem
448 3126 618 3172 plerumque
640 3126 784 3159 inducunt
805 3131 839 3161 in
851 3124 1026 3167 Eoelfiam,
1052 3137 1102 3164 ea-

227 3183 351 3215 rumque
369 3184 546 3214 cantantum
569 3178 701 3219 dirigunt
726 3177 761 3217 ὁ·
778 3175 966 3233 gubernant.
994 3175 1098 3225 Qod

228 3222 335 3265 ipsum
349 3222 532 3259 insinuatio
546 3225 670 3265 scholio
680 3225 788 3269 quinti
810 3225 929 3260 decimi
951 3225 1101 3265 Canonis,

225 3270 518 3313 Chalcedonensis.
546 3276 590 3314 Et
611 3275 652 3310 ad
674 3275 784 3310 nescio
806 3286 903 3320 quem
925 3275 959 3310 in
980 3276 1098 3311 eodem

228 3320 513 3363 Gracc-Romano
523 3325 598 3369 Jure
608 3325 753 3363 rescribit
772 3325 887 3362 Petrus
910 3325 1100 3362 Constanti«

1149 99 1756 149 N0n11Acr1s.
1873 119 1968 166 423

1169 182 1367 225 nopolitanae
1380 182 1531 224 Ecclesia:
1543 183 1715 225 Diaconus
1739 181 2039 230 &Chartophylaxe

1166 235 1186 266 5
1187 239 1198 265 i
1211 234 1317 274 mulier
1322 242 1449 276 parturn
1459 235 1586 276 ediderit
1595 259 1607 280 ‚
1634 235 1668 276 ψ
1677 234 1799 275 quidam
1807 239 1839 274 in
1848 232 1914 276 ejus
1923 237 2040 274 domum

1166 284 1420 327 ingrefffuerint,
1443 286 1588 328 quamdiu
1603 291 1660 325 per
1671 282 1822 326 censuram
1843 286 1864 325 ᾖ
1881 291 2041 329 parm-ipa.

1168 370 1171 373 ,
1182 338 1244 367 ione
1254 334 1360 375 debent
1370 341 1462 376 arceri
1474 335 1486 369 ?
1512 333 1680 377 Resppndeo
1689 358 1700 374 ,
1726 333 1972 377 Ablutipostridie
1982 347 2042 375 non

1166 384 1341 417 arcebuntur
1352 385 1581 427 &sacramentis
1595 409 1602 416 .
1629 381 1760 427 Nempe
1781 395 1849 418 non
1871 386 1935 419 sola
1950 397 2041 430 puet-

1167 443 1262 475 pera,
1289 433 1342 476 sed
1356 434 1454 475 etiam
1478 434 1656 473 obstetrix,
1683 434 1718 474 ,δε
1738 444 1855 469 omnes
1874 435 2041 478 puerperio

1166 481 1345 527 cooperarae
1370 494 1426 518 aut
1437 485 1604 528 praesentes
1615 482 1765 517 mulieres
1775 494 1866 518 erant
1891 486 1977 527 quasi
1997 497 2040 521 ex

1167 531 1324 577 contagio
1336 533 1535 577 immmdae,
1562 531 1733 578 dequibus
1752 533 1844 568 addit
1864 534 2042 577 Matthaeus

1167 582 1334 623 Blastaris:
1362 584 1423 625 sed
1446 584 1481 618 ὀ·
1498 585 1573 617 tales
1584 589 1616 616 in
1620 582 1763 626 praefientt'
1773 595 1826 617 non
1842 583 1936 627 solum
1947 585 1985 617 ab
1997 587 2043 619 al-

1166 637 1248 672 tari,
1274 637 1306 666 in
1326 635 1405 675 quod
1427 634 1494 675 olim
1508 633 1565 675 sas
1577 642 1642 667 erat
1653 639 1698 668 eis
1709 635 1842 667 accedere
1854 659 1864 674 ,
1886 633 1945 677 sed
1967 636 2001 669 ὦ·
2019 636 2041 674 ,ἁ

1165 682 1271 723 templo
1298 683 1484 726 eliminantur
1503 682 1642 725 penitus.
1670 683 1713 725 Et
1740 682 1820 726 hinc
1850 684 2041 727 Graecorum

1167 730 1401 776 Euchologion
1425 728 1522 775 lubet
1534 730 1630 773 hosce
1640 731 1773 773 titulos:
1801 738 1906 773 Oratio
1923 739 1956 774 in
1978 747 2042 769 mu·

1163 782 1265 820 lierem
1271 789 1450 824 puerperam
1459 803 1470 820 ‚
1491 787 1590 823 primo
1601 782 1650 821 die
1657 789 1769 822 partus
1789 783 1916 823 dicenda
1931 808 1938 815 .
1964 786 2043 818 Alte-

1165 843 1201 864 ra
1218 838 1275 872 pro
1293 832 1461 874 mulieribus
1483 831 1671 872 adstantibus
1692 832 1835 864 dicenda.
1865 831 1909 866 Et
1922 832 1956 866 in
1982 832 2043 873 hac

1152 880 1318 925 'Sacerdos
1328 892 1474 925 precatur
1487 882 1673 915 Dominum
1691 882 1823 916 Deum:
1852 883 1982 915 Benedic
2007 884 2043 917 <it

1161 929 1312 973 sanc‘lifica
1318 930 1483 975 pra-sentes
1493 939 1562 965 tuas
1572 932 1719 973 ancillas,
1741 937 1850 974 partui
1862 933 1976 966 ancillae
1998 931 2045 976 as·

1159 980 1309 1023 fistentes,
1335 990 1369 1015 ut
1378 984 1538 1024 inculpatae
1557 978 1697 1025 [anaqam
1721 990 1805 1016 tuam
1827 981 1982 1024 Ecclesiam
2002 988 2045 1015 in-

1166 1040 1267 1071 trent,
1295 1030 1450 1076 &fandis
1460 1038 1518 1064 ruis
1549 1033 1792 1066 &immaculatis
1814 1031 1949 1072 mysteriis
1969 1042 2047 1075 par->

1166 1087 1288 1123 ticipcnt
1309 1106 1316 1113 .
1345 1082 1505 1117 Proximo
1531 1082 1585 1126 die
1609 1093 1757 1125 poterant
1782 1082 1826 1116 fic
1850 1083 2048 1128 expurgari.

1165 1132 1277 1179 Qam
1287 1142 1424 1166 omnem
1433 1131 1640 1175 disciplinam
1653 1133 1832 1167 etiamnum
1845 1132 1945 1166 hodie
1957 1132 2046 1177 apud.

1166 1182 1295 1226 Graicos
1311 1182 1420 1227 vigere
1428 1182 1565 1225 affirmat
1577 1182 1610 1223 in
1627 1181 1830 1227 Euchologii
1842 1179 1974 1216 scholiis
1994 1183 2049 1225 Jo-

1166 1242 1265 1266 annes
1277 1231 1368 1275 Goar
1383 1244 1390 1265 :
1418 1237 1578 1276 Corporum
1587 1234 1765 1275 munditiem
1777 1243 1879 1267 tamen
1891 1237 2048 1275 requirunt

1167 1284 1264 1315 Graeci
1275 1287 1308 1315 in
1319 1281 1451 1324 Ecclefiis
1463 1283 1478 1324 ,'
1499 1291 1532 1316 ut
1543 1284 1564 1324 ᾇ
1575 1291 1668 1325 partu
1682 1285 1803 1326 necdum
1813 1291 1963 1326 purgatas
1984 1294 2051 1316 mu-

1166 1333 1253 1366 lieres
1266 1332 1305 1366 ab
1321 1334 1441 1376 illarum
1453 1332 1575 1377 ingreffu
1585 1343 1712 1367 arceant
1722 1360 1733 1375 ,
1760 1326 2050 1373 &menstruisfluen-

1167 1382 1247 1415 tibus
1255 1388 1424 1426 inquinatae
1437 1408 1447 1423 ,
1474 1384 1577 1426 rubore
1599 1392 1783 1426 contempto,
1809 1382 1980 1426 conscientia
2002 1394 2053 1416 ur·

1161 1442 1249 1475 gente
1262 1457 1273 1474 ,
1293 1431 1410 1476 ftipsas
1422 1432 1507 1466 bodie
1524 1435 1681 1475 eliminent
1691 1458 1702 1473 ‚
1713 1432 1834 1475 'panem
1843 1443 1899 1475 pro
1911 1434 2052 1466 oblatione

1162 1481 1282 1525 pinsere
1306 1483 1508 1524 detrec‘lent,
1532 1483 1588 1527 sed
1610 1486 1644 1518 Θ·
1671 1486 1762 1518 Sacra
1780 1490 1890 1526 quavis
1912 1492 2053 1527 tangere,

1167 1531 1366 1574 reliquiasque
1377 1531 1532 1573 deoftulari
1549 1543 1719 1566 vereantur.
1748 1535 1816 1566 Illis
1821 1533 1903 1576 satis
1914 1532 1951 1572 est
1956 1534 2054 1574 juxta

1168 1581 1275 1613 limina
1296 1580 1377 1624 foris
1398 1578 1456 1623 sub
1482 1581 1531 1613 dio
1555 1582 1645 1615 oculis
1673 1581 1890 1624 transeuntium
1910 1579 2055 1641 expofitas

1161 1630 1265 1669 stare.

1166 1672 1173 1678 ‘
1219 1676 1344 1711 Eadem
1364 1677 1537 1722 disciplina
1563 1681 1645 1715 olim
1667 1681 1778 1725 viguit
1802 1683 1838 1715 in
1863 1680 2054 1726 quibusdam

1169 1727 1299 1768 Latinis
1322 1725 1502 1770 Ecclesiis.
1529 1730 1634 1765 Lucet
1655 1742 1695 1764 ex
1717 1731 1923 1774 quaestione,
1953 1742 2054 1775 quarn

1169 1778 1301 1822 Magno
1318 1777 1482 1823 Gregorio
1495 1781 1610 1814 retulit
1621 1781 1755 1814 Sanctus
1768 1780 1971 1825 Augustinus
1985 1779 2056 1814 An

1169 1827 1299 1872 giorum
1323 1828 1534 1872 Episcopus:
1562 1831 1668 1862 Mulier
1691 1854 1701 1870 ,
1722 1829 1877 1872 postquam
1893 1835 2056 1873 genuerit,

1158 1877 1220 1920 post
1234 1886 1381 1919 quantum
1421 1886 1533 1920 tempus
1548 1880 1628 1921 pofflt
1654 1878 1812 1920 Ecclesiam
1834 1881 1973 1913 intrare?
2000 1884 2058 1913 Aut

1155 1924 1339 1970 fimenstrua
1361 1926 1564 1971 consuetudine
1587 1938 1726 1969 tenetur,
1754 1933 1800 1961 An
1839 1929 1993 1970 Ecclefiam
2030 1935 2058 1962 ei

1162 1982 1275 2010 intrare
1283 1977 1390 2016 liceat,
1410 1987 1462 2011 aut
1486 1975 1582 2021 sacrae
1595 1982 1817 2017 Communionis
1829 1981 2056 2012 sacramentum

1158 2029 1333 2070 percipere?
1359 2028 1402 2061 Et
1416 2027 1566 2069 laudatus
1579 2027 1739 2062 Pontifex
1762 2028 1946 2071 respondit:
1975 2032 2054 2065 Cum

1161 2083 1253 2112 enixa
1269 2075 1368 2118 fuerit
1382 2077 1492 2111 mulier
1505 2102 1515 2118 ,
1539 2078 1600 2120 post
1611 2089 1681 2120 quot
1696 2079 1762 2112 dies
1773 2079 1880 2112 debeat
1894 2078 2053 2121 Ecclefiam

1160 2133 1276 2168 intrare
1311 2151 1322 2166 ,
1348 2126 1512 2166 testamenti
1534 2134 1646 2162 veteris
1670 2135 1867 2171 praeceptione
1904 2128 2055 2170 didicisti,

1160 2187 1193 2211 ut
1201 2185 1258 2219 pro
1268 2174 1392 2220 masculo
1415 2183 1541 2221 trlginta
1567 2178 1686 2219 tribus,
1710 2187 1766 2220 pro
1770 2178 1905 2220 flemina
1929 2181 2000 2212 vero
2008 2178 2055 2222 sc-

1162 2232 1291 2271 xaginta
1307 2225 1364 2270 sex
1387 2228 1491 2262 diebus
1512 2227 1615 2262 debeat
1638 2227 1781 2267 abstinere
1797 2253 1805 2261 .
1837 2230 1931 2272 ‚Quod
1953 2238 2056 2263 tamen

1157 2275 1310 2321 sciendum
1331 2276 1369 2317 est
1382 2302 1393 2317 ,
1420 2283 1492 2321 quia
1519 2284 1552 2312 in
1573 2278 1697 2318 mysterio
1718 2284 1862 2321 accipitur·
1890 2305 1896 2311 .
1927 2284 2015 2312 Nam
2029 2278 2059 2320 fi

1160 2328 1262 2360 eadem
1286 2326 1359 2361 bora
1382 2352 1393 2368 ‚
1420 2340 1481 2371 qua
1497 2335 1639 2372 genuerit
1655 2353 1665 2369 ,
1691 2329 1795 2362 adura
1817 2335 1937 2373 gratias
1959 2335 2054 2363 intrat

1162 2375 1341 2419 Ecclesiam,
1352 2379 1548 2420 nullopeccati
1569 2380 1697 2421 pondere
1701 2388 1874 2423 gravatur.
1904 2380 2052 2421 Voluptas

1161 2433 1240 2460 enim
1249 2433 1350 2461 carnis
1364 2452 1375 2469 ,
1403 2439 1460 2461 non
1471 2429 1551 2470 dolor
1562 2428 1601 2469 est
1614 2436 1647 2462 in
1658 2430 1744 2470 culpa
1759 2455 1765 2462 .
1794 2434 1830 2461 ln
1842 2435 1942 2463 carnis
1957 2437 2055 2463 autem

1160 2483 1361 2513 commixtione
1372 2479 1513 2521 voluptas
1524 2478 1562 2519 est
1583 2504 1594 2520 ,
1616 2484 1649 2511 in
1657 2481 1753 2521 prolis
1765 2483 1838 2513 vero
1850 2488 1960 2522 partus
1973 2481 2053 2512 dolor·

1161 2529 1345 2571 &gemitus⁴
1372 2531 1403 2561 si
1426 2534 1528 2571 itaque
1549 2535 1675 2570 enixam
1685 2532 1835 2563 mulierem
1863 2529 2054 2570 probibemus

1161 2576 1321 2619 Ecclefiam
1339 2577 1486 2621 intrare3'
1501 2576 1595 2621 ipsam
1616 2585 1643 2612 ei
1652 2587 1775 2620 poenam
1786 2577 1876 2621 suam
1891 2587 1924 2612 in
1938 2580 2055 2620 culpam

1160 2627 1336 2668 deputamus
1347 2652 1354 2660 ,
1391 2628 1434 2662 Et
1448 2627 1553 2670 infraq
1582 2629 1692 2663 Mulier
1707 2630 1779 2667 dum
1791 2640 1829 2661 ex
1842 2627 2053 2671 consuetudine

1161 2675 1306 2717 menstrua
1324 2683 1461 2719 patitur,
1484 2677 1636 2719 prohiberi
1661 2677 1820 2718 Ecclesiam
1849 2684 1963 2710 intrare
1992 2689 2052 2710 non

1163 2727 1248 2760 debet
1258 2752 1268 2768 ‚
1294 2731 1366 2770 quia
1376 2732 1403 2761 ei
1415 2735 1534 2772 naturae
1543 2725 1735 2770 superfluitas
1745 2738 1777 2763 m
1789 2728 1910 2769 culpam
1926 2738 1981 2760 non
2000 2729 2050 2761 de-

161 2791 168 2802 ·
224 2780 322 2815 cium,
344 2773 382 2807 in
404 2773 472 2821 jure
492 2774 776 2818 Graeco-Romano
802 2778 999 2821 respondet.-
1024 2780 1104 2815 olim
1163 2777 1211 2810 bet
1232 2781 1395 2819 imputari.
1424 2780 1470 2810 Et
1492 2784 1548 2819 per
1573 2776 1623 2810 hoc
1646 2802 1655 2815 ‚
1682 2779 1762 2820 quod
1784 2782 1887 2810 invita
1906 2782 2049 2819 patitur,

225 2824 385 2868 aliquando
402 2824 517 2862 ordines
544 2827 774 2868 Diaconiffarum
800 2827 973 2861 canonibus
996 2834 1102 2872 cogniti
1157 2827 1265 2869 justum
1285 2838 1342 2860 non
1369 2826 1407 2868 est
1429 2837 1463 2860 ut
1478 2827 1601 2871 ingressu
1613 2827 1748 2869 Ecclefiae
1754 2834 1918 2869 privetur.

217 2874 367 2918 furunt,
391 2873 595 2917 habebantque
607 2872 679 2917 ipsae
684 2876 817 2919 gradum
827 2878 873 2909 ad
880 2878 989 2911 altare.
1017 2861 1121 2913 Mem,¹

1947 2831 2050 2861 Novi·

1164 2889 1226 2910 mus
1246 2888 1371 2920 namque
1390 2877 1472 2919 quod
1493 2878 1596 2910 mulier
1623 2902 1634 2918 ‚
1661 2889 1728 2920 quae
1748 2876 1909 2921 sanguinis
1932 2877 2050 2918 fluxum

1161 2927 1353 2970 patiebatur,
1375 2926 1436 2970 post
1455 2935 1569 2971 tergum
1595 2931 1715 2960 Domini
1729 2933 1855 2961 veniens
1880 2927 2049 2968 vestimenti

1164 2979 1227 3019 ejus
1246 2976 1397 3019 fimbriam
1419 2983 1537 3021 tetigit,
1563 2988 1653 3021 atque
1664 2977 1765 3020 statim
1789 2978 1874 3011 abea
1886 2976 2052 3019 infirmitas

1148 3026 1218 3075 sua
1231 3026 1331 3069 disceff
1333 3036 1367 3059 t
1394 3029 1414 3060 5
1415 3033 1425 3059 i
1439 3038 1503 3070 ergo
1529 3035 1562 3060 in
1578 3028 1658 3069 fluxu
1672 3026 1828 3071 sanguinis
1835 3027 1930 3070 posta
1942 3029 2049 3061 lauda·

1167 3079 1261 3112 biliter
1268 3081 1366 3118 potuit
1378 3080 1498 3110 Domini
1519 3074 1723 3118 vestimentum
1735 3087 1855 3121 tangere
1867 3100 1877 3116 ‚
1902 3089 1953 3111 cur
1977 3088 2046 3120 quae

1168 3126 1343 3168 menstruum
1356 3125 1514 3173 sanguinis
1531 3133 1677 3169 patitur,
1703 3133 1801 3162 cinon
1822 3129 1910 3161 liceat
1925 3131 2045 3160 Domini

1167 3176 1323 3218 Ecclesiam
1346 3178 1487 3216 intrare?
1515 3178 1632 3211 Multis
1655 3177 1961 3222 demonstratistam
1973 3188 2044 3210 mu·

1166 3227 1280 3268 lictum
1303 3227 1479 3270 pastionem
1501 3227 1563 3261 effe
1584 3238 1705 3270 meram
1726 3240 1766 3262 ex
1779 3228 1930 3272 originali
1946 3227 2041 3268 culpa

1168 3277 1324 3322 poenalem
1334 3277 1579 3322 aegritudinem,
1608 3289 1704 3323 atque
1718 3277 1941 3322 prosequitur:
1967 3279 2041 3309 san-

1170 3328 1225 3367 e‘lae
1238 3331 1457 3361 communionis
1469 3327 1630 3369 nnsterium
1642 3334 1679 3362 in
1688 3327 1790 3373 iisdem
1800 3327 1902 3364 diebus
1908 3329 2046 3368 percipe<

1966 3383 1999 3412 '¹5
