2352 3736
54 1055 144 1094 1:³1³·
164 1062 192 1096 5³

67 2878 142 2918 Cap.
162 2888 206 2911 ιι-

512 113 1001 157 Decus-rum
1072 111 1573 154 Secu'NUUM.

248 200 292 239 ad
304 198 453 235 saeculum
464 199 597 232 transire
607 198 764 242 permittit
777 222 786 237 ‚
799 198 852 233 sed
867 198 1038 232 dumtaxat
1050 205 1138 239 tran-

249 252 308 286 firc
323 249 365 283 ad
376 248 478 283 aliurn
488 249 651 285 Ordinem
663 264 674 283 .·
698 250 801 296 Q1od
818 261 936 292 nempe
948 258 1024 282 ante
1045 258 1136 281 com·

274 300 374 334 letum
386 299 588 343 probationis
599 311 723 334 annum
734 301 816 334 rasta
830 299 981 341 profeffio
1006 297 1048 332 ab
1071 297 1134 332 isto

249 311 379 384 {tn-linc
402 350 591 384 excluderet
618 375 630 390 ‚
668 351 704 384 ὃ(
730 347 910 383 inhabilem
936 348 1080 382 redderet
1097 347 1138 381 ad

249 400 379 443 ipsum,
402 412 443 434 ac
461 400 502 434 ad
521 398 710 445 eligendum
733 400 834 432 alium
856 398 988 432 interim
1012 397 1140 442 obliga-

248 460 297 486 ret
307 475 314 480 .
339 451 381 484 Ἐς
393 451 433 484 ad
447 450 537 484 hunc
549 451 720 494 pra-sertim
731 449 904 483 articulum
917 458 1047 492 quartus
1059 448 1140 481 Ale-

249 500 375 534 xander
400 500 493 535 addit
513 501 654 544 superius
686 499 851 533 laudatam
884 499 1134 542 exceptionem:

249 551 322 584 Nisi
348 551 445 585 tacite
459 550 507 584 vel
519 549 664 592 expresse
684 548 766 582 infra
789 548 993 592 probationis
1012 558 1137 582 annum

248 602 408 644 professus
430 602 469 634 fit
493 599 597 641 major
613 597 860 640 quatuordecim
894 599 989 632 annis
1007 623 1015 630 .
1056 598 1137 632 Hoc

247 652 395 695 generali
424 649 559 683 vinculo
585 649 750 682 neminem
785 649 879 694 ligari
912 648 1020 682 voluit
1033 671 1044 685 ‚
1077 647 1136 680 nisi

247 700 423 744 profeffum
437 698 507 743 post
520 698 666 741 expletos
688 698 933 743 quatuordecim
955 697 1058 731 aetatis
1082 709 1137 730 an-

246 761 311 784 nos
331 775 338 781 .
367 750 509 783 Ostur-:n-
531 749 723 783 Bonifacius
750 749 980 792 exceptionem
1013 747 1138 782 censuit

245 801 310 835 effe
323 798 574 842 nimislargam:
599 800 690 833 Ante
712 799 838 842 lapsum
857 797 1062 842 probationis
1085 808 1138 831 an-

247 859 328 884 num
340 850 439 882 fs-stas
452 850 662 892 professiones
674 874 685 890 ‚
710 860 747 883 ut
768 857 857 882 certo
877 847 1065 892 obligarent
1078 848 1140 884 Ore

245 899 342 939 dini,
364 899 468 933 voluit
493 899 556 931 effe
572 900 732 941 expressas
744 924 751 931 .
776 898 886 937 Etiam
900 899 1014 933 tacitas
1028 922 1039 938 ,
1050 898 1139 932 ideo-

244 961 310 994 que
329 948 507 993 generatim
528 947 740 982 solummodo
763 949 950 993 obligantes
970 973 982 989 ,
1004 947 1138 982 adstrin-

244 1001 297 1044 μείς
314 1001 355 1033 ad
371 1008 474 1033 certas
496 998 726 1033 conditiones.
746 999 829 1033 Haec
849 999 916 1042 ejus
936 998 977 1033 de
995 1000 1138 1041 expressa

244 1049 440 1094 professione
453 1047 550 1083 verba
562 1074 573 1090 ‚
600 1048 858 1092 Etiamsaeculari
880 1048 985 1082 babitu
1004 1061 1058 1082 non
1077 1060 1140 1082 mu·

244 1109 309 1143 rato
318 1125 329 1141 ,
354 1100 532 1143 respiciunt
545 1098 704 1133 famosum
716 1099 774 1133 sub
787 1100 887 1134 titulo
900 1099 942 1134 de
952 1098 1136 1133 Monacho-

244 1162 319 1184 rum
331 1150 417 1183 statu
432 1149 637 1192 Rescriptum
653 1174 664 1190 ‚
689 1161 758 1193 quo
768 1150 880 1183 nescio
893 1160 993 1192 quem
1004 1148 1140 1192 Presby÷

245 1210 352 1234 terum
363 1210 432 1233 non
450 1208 580 1233 mutato
592 1197 707 1233 habitu
728 1200 814 1243 apud
836 1200 1016 1244 Regulares
1035 1199 1141 1233 Cleri-

244 1261 303 1285 cos
340 1248 519 1293 professum
546 1248 688 1296 obligari
726 1250 904 1285 declaravit
926 1249 1141 1295 Innocentius

242 1300 378 1343 tertius.

295 1352 421 1386 octava
442 1349 576 1393 quaestio
597 1350 645 1388 est
669 1373 681 1390 ‚
719 1349 774 1386 An
796 1350 990 1387 Bonifacius
1009 1353 1140 1385 octavus

244 1401 400 1435 Fratrum
412 1399 681 1434 Mendicantium
691 1411 768 1435 ante
778 1402 923 1444 elapsum
935 1401 1141 1445 probationis

244 1461 373 1485 annum
384 1451 481 1494 factas
492 1450 702 1493 profeffiones
714 1451 828 1495 fecerit
840 1451 945 1485 irritas
954 1451 989 1484 δε
1012 1450 1141 1485 nullas?

245 1499 446 1544 RespondeQ
471 1511 542 1534 non
567 1500 676 1534 fecisse
697 1525 705 1532 .
744 1501 849 1536 Lucet
868 1513 910 1535 ex
931 1501 999 1543 ejus
1013 1500 1139 1534 verbis:

245 1555 285 1584 In
299 1552 370 1585 aliIs
381 1550 581 1593 Religionibus
589 1550 717 1591 profhffio
737 1549 876 1592 expresse
897 1551 949 1583 vel
965 1551 1054 1582 tacite
1071 1549 1139 1590 fieri

239 1599 334 1645 potest
353 1600 433 1633 licite
445 1599 531 1640 infra
553 1609 685 1631 annum.
713 1598 769 1633 Ad
793 1611 866 1644 quae
892 1599 1076 1633 Gloffator:
1103 1602 1141 1631 In

244 1648 490 1683 mendicantibus
515 1653 608 1682 etiam
628 1650 696 1691 fieri
710 1650 805 1691 potest
827 1674 838 1690 ,
871 1648 931 1692 sed
954 1661 1012 1682 non
1038 1649 1136 1691 licite,

242 1698 356 1741 Multa
390 1699 479 1733 enim
515 1699 585 1733 fieri
622 1698 841 1743 prohibentur
862 1725 874 1741 ‚
921 1710 991 1742 quae
1027 1708 1137 1739 tamen

341 2047 429 2084 Liud
441 2048 550 2082 Sansti
563 2048 687 2082 Leonis
697 2049 779 2084 noni
800 2049 979 2084 Decretum
1002 2048 1138 2084 adducit

367 2097 498 2132 laudata
518 2100 597 2132 item
621 2099 789 2134 Historica
809 2099 1006 2143 compilatio
1029 2111 1037 2131 :
1077 2103 1137 2132 Leo

244 2148 410 2189 constituit,
438 2156 471 2180 ut
496 2150 606 2182 Clerici
628 2147 743 2190 nonnisi
757 2160 881 2192 quatuor
906 2158 1072 2191 temporum
1093 2152 1137 2190 je-

239 2198 339 2240 J'uniis
361 2197 401 2232 ab
422 2197 580 2241 Epifiopts
593 2201 712 2240 jejunis
723 2202 917 2234 ordinentur.
945 2198 1046 2243 Apud
1058 2199 1138 2233 Gre-

236 2245 508 2292 'goriumnonum
522 2248 581 2282 sub
591 2249 690 2283 titulo
710 2250 751 2284 de
774 2250 1036 2285 Ordinationum
1056 2259 1138 2283 tem-

243 2297 379 2341 poribus
397 2298 499 2336 exstat
521 2295 586 2332 hoc
609 2299 817 2343 Rescriptum
850 2299 1023 2334 Coelestini
1048 2300 1135 2333 tertii

243 2348 285 2381 ad
296 2346 591 2392 Archiepiscopum
602 2348 884 2391 Hydruntinum:
912 2352 998 2393 ‚Quia
1024 2354 1137 2392 inpar-

242 2397 324 2430 tibus
347 2398 501 2431 Calabriae
530 2402 638 2433 Latini
661 2401 681 2432 ἃ
717 2404 831 2434 Granis
854 2402 888 2435 (5
911 2404 1007 2433 Graeci
1030 2402 1052 2432 ἃ
1079 2404 1136 2433 La-

242 2446 318 2481 tinis
332 2446 497 2490 secundum
508 2450 633 2489 alterius
644 2448 834 2490 institutionis
860 2449 1081 2495 observantiam
1092 2462 1136 2483 or-

242 2499 412 2539 dinantur,
439 2500 573 2532 volumus
595 2501 633 2537 de
655 2509 758 2533 caetero
773 2506 993 2534 commixtiones
1010 2511 1067 2533 non
1084 2500 1136 2542 fie-

239 2552 288 2587 ri,
310 2546 580 2591 &consuetudines
592 2555 704 2584 rituum
714 2575 726 2591 ‚
755 2552 790 2585 <tt
812 2549 1029 2594 consuetudines
1051 2551 1136 2583 Ordi-

244 2608 316 2636 num
326 2597 488 2641 observari,
517 2598 667 2636 -Videtur
687 2600 884 2644 legendum:
913 2603 974 2634 Sed
992 2602 1134 2635 ⁴volumus

244 2645 463 2688 consuetudines
487 2650 636 2683 ordinum
658 2649 833 2694 observari.
862 2651 1026 2694 Utiquea
1049 2652 1136 2685 Grae·

243 2695 292 2728 cis
304 2696 452 2738 Graecas,
478 2698 613 2734 Latinas
634 2700 652 2734 ὲ
677 2701 804 2736 Latinis
822 2726 831 2734 .
870 2702 914 2735 Et
935 2702 977 2735 de
1002 2701 1135 2736 Clerico

243 2745 383 2784 Graeco,
407 2748 464 2789 qui
478 2748 598 2790 Latino
613 2750 780 2795 Episcopo
793 2750 954 2795 subjectus
973 2750 1015 2786 de
1035 2750 1131 2795 hujus

243 2794 380 2829 licentia
400 2796 569 2836 ordinatur
586 2798 605 2832 ὲ
631 2800 745 2835 Graeco
773 2802 959 2846 Episcopo,
986 2801 1027 2835 ad
1041 2803 1134 2836 suum

244 2844 541 2890 Constantinopoli
569 2848 778 2889 Cardinalem
803 2851 968 2897 Legatum
980 2852 1135 2896 rescripsit

243 2894 460 2930 Innocentius
486 2896 618 2931 tertius:
645 2901 675 2932 si
697 2899 859 2943 secundum
883 2913 993 2942 morem
1019 2905 1135 2936 Graeco·

243 2956 313 2979 rum
327 2946 426 2988 suerit
451 2947 606 2986 ordinatus
628 2972 639 2988 ‚
671 2950 737 2984 licet
762 2952 927 2992 salivandus
947 2950 987 2993 fit
1016 2951 1134 2995 Episco-

238 3003 303 3038 pus
329 2999 460 3030 Latinus
485 3022 495 3038 ,
532 3003 585 3042 qui
616 3000 745 3037 clericos
777 3000 846 3043 suos
882 3002 903 3033 ἃ
931 3004 1034 3034 Graeco
1050 3001 1135 3043 satit

245 3045 383 3085 Antisttte
405 3049 567 3088 ordinari,
602 3051 744 3091 quamdiu
769 3059 871 3085 tamen
898 3052 971 3089 talis
998 3062 1060 3083 mos
1095 3054 1135 3087 ab

246 3094 378 3136 Ecclesia
401 3098 542 3130 toleratur
557 3122 568 3137 ,
593 3100 731 3141 impediri
758 3101 914 3140 ordinatus
928 3113 988 3141 non
1000 3100 1086 3135 debet
1095 3103 1135 3142 ab

246 3150 413 3179 executione
434 3149 581 3181 Ordinum
601 3151 702 3187 taliter
725 3148 922 3192 susceptorum
939 3175 948 3183 .
988 3150 1066 3186 Ubi
1094 3153 1134 3188 ad

246 3194 369 3236 verba,
396 3196 427 3227 51
443 3195 605 3238 secundum
630 3211 737 3238 morem
763 3204 934 3234 Graecorum
952 3200 1050 3242 fuerit
1059 3204 1136 3244 ordi-

246 3252 363 3285 natus,
382 3246 461 3279 reste
489 3247 599 3283 scribit
625 3250 797 3291 Glossator
822 3265 830 3283 :
867 3254 976 3283 Extra
1011 3260 1137 3293 quatuor

246 3304 381 3338 tempora
395 3319 406 3335 ,
442 3305 500 3329 tcut
518 3297 555 3337 est
576 3303 609 3331 in
631 3306 756 3343 antiqua
779 3303 983 3343 compilatione
1001 3299 1018 3332 .’
1035 3304 1080 3333 Et
1097 3303 1137 3345 fic

247 3344 320 3379 bene
335 3345 420 3388 facit
442 3348 487 3379 ad
505 3349 640 3382 titulum.
672 3350 715 3384 Et
725 3351 996 3395 priorisCapituli
1020 3350 1136 3387 Glossa

246 3393 348 3434 habet
362 3411 373 3431 .·
402 3397 510 3431 Clerici
522 3401 627 3435 Latini
638 3404 669 3433 in
685 3401 837 3437 calabria
852 3402 996 3449 partibus
1017 3403 1137 3441 ordina·

1153 1492 1165 1739 l

1928 124 2022 171 293

1204 197 1285 229 fasta
1305 204 1420 229 tenent
1441 219 1449 227 .
1477 194 1559 229 Duo
1580 192 1666 228 circa
1693 191 1925 230 Mendicantes
1945 198 2090 235 Ordines

1206 246 1280 279 fecit
1318 243 1507 280 Bonifacius
1526 257 1538 277 .-
1577 243 1768 279 Innocentii
1794 246 1902 289 quarti
1923 244 1958 285 ὅς
1982 249 2091 291 quarti

1207 295 1389 330 Alexandri
1402 296 1442 329 de
1454 293 1621 338 Fratribus
1630 293 1898 338 Praedicatoribus
1918 307 1957 330 ac
1975 296 2091 339 Mino·

1201 345 1290 379 ribus
1316 345 1581 380 Constitutiones
1616 345 1791 380 innovavit
1809 367 1817 378 ·
1853 346 1988 389 Deinde
2007 348 2091 392 ipsas

1199 395 1411 430 extenditsad
1441 395 1523 438 alios
1546 396 1647 431 etiarn
1669 396 1917 431 Mendicantes.
1945 396 1994 432 At
2014 409 2091 433 vero

1201 457 1313 481 neutra
1325 446 1519 482 constitutio
1535 445 1633 481 fatias
1643 456 1720 480 ante
1731 446 1810 481 anni
1821 446 1946 489 lapsum
1970 449 2093 491 profes-

1200 496 1304 531 fiones
1316 495 1445 539 penitus
1456 495 1606 529 cassavit.
1634 497 1748 545 Qare
1772 497 1907 540 omnia,
1935 508 2006 541 quae
2030 498 2092 540 suae

1198 546 1430 580 constitutioni
1442 545 1636 582 Bonifacius
1646 547 1687 589 de
1699 546 1799 582 tacita
1812 559 1851 582 ac
1861 548 2007 591 expressa
2021 559 2095 591 pro-

1198 597 1332 630 feffione
1342 595 1469 630 addidit
1481 619 1494 636 ,
1520 595 1619 630 etiam
1632 594 1818 632 habuerunt
1831 598 1943 640 locum
1955 598 1990 632 in
2014 598 2095 641 ,Fraa

1198 647 1299 680 tribus
1311 644 1578 680 Mendicantibus
1593 669 1600 677 .
1627 645 1671 679 Et
1683 643 1761 688 hinc
1781 647 1952 691 Fratribus
1976 648 2094 690 Mino-

1200 696 1287 730 ribus
1300 721 1310 736 ,
1337 706 1373 730 ut
1383 705 1460 731 ante
1471 695 1674 738 completum
1687 707 1813 730 annum
1826 698 1954 740 possent
1966 709 2007 733 ex
2019 699 2097 734 Dis-

1198 756 1362 780 cretorum
1373 745 1533 779 consensu
1546 744 1759 788 profeffiones
1772 744 1943 781 admittere
1956 771 1966 787 ‚
1994 749 2098 783 facul-

1199 796 1347 831 tatem&
1361 795 1568 840 privilegium
1592 794 1682 838 dedit
1705 794 1775 830 Leo
1797 794 1961 837 decimus·
1990 798 2097 844 Qod

1202 845 1448 890 nempeillicitae
1459 846 1632 880 dumtaxat
1645 845 1748 880 essent
1773 845 1957 888 istiusmodi
1980 848 2097 890 profes-

1200 897 1326 940 fione5‚
1355 907 1422 930 non
1435 895 1604 939 invalidae.
1632 895 1689 930 Ad
1702 895 1892 938 evitandum
1903 896 2097 938 temeritatis

1200 959 1235 982 ac
1258 946 1502 981 indiscretionis
1523 945 1703 990 periculum
1725 946 1834 980 adesse
1861 946 1967 989 voluit
1991 948 2099 982 assen-

1201 999 1269 1032 sum
1283 997 1418 1033 Patrum
1430 996 1657 1031 Discretorum
1671 1021 1678 1029 .
1707 995 1752 1030 Et
1775 997 1838 1031 isto
1859 996 1931 1040 jure
1950 997 2097 1032 viximus

1202 1049 1301 1092 usque
1338 1048 1380 1082 ad
1406 1046 1642 1081 Tridentinam
1666 1047 1863 1090 Synodum.¹
1889 1048 1971 1091 Haec
1992 1048 2099 1091 prima.

1202 1099 1334 1142 plenum
1343 1096 1547 1142 probationis
1568 1108 1694 1131 annum
1717 1097 1797 1132 fecit
1819 1099 1912 1132 omni
1938 1098 2099 1143 Regulari

1201 1147 1344 1189 Ordini,
1372 1147 1510 1183 &omni
1533 1146 1720 1191 profeffioni
1743 1148 1809 1182 esse
1830 1147 2097 1183 substantialem.

1205 1201 1247 1232 Et
1261 1198 1437 1235 Ecclesiam
1450 1200 1467 1232 a
1479 1197 1593 1232 multis
1603 1196 1877 1239 contentionibus
1889 1198 1923 1232 &
1939 1197 2099 1232 scandalis

1202 1249 1370 1283 liberavit.
1397 1248 1478 1287 Pius
1499 1248 1607 1293 postea
1633 1248 1769 1291 quintus
1790 1248 1900 1283 Sancti
1922 1247 2098 1286 Dominici

1202 1299 1516 1341 Sanctimonialibus
1527 1298 1606 1333 fecit
1618 1297 1830 1343 privilegium
1843 1322 1854 1338 ,
1882 1309 1918 1333 ut
1932 1298 1967 1332 in
1981 1298 2098 1333 mortis

1202 1350 1341 1384 articulo
1352 1350 1604 1393 anteexpletutn
1617 1359 1743 1382 annum
1756 1349 1875 1392 poffint
1895 1346 2003 1382 valide
2028 1359 2102 1393 pro·

1203 1401 1303 1434 fiteri:
1331 1399 1517 1434 dummodo
1543 1410 1655 1433 tamen
1706 1399 1768 1431 sint
1796 1399 1954 1442 legitimae
1978 1399 2099 1433 aetatis.

1203 1451 1287 1496 Qae
1306 1449 1409 1492 gratia
1427 1447 1469 1491 ad
1495 1448 1640 1491 ejusdem
1666 1446 1805 1481 Ordinis
1832 1450 1957 1482 Fratres
1974 1473 1985 1488 ,
2025 1449 2100 1483 lon-

1204 1510 1310 1543 geque
1336 1498 1441 1542 magis
1467 1498 1507 1531 ad
1536 1498 1618 1531 alios
1643 1497 1789 1531 Ordines
1826 1508 1895 1530 non
1923 1498 2028 1540 potest
2048 1510 2103 1533 ex-

1204 1548 1296 1582 tendi
1315 1573 1322 1579 .
1361 1547 1419 1580 An
1446 1548 1537 1581 sacro
1554 1565 1566 1572 —
1580 1548 1686 1581 saneta
1725 1547 1882 1588 Synodus
1919 1548 2102 1582 Decretum

1203 1599 1297 1632 suum
1324 1597 1480 1632 extendat
1507 1597 1608 1631 etiam
1634 1595 1675 1632 ad
1689 1595 1843 1631 militares
1862 1597 2029 1638 Ordines,
2054 1598 2102 1632 est

1202 1648 1334 1691 quaestio
1360 1672 1369 1679 .
1407 1647 1631 1682 Communior
1677 1646 1795 1691 opinio
1844 1647 1996 1682 adfirmat
2032 1659 2105 1683 non

1201 1695 1400 1733 extendere.

424 1883 1609 1976 DECRETUM
1736 1883 1920 1966 ΙΙΙΑ

1200 2048 1311 2082 bantur
1331 2051 1352 2081 ἃ
1375 2052 1490 2083 Graecis
1517 2047 1675 2092 Epist-opis
1696 2047 1858 2092 secundum
1883 2048 2094 2089 institutionem

1201 2102 1373 2132 Graecorum
1396 2124 1408 2140 ‚
1433 2107 1522 2138 extra
1542 2108 1666 2142 quatuor
1691 2107 1824 2142 tempora
1850 2101 1979 2134 Ordines
2002 2101 2098 2143 confe-

1201 2150 1292 2182 rendo
1305 2174 1312 2180 .
1340 2150 1465 2186 Revera
1478 2149 1569 2184 enim
1580 2161 1706 2184 morem
1719 2150 1816 2185 illum
1825 2160 1882 2185 aut
1894 2151 2071 2185 Canonem
2080 2169 2101 2192 -‚

1201 2199 1258 2243 qui
1284 2199 1390 2233 sacros
1413 2199 1558 2234 Ordines
1581 2200 1617 2233 in
1648 2200 1726 2234 solis
1747 2210 1891 2244 quatuor
1911 2210 2100 2245 temporum

1201 2248 1373 2284 Sabbathis
1396 2249 1469 2284 dari
1490 2249 1652 2294 permittit
1665 2274 1677 2291 ,
1704 2250 1811 2297 Graeci
1834 2262 2020 2295 numquam
2041 2250 2099 2286 ha-

1201 2299 1342 2334 buerunt
1356 2324 1364 2332 .
1493 2300 1497 2305 ’
1667 2297 1672 2302 '

1250 2350 1355 2384 Lucet
1366 2361 1407 2384 ex
1420 2350 1528 2385 Sancti
1540 2351 1664 2386 Leonis
1688 2353 1810 2398 Magni
1832 2353 1874 2388 ad
1896 2352 2100 2387 Dioscorum

1200 2398 1409 2434 Alexandriae
1427 2399 1651 2444 patriarcham
1675 2402 1822 2448 Epistola

1198 2450 1296 2483 tribus
1308 2450 1410 2490 nostris
1418 2450 1598 2494 propensiore
1607 2463 1679 2487 cura
1693 2459 1835 2495 novimus
1856 2454 1909 2498 effe
1915 2451 2075 2495 servatum
2084 2478 2095 2495 ,
2122 2470 2148 2492 ι,

1196 2503 1216 2532 ἃ
1230 2502 1315 2534 vobis
1326 2512 1438 2543 quoque
1448 2503 1582 2535 volumus
1591 2502 1726 2543 custodiri
1739 2528 1750 2545 ‚
1776 2513 1812 2537 ut
1832 2515 1891 2538 non
1907 2504 2013 2545 paffim
2033 2504 2097 2537 die·

1196 2551 1252 2584 bus
1278 2551 1411 2584 omnibus
1440 2553 1641 2591 sacerdotalis
1675 2555 1728 2587 vel
1763 2557 1905 2588 Levitica
1946 2554 2096 2586 ordinatio

1194 2601 1356 2643 celebretur
1376 2625 1387 2641 ‚
1421 2601 1482 2645 sed
1520 2602 1584 2644 post
1613 2604 1693 2644 diem
1719 2603 1868 2637 sabbathi
1889 2605 1956 2644 ejus
1982 2603 2095 2642 nouis,

1194 2662 1261 2694 quae
1281 2657 1315 2685 in
1331 2657 1436 2693 prima
1458 2652 1603 2686 sabbathi
1625 2651 1743 2696 lucescit
1768 2679 1780 2695 ,
1806 2655 1934 2688 exordia
1960 2654 2096 2696 deligan-

1193 2710 1265 2735 tur.
1293 2706 1353 2735 Hoc
1377 2701 1436 2743 est,
1458 2701 1516 2744 sub
1546 2704 1610 2746 lege
1636 2707 1748 2746 Divini
1758 2705 1844 2747 officii
1850 2702 2067 2746 substituantur
2083 2729 2091 2735 .

1194 2756 1231 2785 In
1259 2751 1368 2793 quibus
1390 2751 1442 2784 bis
1468 2757 1520 2794 qui
1541 2750 1729 2794 consecrandi
1750 2751 1824 2797 sunt
1843 2755 1984 2795 jejunis,
2010 2754 2045 2786 (τ’
2070 2755 2091 2788 ἃ

1188 2801 1404 2843 jejunantibus
1437 2803 1530 2835 Sacra
1567 2802 1730 2839 benedieito
1755 2803 1928 2845 conferatur
1951 2827 1959 2834 .
1999 2803 2093 2846 ‚Quod

1194 2850 1327 2895 ejusdem
1352 2850 1551 2895 observantia·
1577 2858 1635 2886 erit
1648 2877 1658 2892 ,
1681 2852 1712 2894 fi
1731 2855 1822 2887 mane
1848 2852 1910 2896 ipso
1936 2854 2090 2886 Dominico

1195 2904 1246 2942 die
1268 2908 1438 2939 continuato
1463 2901 1608 2945 sabbathi
1625 2905 1743 2944 jejunio
1766 2903 1924 2945 celebretur
1943 2925 1955 2941 ‚
1988 2904 2008 2935 ἃ
2033 2914 2090 2945 quo

1193 2961 1322 2994 tempore
1329 2954 1526 2994 praecedentis
1540 2953 1630 2986 notris
1642 2959 1732 2986 initia
1745 2965 1803 2987 non
1815 2955 1954 2997 recedunt
1966 2977 1978 2993 ,
1996 2955 2089 2995 quam

1194 3004 1238 3038 ad
1247 3003 1326 3035 diem
1336 3002 1587 3046 Resurredlionis‚
1608 3001 1682 3043 ficut
1692 3009 1783 3037 etiam
1795 3010 1828 3036 in
1852 3002 1970 3046 Pascha
1991 3004 2089 3036 Domi-

1195 3058 1227 3092 ni
1248 3053 1418 3086 declaratur
1437 3077 1449 3093 ‚
1481 3059 1634 3094 pertinere
1657 3064 1715 3086 non
1733 3053 1856 3090 dubium
1891 3053 1929 3094 est
1952 3078 1960 3085 .
1998 3057 2087 3086 Nam

1192 3111 1308 3145 praeter
1318 3101 1522 3135 auctoritatem
1528 3101 1750 3145 consuetudinis
1763 3128 1775 3145 ,
1799 3114 1892 3146 quam
1902 3115 1941 3137 ex
1951 3102 2088 3145 Apostoli-

1195 3164 1228 3186 ca
1239 3157 1374 3186 novimus
1390 3157 1492 3185 venire
1515 3153 1650 3187 dot‘lrina
1663 3177 1674 3193 ,
1698 3159 1790 3196 etiam
1817 3156 1908 3192 sacra
1929 3156 2084 3196 Scriptura

1195 3201 1365 3244 manifestat
1387 3226 1398 3243 ,
1435 3204 1514 3245 quod
1547 3204 1614 3238 sum
1638 3203 1765 3247 Apostoli
1791 3206 1920 3246 Paulum
1947 3205 1982 3238 (a‘
2002 3206 2083 3236 Bar-

1198 3253 1308 3287 nabam
1332 3264 1372 3286 ex
1404 3260 1555 3296 praecepto
1588 3256 1719 3297 Spiritus
1744 3254 1847 3292 San&
1871 3256 1918 3288 ad
1941 3255 2081 3295 Evange-

1195 3305 1266 3337 lium
1292 3302 1441 3337 Gentibus
1459 3310 1611 3339 mitterent
1629 3305 1883 3347 praedicandum,
1902 3307 2079 3345 jejunantes

1197 3355 1358 3388 &orantes
1373 3352 1572 3397 imposuerunt
1591 3360 1634 3388 eis
1653 3366 1763 3389 manus
1775 3380 1786 3396 ‚
1803 3365 1839 3389 ut
1857 3355 2054 3395 intelligamur
2065 3374 2078 3390 ›

1194 3405 1355 3446 quantae¹
1366 3406 1505 3440 dantium
1526 3405 1560 3439 (a
1579 3409 1784 3448 accipientium
1804 3407 1957 3441 devotione
1959 3410 2081 3482 dcuran·

1981 3459 2029 3482 um

1847 2416 1856 2436 :
1883 2404 1976 2446 ,Quod
1997 2405 2017 2436 ἃ
2038 2405 2100 2435 Pa·
2120 2421 2172 2460 Epl.
2186 2424 2235 2458 31·
2254 2433 2281 2455 c·
