2352 3736
386 155 482 188 202

901 141 1535 185 DissnRrArlo

312 222 412 268 atque
423 219 617 255 Tullenscm
647 219 827 266 Episcopos
849 221 888 255 ad
903 219 933 253 A
938 219 1131 263 postolicam
1144 221 1195 255 Se-

313 276 391 311 dem
413 272 454 305 de
468 271 554 303 illata
568 268 689 305 Ordini
712 274 769 305 suo
782 272 897 314 injuria
912 270 1082 314 appellasse
1095 297 1102 303 .
1131 270 1196 306 Ve-

1258 220 1367 265 primae
1387 244 1398 261 ‚
1425 220 1570 255 secundae
1587 221 1728 268 Belgicae
1742 224 1938 269 Metropolis
1958 224 2060 270 posita
2085 228 2132 264 est

1257 271 1342 316 apud
1357 271 1500 310 Remos,
1524 282 1622 315 atque
1632 275 1677 306 ita
1687 273 1783 317 hujus
1794 276 1936 310 civitatis
1950 276 2136 321 Episcopus

313 324 385 358 rum
407 320 495 354 enim
512 318 587 354 vero
608 321 663 363 ipsi
680 321 877 364 appellantes
899 320 1071 366 &Legato
1091 321 1194 365 &ipsi
1258 321 1397 366 profecit
1418 322 1452 355 in
1473 322 1726 365 Metropolitam
1746 349 1753 356 .
1780 322 1905 359 Ambas
1926 327 2133 372 Metropoles

312 371 387 408 Sedi
402 370 601 414 Apostolicae
612 369 798 414 irrogabant
812 369 964 412 iniuriam
978 396 985 403 .

308 421 436 456 nesciat
457 420 660 463 Apostolicis
683 420 814 464 Legatis
825 421 951 464 Synodi
962 372 1192 465 juffitlsdeggu

309 482 367 505 nes
379 481 493 516 gentes
504 472 622 511 semper
634 469 751 503 fuisse?
779 471 911 505 lnfinita
932 472 1006 506 sunt
1018 473 1165 516 exempla
1178 487 1190 506 .-

308 520 356 564 Et
369 533 417 555 res
429 521 490 563 ipsa
503 519 547 552 est
561 520 653 552 omni
666 522 820 563 exemplo
831 522 948 556 clarior
959 546 966 555 .
995 522 1039 555 Et
1056 522 1188 565 quidem

1256 373 1318 407 effe
1329 370 1451 406 sorores
1461 371 1642 414 Ecclesias,
1669 373 1703 407 id
1714 372 1781 412 est,
1804 373 2006 419 ejusdempet
2016 381 2132 413 omnia,

1255 421 1427 467 dignitatis
1446 435 1484 457 ac
1505 424 1671 467 potestatis
1691 449 1702 464 ‚
1729 423 1849 465 scripsit
1871 424 1905 458 in
1933 425 1993 460 suo
2016 426 2132 463 Testa-

1255 483 1369 507 mento
1389 473 1519 508 Saucius
1540 473 1715 519 Remigius
1737 498 1743 505 .
1770 472 1864 507 Hinc
1887 474 1972 509 inter
1991 477 2133 520 ipsarum

1226 540 1228 543 ·
1255 522 1406 557 Praesules
1422 534 1557 568 acceptas
1576 523 1829 559 consecrationis
1850 533 1979 559 aetatem
2001 526 2133 563 &ordi-

305 570 351 606 de
371 569 510 605 Arsenio
528 569 684 603 Hortensi
713 570 900 615 Episcopo,
930 572 1066 606 Nicolai
1092 573 1188 616 primi
1255 584 1331 607 nem
1344 575 1456 607 servari
1470 576 1624 617 professus
1637 576 1758 619 semper
1771 576 1835 608 fuit
1854 573 1954 608 etiam
1963 574 2132 621 Metropo-

305 619 480 655 pontificis
499 619 540 653 ad
557 618 717 654 Carolum
731 622 872 656 Calvum
893 634 930 656 ac
951 623 1018 665 ejus
1031 634 1072 657 ex
1090 624 1188 657 fratre
1254 623 1311 657 lita
1334 623 1552 658 Hincmarus.
1582 625 1731 660 Eandem
1750 623 1825 659 sane
1848 620 1989 659 formam
2017 626 2054 660 in
2074 627 2132 672 Sy·
2147 631 2196 670 Ep.
2213 636 2263 668 ²7ss

302 678 461 711 nepotem
474 668 670 704 Lotharium
695 672 821 716 Legato
836 672 948 706 scribit
971 672 1105 716 Regino
1119 672 1189 707 Ab·

302 717 361 753 bas
385 731 392 751 :
420 719 559 762 Arsenius
582 720 747 764 Episcopus
771 747 782 763 ,
810 721 1012 766 Apocrisarius
1035 724 1069 756 &
1091 722 1185 761 Confi-

298 770 408 802 uarius
420 771 539 803 Nic-olai
551 772 646 812 Papae
657 795 668 811 ,
694 779 759 805 vice
769 773 854 814 ipsius
868 773 998 806 direc‘lus
1012 772 1049 812 est
1059 779 1092 805 in
1108 778 1185 806 Fra—

296 823 396 852 c1am.
422 822 493 864 Quo
511 826 693 862 perveniens
707 831 798 855 tanta
819 823 991 856 auderitate
1003 835 1036 856 ac
1042 823 1185 865 potestate

296 867 368 912 ufits
391 870 430 910 est
455 894 466 911 ,
491 882 525 903 ac
552 883 562 903 ι
594 873 674 904 idem
694 870 831 914 summus
865 872 981 915 Praesul
1001 874 1164 916 advenisset

295 918 394 953 Hinc
404 921 515 969 spretis
526 920 642 965 Regiis
653 921 829 957 obstaculis
840 947 851 963 ,
863 923 899 956 in
912 924 1019 958 sinai
1035 922 1182 957 Archan-

295 970 364 1013 geli
387 969 565 1005 Michaelis
587 970 702 1015 vigilia
717 972 843 1007 Remos
859 971 990 1007 advenit
1010 986 1086 1008 cum
1100 973 1180 1007 Tre-

296 1020 415 1053 virensi
437 1044 449 1060 ‚
476 1020 692 1064 Lugdunenfi
714 1047 725 1063 ,
752 1033 790 1057 ac
809 1023 1065 1059 vesontionensi
1090 1024 1178 1067 supra

297 1069 482 1104 nominatis
513 1070 779 1116 Archiepiscopis
804 1098 815 1115 ,
843 1074 969 1116 Joanne
1008 1064 1177 1107 Pbrruensi

294 1118 462 1163 Episcopo
484 1142 494 1159 ,
520 1119 619 1155 Petro
642 1123 802 1157 Romanae
829 1124 979 1158 Ecclesiae
1006 1123 1176 1157 Cardinali

293 1168 452 1203 Diacono
472 1195 482 1210 ,
510 1171 598 1204 urbis
629 1170 786 1207 Praefeiio
806 1198 817 1214 ,
845 1174 980 1218 aliisque
1010 1174 1178 1217 utriusque

291 1219 433 1253 Ordinis
455 1220 672 1265 Magnatibus
705 1223 777 1257 Leo
794 1223 952 1258 Pontifex
976 1248 987 1264 ,
1023 1233 1177 1266 exceptus

292 1268 340 1302 est
362 1269 593 1305 solemnissima
615 1273 833 1315 processione,
859 1274 1060 1308 consecravit
1071 1274 1174 1307 Basili-

290 1328 385 1358 cam,
411 1320 635 1362 &Synodurn
660 1324 810 1366 perfecit.
838 1324 941 1368 quue
967 1324 1000 1357 in
1015 1324 1082 1368 ipsa
1095 1325 1172 1359 San-

287 1368 334 1401 ἂί
356 1368 507 1414 Remigii
530 1370 666 1405 Basilica
686 1398 693 1405 .
722 1373 903 1408 Rationem
925 1374 1005 1409 dant
1044 1374 1173 1408 laudata

289 1417 376 1452 Asta
399 1420 599 1462 Synodalia:
622 1424 828 1464 vtpersanllz·
840 1429 988 1467 Remigii,
1010 1433 1067 1466 per
1089 1436 1175 1467 quem

290 1472 406 1502 Franci
438 1469 619 1503 orthodoxae
636 1472 711 1513 fidei
731 1479 847 1506 initiati
864 1473 938 1516 sunt
964 1476 1167 1514 rudimentn,

286 1517 484 1560 praesentiam
513 1519 754 1562 consequerentur
775 1529 994 1565 reparationem
1017 1524 1175 1566 tepefadlae

290 1573 324 1601 in
342 1567 375 1611 se
394 1570 511 1603 divina·
534 1572 694 1614 Religionis
708 1596 715 1603 .
745 1572 808 1605 Ista
829 1573 960 1607 interim
984 1573 1031 1607 est
1055 1576 1149 1607 causa
1164 1598 1174 1613 ,

288 1628 348 1652 cur
367 1619 399 1652 δε
409 1620 483 1654 Rex
494 1620 631 1655 abfuerit
644 1645 654 1660 ,
679 1621 713 1654 &
725 1622 886 1656 adfuerint
898 1622 980 1657 adeo
992 1624 1087 1667 pauci
1100 1625 1175 1668 Epi-

292 1668 402 1712 scopi.
430 1670 586 1705 Carnales
597 1668 749 1705 homines
767 1673 931 1707 malebant
941 1674 1104 1716 corporeis
1116 1685 1173 1716 pro

288 1717 387 1762 Rege
402 1744 413 1759 ,
439 1731 538 1763 quarn
552 1720 771 1764 spiritualibus
790 1722 899 1757 induti
909 1723 1007 1758 armis
1028 1734 1088 1767 pro
1099 1724 1174 1757 Deo

287 1779 452 1813 pugnare.

299 1901 353 1911 --

476 2014 822 2063 CAPUT
901 2020 973 2065 II.

418 2142 638 2208 Exponitur
674 2145 706 2187 S
692 2140 814 2205 ynodi
849 2139 1043 2208 confiffias.

359 2268 466 2302 Rima:
481 2293 493 2310 ,
519 2266 573 2303 die
586 2269 740 2304 octobris
750 2269 845 2304 tertia
859 2267 979 2303 habitae
991 2293 1003 2310 ,
1029 2268 1174 2304 seffionis

386 2320 565 2364 ingressum
576 2319 765 2354 describunt
777 2320 905 2354 laudata
929 2317 1012 2354 Aeta
1026 2320 1173 2363 Synoda-

286 2370 350 2404 lia:
378 2372 490 2403 statim
511 2378 598 2403 vetus
621 2372 739 2413 querela
762 2376 841 2404 inter
851 2368 1000 2411 Remenfis
1019 2381 1055 2404 ac
1069 2375 1172 2405 Trevi-

283 2432 376 2454 rents
400 2418 614 2463 Arcblepe'scopr’
641 2421 768 2454 clericos
794 2420 832 2461 est
857 2428 1023 2460 renovata,
1051 2420 1100 2454 his
1120 2422 1175 2453 ad·

284 2470 471 2510 struentibus
495 2476 566 2512 quia
589 2470 734 2512 Remenfis
760 2473 884 2504 Primus
911 2471 974 2513 esset
993 2477 1026 2504 in
1046 2472 1174 2511 Gallia,

286 2520 408 2560 ideoque
428 2521 472 2552 illi
499 2517 641 2561 dispofitio
666 2528 834 2562 competeret
846 2522 1007 2563 synodica3
1033 2523 1049 2554 e*
1075 2529 1175 2554 contra

286 2572 361 2603 vero
387 2569 433 2601 illi
446 2567 659 2611 archiepiscopo
678 2571 849 2610 Trevirenfi
865 2581 930 2602 eam
941 2572 1122 2614 dignitatem
1133 2582 1173 2604 co-

286 2617 441 2652 nabantur
457 2619 622 2661 adscribere
633 2643 644 2659 ,
665 2626 856 2661 primamque
869 2620 972 2652 sedem
988 2619 1052 2663 post
1064 2624 1173 2652 Roma-

287 2681 338 2703 nae
349 2666 484 2709 Ecclesr'ae
497 2667 660 2712 Praesulem
669 2676 701 2703 in
713 2670 883 2703 celebrando
903 2670 1031 2703 concilio
1043 2676 1171 2711 acquire·

287 2731 340 2753 re.
369 2718 608 2763 Episcoporum
625 2719 660 2753 in
685 2719 828 2763 Synodis
855 2718 927 2753 lites
949 2719 1105 2763 ejusmodi
1120 2717 1175 2754 ha-

289 2769 407 2804 bemus
429 2770 616 2804 innumeras
630 2795 641 2811 ,
664 2770 809 2813 &pudet
831 2771 961 2803 referre.
997 2769 1035 2803 In
1060 2781 1175 2814 pravos

290 2819 412 2864 Populi
435 2830 542 2854 mores
560 2845 571 2861 ‚
612 2832 680 2855 non
706 2820 748 2855 de
773 2818 961 2863 hujusmodi
989 2819 1174 2864 quisquiliis

290 2879 481 2914 oportuerat
493 2870 580 2914 ipsos
592 2881 737 2916 pugnare
749 2895 757 2902 .
783 2870 881 2904 Certe
902 2881 961 2913 pro
984 2869 1074 2904 hisce
1093 2871 1177 2913 ipso-

291 2931 363 2954 rum
385 2920 505 2954 Clerici
523 2921 557 2955 ἃ,
577 2920 693 2955 famuli
715 2920 914 2964 quandoque
936 2919 977 2954 ad
997 2930 1114 2954 manus
1141 2920 1175 2954 &

291 2970 459 3014 sanguinis
471 2971 662 3006 effufionem
675 2969 942 3005 scandalosiffime
951 2970 1153 3004 devenerunt
1169 2994 1176 3002 .

294 3018 406 3053 Omne
426 3021 577 3066 Belgium
600 3021 764 3055 Romanis
787 3021 870 3055 olim
891 3021 956 3055 fuit
975 3020 1075 3055 unica
1098 3019 1179 3054 Pro·

296 3067 422 3109 vincia,
446 3072 578 3115 ejusque
598 3080 696 3115 caput
719 3071 752 3105 δε
765 3070 966 3114 Metropolis
985 3070 1049 3105 fuit
1062 3068 1185 3105 civitas

271 3148 278 3162 ‚⁷
296 3115 512 3154 Trevirorum
523 3145 531 3153 .
558 3121 675 3156 Postea
687 3121 830 3156 divisum
841 3121 935 3155 fuisse
957 3122 991 3155 in
1003 3121 1084 3156 duas
1099 3119 1178 3154 Pro-

298 3166 424 3199 vincias
436 3192 446 3208 ,
471 3168 668 3205 demonstrat
687 3172 797 3206 Sanffi
822 3171 945 3205 Hilarii
968 3170 1177 3206 Pistavienfis

298 3215 454 3259 Episcopi
474 3219 513 3251 de
526 3220 668 3261 Synodis
690 3221 771 3256 liber
782 3246 793 3263 ,
821 3222 995 3265 inscriptus
1008 3221 1178 3265 Episcopis

298 3265 452 3299 omnium
462 3267 664 3302 Gallicarum
674 3270 923 3306 Provinciarum
936 3296 947 3313 ‚
960 3271 1059 3306 etiarn
1068 3277 1177 3315 primae

300 3315 430 3361 Belgicae
442 3317 612 3359 &Belgicae
619 3317 757 3360 secunde
767 3346 774 3353 .
794 3322 928 3355 Factum
940 3322 973 3357 id
984 3322 1072 3357 suita
1083 3322 1174 3357 Con·

300 3365 449 3400 stautino
461 3365 589 3410 Magno
600 3390 611 3407 ,
637 3366 695 3400 sub
716 3369 806 3411 cujus
821 3371 891 3406 filio
903 3373 1101 3409 Constantio
1114 3373 1176 3407 Hi·
1199 3373 1201 3375 ’

302 3414 401 3453 larius
411 3414 523 3452 floruit
541 3416 576 3452 δι
590 3416 733 3462 scripsit.
759 3418 860 3463 Apud
886 3421 1044 3459 Treviros
1063 3425 1179 3461 uiansit

1220 2163 1222 2165 ‚
1241 2120 1440 2155 Medardum
1466 2121 1664 2155 Monasterii
1687 2121 1888 2156 Chronicon
1911 2134 1919 2154 :
1936 2133 1938 2135 ’
1954 2123 2128 2156 Ludovicus

1253 672 1350 708 nodis
1371 686 1408 708 ac
1431 674 1503 708 aliis
1524 674 1752 709 Conventibus
1776 685 1891 710 omnes
1913 675 2034 718 ubique
2055 686 2131 720 gen-

1252 724 1337 758 tium
1353 724 1503 759 Ecclesiae
1525 726 1559 758 ἃ
1574 725 1725 769 Episcopi
1747 725 1856 769 paffim
1884 725 2130 762 custodierunt.

1253 773 1377 808 Verum
1396 775 1629 809 contentiones
1650 775 1707 809 has
1718 775 1854 810 abscidit
1866 775 2131 818 prudentiffimus

1250 822 1428 866 Pontifex,
1453 825 1654 867 Synodalem
1674 826 1852 860 consessum
1867 825 1983 869 jubens
1994 827 2132 862 formari

1250 873 1284 907 in
1296 874 1455 908 circulum
1466 899 1477 915 ,
1503 887 1541 909 ac
1552 877 1583 910 se
1597 876 1632 909 in
1645 876 1757 910 medio
1771 900 1783 917 ,
1811 875 2004 910 Remensem
2025 877 2044 911 a
2055 877 2136 912 dex-

1250 925 1326 965 tris,
1352 925 1580 960 Trevirensein
1601 925 1783 967 afinistris,
1810 926 2066 970 Lugdunensem
2089 926 2133 962 ad

1249 975 1418 1009 meridiem
1438 999 1450 1015 ,
1476 974 1773 1010 Vesontionensem
1805 976 2059 1021 Metropolitam
2083 978 2134 1012 lo-

1248 1036 1325 1058 cans
1347 1024 1386 1058 ad
1400 1025 1682 1068 septemtrionem.
1714 1026 1885 1060 Remensis
1905 1039 1943 1062 ac
1953 1027 2133 1062 Treviren-

1247 1074 1284 1107 sis
1302 1074 1454 1108 Clericos
1465 1075 1671 1118 pacificavit,
1694 1075 1791 1110 &isti
1809 1100 1821 1116 ,
1846 1076 1937 1120 quod
1950 1078 1984 1111 in
1998 1078 2131 1122 propria

1246 1125 1322 1157 esset
1335 1123 1470 1158 civitate
1483 1148 1495 1164 ‚
1524 1123 1665 1167 priorem
1686 1123 1798 1158 locum
1819 1125 2004 1169 adscripsit.

1296 1172 1416 1208 Eidem
1428 1174 1583 1208 Remensi
1598 1174 1767 1218 proximus
1777 1173 1889 1209 assedit
1898 1175 1916 1209 ὲ
1924 1176 2133 1220 suffraganeis

1246 1223 1405 1258 Beroldus
1417 1223 1597 1268 Episcopus
1617 1223 1851 1259 suessionensis
1866 1252 1873 1258 .
1901 1225 2134 1261 Sueffionenfis

1244 1273 1341 1308 enim'
1358 1273 1500 1308 Ecclesia
1522 1275 1646 1318 semper
1668 1275 1729 1309 suae
1739 1274 1922 1309 Provinciae
1939 1275 2002 1309 fuit
2013 1274 2134 1311 Proto·-

1245 1323 1396 1358 thronica
1418 1348 1430 1365 ,
1456 1321 1598 1368 ideoque
1616 1323 1683 1368 ejus
1705 1324 1886 1368 Episcopus
1909 1326 2032 1369 semper
2054 1335 2134 1360 ante

1243 1385 1361 1408 omnes
1373 1373 1531 1419 Collegas
1543 1374 1658 1409 habuit
1682 1375 1824 1418 primum
1845 1375 1956 1409 locum
1975 1376 1994 1409 a
2006 1375 2133 1410 Metto-

1246 1425 1363 1468 polita.
1390 1425 1485 1458 Hinc
1509 1425 1545 1458 in
1565 1425 1729 1464 secunda,
1755 1424 1906 1459 Ebbonis
1926 1424 2133 1461 &Hincma-

1244 1475 1269 1508 ri
1291 1474 1579 1518 Metropolitarum
1624 1476 1755 1508 causam
1777 1477 1933 1510 tractante
1963 1497 1974 1514 ‚
1998 1474 2136 1510 Sueffio-

1244 1525 1333 1558 nensi
1355 1524 1493 1567 Synodo
1504 1526 1627 1567 primus
1638 1524 1773 1559 surrexit
1783 1547 1794 1564 ,
1804 1525 1839 1559 &
1851 1536 1892 1560 ex
1908 1525 2063 1560 omnium
2073 1536 2133 1560 no-

1243 1574 1334 1608 mine
1346 1574 1515 1617 respondit
1528 1572 1716 1608 Rothaldus
1738 1574 1919 1618 Episcopus
1930 1575 2076 1619 ejusdem
2087 1576 2134 1610 ci-

1244 1624 1369 1658 vitatis.
1397 1623 1468 1658 Hic
1478 1624 1578 1658 etiam
1593 1624 1816 1658 Hincmarum
1827 1625 2014 1667 ordinarat,
2039 1623 2131 1670 quod
2147 1623 2211 1656 Act.
2231 1633 2261 1662 3·

1244 1685 1361 1717 nempe
1383 1673 1640 1717 Metropolitam
1651 1673 1805 1708 ordinare
1822 1675 1972 1718 speekaret
1982 1686 2025 1709 ex
2039 1675 2132 1709 avito

1243 1734 1336 1757 more
1345 1723 1387 1757 ad
1405 1722 1684 1758 Protothronum.
1711 1723 1755 1757 Et
1767 1723 1837 1768 post
1849 1724 2024 1758 Hincmari
2046 1734 2132 1759 mor-

1243 1782 1334 1813 tem,
1359 1771 1450 1816 quod
1459 1782 1534 1806 ante
1552 1772 1650 1807 datia
1665 1772 1760 1816 Rege
1771 1773 1944 1807 visitatoris
1972 1773 2134 1818 Episcopi

1243 1823 1422 1857 adventum
1434 1822 1578 1866 elegisset
1587 1845 1598 1862 ,
1623 1823 1770 1857 accusata
1786 1823 1954 1857 Remensis
1967 1823 2132 1864 Ecclesia,

1244 1871 1326 1907 serio
1346 1874 1378 1907 se
1400 1874 1534 1907 excusat
1552 1872 1638 1916 apud
1661 1872 1988 1916 Comprovinciales‚
2011 1874 2133 1917 primo-

1243 1933 1306 1964 que
1314 1923 1351 1956 in
1363 1922 1479 1956 litteris
1490 1922 1565 1956 loco
1577 1921 1728 1956 nominat
1742 1922 1986 1957 Hildeboldum
1994 1923 2131 1959 Sueffio-

1244 1973 1398 2007 nensem:
1425 1971 1515 2013 quod
1536 1982 1654 2015 nempe
1666 1971 1797 2006 vacanti
1819 1971 2004 2007 Provincia
2031 1973 2131 2015 praesi-

1243 2022 1334 2056 deret
1346 2048 1353 2054 .
1381 2021 1426 2055 Et
1438 2021 1480 2056 de
1492 2021 1670 2056 Ludovico
1691 2021 1806 2056 Sandio
1815 2021 2019 2056 Francorum
2031 2022 2128 2067 Rege

1243 2072 1355 2106 scribit
1394 2071 1565 2115 antiquum
1615 2071 1847 2106 suessionensis
1888 2071 1930 2107 ad
1966 2073 2123 2106 Sanstum

1240 2171 1420 2215 consecratus
1433 2171 1499 2213 fult
1523 2173 1557 2205 (τ
1578 2174 1732 2205 coronatus
1753 2177 1786 2204 in
1809 2177 1932 2206 civitate
1952 2175 2055 2205 Remis
2072 2180 2130 2213 per
2147 2145 2260 2193 *01'85‘

1241 2233 1347 2255 manus
1350 2225 1383 2267 J
1384 2221 1466 2255 aeota
1475 2220 1669 2263 sueffionenfis
1681 2221 1843 2266 Episcopi,
1868 2227 1940 2265 quia
1959 2231 2028 2255 tunc
2039 2222 2131 2256 sedes

1217 2290 1220 2293 <
1243 2270 1516 2315 Arcbiepfiopatus
1536 2272 1670 2305 vacabat
1690 2297 1697 2305 .
1731 2271 1837 2318 Qod
1857 2273 1963 2315 ipsum
1987 2272 2129 2307 affirmat
2297 2306 2306 2312 ,

1219 2342 1220 2345 =
1243 2320 1438 2356 Chronicon
1450 2322 1557 2356 Sanisti
1570 2321 1833 2365 Dionysiiprope
1843 2321 1999 2365 Parisios.
2025 2321 2130 2367 Rege
2145 2340 2180 2369 Α,
2195 2342 2280 2369 1225,

1241 2373 1444 2407 consecratio
1465 2372 1501 2406 δε
1519 2372 1694 2406 coronatio
1719 2383 1762 2406 ex
1783 2372 1892 2406 Sansti
1917 2371 2067 2416 Remigii
2078 2373 2129 2404 iu-

1242 2422 1359 2457 stituto
1386 2424 1422 2457 ὅσ
1440 2422 1529 2457 avita
1550 2421 1792 2456 consuetudine
1809 2421 1972 2466 spectabat
1993 2422 2035 2455 ad
2054 2420 2129 2455 Me-

1241 2472 1432 2517 tropolitam
1446 2473 1642 2507 Remensem
1655 2496 1666 2512 ,
1692 2472 1831 2513 ideoque
1851 2480 1987 2505 vacante
1999 2469 2058 2510 ista
2070 2471 2127 2504 Se-
2170 2498 2173 2500 .

1240 2523 1282 2557 de
1301 2522 1537 2558 devolvebatur
1555 2521 1597 2556 ad
1620 2521 1878 2556 suessionensem
1898 2520 2098 2562 Episcopum
2111 2544 2124 2561 ,

1240 2573 1307 2615 ejus
1341 2584 1422 2607 tunc
1453 2571 1626 2606 Vicarium
1659 2571 1694 2604 &
1717 2570 1899 2604 Provinciae
1922 2568 2124 2604 Primatem.

1241 2622 1329 2656 Istud
1349 2623 1455 2665 ipsum
1477 2620 1577 2655 habes
1601 2620 1636 2653 in
1664 2619 1731 2653 vita
1751 2619 1860 2653 Sancti
1881 2618 2044 2654 Ludovici
2067 2630 2125 2662 pei·

1242 2672 1463 2706 Guilielmum
1485 2670 1770 2714 Nangiacensem.
1797 2669 1868 2703 Cur
1888 2669 1924 2702 in
1946 2669 2064 2703 litteris
2081 2666 2125 2702 ad

1241 2722 1472 2757 Nomenoium
1494 2719 1670 2753 Britanniae
1683 2718 1870 2762 Principem
1887 2727 2002 2762 quarta
2013 2718 2125 2753 Turo-

1242 2772 1347 2806 nensis
1358 2770 1512 2814 Synodus
1523 2768 1730 2803 Rothaldum
1744 2768 2002 2803 Sueffionensem
2023 2769 2125 2803 tertio

1241 2816 1371 2856 tantum
1392 2820 1468 2854 loco
1487 2829 1590 2863 ponat
1605 2818 1675 2863 post
1686 2819 1908 2853 Hincrnarum
1925 2817 2124 2861 Metropoli-

1241 2881 1309 2905 tam
1336 2894 1348 2911 ,
1376 2869 1499 2914 ignoro
1522 2894 1530 2902 .
1555 2869 1593 2902 In
1617 2868 1787 2904 alterando
1812 2868 1985 2914 dignitatis
2002 2866 2121 2902 ordine

1241 2920 1384 2964 Maiores
1406 2919 1508 2954 nostri
1527 2930 1597 2953 non
1628 2919 1758 2953 fuerunt
1781 2917 1953 2962 scrupulosi
1973 2942 1980 2950 .
2007 2916 2122 2950 Etiam

1242 2969 1421 3005 secundum
1433 2968 1591 3005 thronum
1605 2966 1720 3003 habuit
1741 2968 1879 3003 secunda
1891 2966 2025 3011 Belgica
2039 2990 2051 3006 ,
2076 2965 2121 3000 de

1241 3033 1310 3066 quo
1333 3020 1374 3055 ad
1400 3021 1512 3055 nescio
1536 3020 1630 3064 cujus
1657 3019 1805 3054 Ecclesiae
1838 3016 1984 3051 Electum
2011 3015 2123 3050 scribit

1242 3072 1379 3107 Sanctus
1403 3069 1574 3105 Fulbertus
1595 3067 1806 3104 Carnutenfis
1815 3067 2017 3110 Episcopus,
2044 3064 2124 3100 Pro·

1242 3120 1421 3156 tothronus
1441 3120 1626 3156 Provinciae
1635 3117 1846 3155 Senonensis:
1869 3120 1925 3150 Ne
1939 3116 2125 3150 civitativel

1245 3171 1380 3212 Ecclesiae
1399 3173 1638 3205 catalaunorum
1659 3188 1661 3191 -
1676 3168 1760 3211 suum
1792 3167 1936 3210 derogetis
1961 3165 2119 3199 bonor-ems

1243 3223 1407 3266 Meminisse
1432 3234 1488 3256 ωε
1513 3224 1595 3255 decet
1618 3219 1696 3263 quod
1717 3222 1750 3249 ln
1775 3222 1904 3258 antiqua
1929 3214 2121 3260 descriptione

1245 3276 1417 3307 Provincia
1438 3274 1568 3317 Belgicae
1581 3268 1719 3313 seoundae
1740 3265 1807 3310 ipsa
1825 3272 1940 3301 civitas
1961 3261 2125 3321 anemeqfi

1243 3329 1364 3358 tertium
1374 3325 1465 3358 locum
1475 3321 1589 3354 habeat.
1613 3320 1749 3360 sapienti
1755 3325 1864 3359 pauca.
1892 3317 2072 3351 Rationem
2083 3317 2119 3346 in
2136 3322 2244 3360 ¹394ss-

1244 3376 1398 3410 Sanstum
1410 3373 1542 3407 Petrum
1554 3366 1753 3411 Apostolum
1764 3391 1775 3408 ‚
1799 3367 1857 3411 qui
1872 3364 2069 3401 Remensem
2080 3373 2119 3396 ac

1244 3423 1498 3463 suessionensem
1520 3418 1791 3465 persemetipsum
1807 3441 1820 3462 ‚
1847 3413 2119 3498 Catalauntensem

1784 3484 1786 3486 ·
1887 3492 1890 3495 Α
1939 3474 1998 3503 ,au
2014 3474 2069 3498 em
