2352 3736
458 134 547 163 DE
618 118 658 163 S.
732 118 1071 163 LEONIS

214 203 309 248 sulum
316 203 397 238 tillut
407 199 458 241 bos
470 198 605 241 transiret
614 223 624 238 ,
648 201 715 242 jam
728 208 796 232 tunc
804 207 860 241 per
866 197 951 243 sefiu
962 203 1094 239 muneris

210 253 366 296 funHione
383 252 433 294 esse
444 250 603 292 dqiedlum.
638 250 842 292 Nihilomtniet
866 258 966 293 tamen
979 247 1092 281 Emba-

206 297 305 339 >sieion
316 327 327 342 ,
353 303 422 334 doni
447 299 537 345 nescio
547 301 624 344 quid
638 306 723 334 initio
747 300 877 341 dabatur
888 324 898 339 ‚
925 304 1016 340 accipi
1025 306 1092 340 per-

218 351 376 395 miserunt.
398 355 427 393 „0
438 352 653 395 indulgentiam
667 356 765 393 pomis
778 351 919 394 dignam!
945 350 1038 382 Malae
1047 359 1094 380 ar-

1141 115 1375 169 N0N1

1454 117 1757 163 Aetls.
1876 134 1974 184 ,ιι-ὀς

1159 198 1387 240 Imperatorem
1411 197 1655 240 Iustinianum‚
1682 197 1774 242 quod
1796 199 1926 235 Esaiam
1952 202 2043 239 Rho-

1158 246 1214 286 di,
1241 247 1276 280 &
1300 247 1468 282 Andream
1493 247 1658 290 Diospolis
1680 250 1713 281 in
1736 246 1883 284 Thracia
1915 251 2043 294 Episco-

1160 297 1437 340 pus-Sodomitas
1461 291 1633 340 absciderit
1649 322 1661 338 ‚
1689 299 1724 341 ὅς
1747 298 1897 335 abscissos
1921 301 2045 344 jufferit

1159 346 1358 388 circumduci
1398 349 1432 381 in
1469 348 1687 391 spectaculum
1714 372 1724 388 ,
1763 348 1926 393 quidquid
1952 349 2044 387 dicat

217 402 293 435 boris
316 400 500 444 discufferunt
513 401 592 443 folia
618 403 761 436 &ramos
780 400 953 433 exciderunt
966 412 981 441 ;
1006 408 1095 441 atque
1155 395 1193 429 in
1218 409 1332 431 arcana
1354 396 1490 441 historia
1514 397 1694 442 Procopius
1710 423 1721 439 ,
1747 399 1883 434 laudant
1910 402 2045 436 Sanctus

217 451 312 495 &osam
323 454 399 485 adeo
410 452 543 485 arborem
554 475 564 491 ‚
583 449 646 496 sed
652 453 782 484 radicem
792 451 986 492 reliquerunt.
1005 449 1098 492 ,Quod

216 504 298 541 dico,
326 501 378 536 boc
397 501 454 541 est:
481 502 743 535 Nundinattonem
758 499 877 543 quidem
899 502 1095 542 simoniacam

216 551 446 585 ordinationum
462 555 663 594 amputdrunt
687 575 697 592 ,
718 549 777 593 sed
795 551 928 583 radicem
951 573 964 591 ,
991 548 1095 590 nempi?

215 614 346 643 munus,
371 603 452 644 quod
472 608 558 644 initio
575 601 729 641 dabatur,
756 601 953 643 reliquerunt.
981 602 1020 641 Ut
1039 594 1097 639 fi‘i·

217 653 285 687 licet
308 664 344 687 ne
354 651 457 695 deesset
466 650 555 695 causa
567 649 667 693 rursus
673 651 864 694 germinandi
883 650 918 691 ,ὑ
928 645 1096 692 creftendt,

212 705 381 746 punitionis
392 702 476 743 apud
484 701 598 744 infern
621 701 735 744 arbori.
762 700 855 743 Huic
868 696 1008 743 josepho
1019 696 1096 729 affir-

216 764 286 788 mat
308 750 481 786 succeffisse
504 751 758 795 Metrophanem
781 750 919 799 ,tertium¹
935 772 945 788 ,
961 746 1006 786 ,δε
1029 757 1097 789 pro·

215 802 379 845 sequitur.-
407 802 467 846 5¹⁴b
475 800 562 843 hujus
589 799 803 846 Patriarcbatu
822 799 954 841 fuerunt
980 797 1097 838 quidem

172 877 179 882 .
217 850 399 893 Pontifices,
425 858 476 894 qui
498 851 532 896 ob
548 852 718 887 Sacerdotes
739 849 881 886 creandos
898 858 956 880 non
979 851 1095 888 accipie·

217 901 292 935 bant
309 906 487 944 pecuniam,
506 899 566 943 sed
581 900 703 931 tantum
714 898 908 931 Embaticion
927 899 1040 940 aliquis
1051 907 1097 930 ca-

214 952 335 994 piebat,
361 951 479 992 quando
488 950 673 992 Sacerdotem
691 950 821 992 aliquem
838 947 955 988 faceret
969 971 980 987 ,
1005 948 1098 990 dante

218 1003 255 1037 id
275 998 402 1040 Ecclesia
422 1022 430 1030 .
461 1003 556 1040 Atque
574 996 731 1043 cognoscite
752 1022 763 1038 ‚
789 995 885 1041 quceso
908 1022 919 1038 ‚
946 998 1098 1039 quodnam

217 1049 408 1084 Embaticion
429 1049 554 1093 quidam
573 1060 672 1091 eorum
693 1054 874 1090 acceperintf
903 1048 979 1079 Cum
993 1052 1025 1079 in
1036 1044 1098 1089 ipsa

216 1101 401 1134 ordinatione
422 1100 518 1132 nullos
538 1107 678 1140 caperent
688 1109 844 1137 nummos,
870 1095 1098 1140 nesandlionem

213 1149 469 1194 sacrarumlegum
493 1150 527 1194 (9⁶
541 1148 712 1189 Antistitum
734 1146 912 1189 transirent,
939 1158 991 1180 nec
999 1147 1099 1189 eodem

216 1211 282 1234 cum
301 1202 416 1232 simone
434 1202 523 1242 Mago
540 1203 660 1232 crimine
672 1200 941 1233 condemnarentur
969 1221 980 1236 ‚
1004 1202 1100 1238 capie-

216 1250 291 1283 bant
310 1249 423 1291 duplete
443 1249 635 1293 {Embaticion
658 1273 665 1280 .
694 1253 741 1281 lta
763 1250 779 1281 ἒ
802 1249 859 1280 tali
884 1248 1099 1279 nundinatione

216 1299 297 1335 nihil
315 1305 359 1332 eis
380 1299 555 1340 decidebat,
580 1297 640 1343 sed
646 1299 690 1344 ad
697 1300 775 1342 idem
791 1297 946 1342 satianda
956 1295 1017 1340 suae
1027 1308 1102 1330 ava-

216 1355 300 1386 rittae
316 1355 501 1395 principium
519 1350 661 1394 redibant
682 1374 689 1383 .
716 1352 771 1388 Va
794 1371 805 1388 ‚
831 1359 882 1382 vae
904 1348 966 1380 illis
992 1372 999 1379 .
1028 1351 1101 1388 Non

216 1398 374 1446 patitur-se
386 1396 506 1443 irrideri
518 1403 620 1443 Deur.
650 1399 731 1443 Hoc
745 1398 955 1437 Embaticion
968 1394 1102 1431 damna-

216 1451 263 1484 vit
283 1450 326 1484 de
346 1449 496 1485 Simonia
519 1453 618 1485 etiam
637 1448 825 1488 Patriarcha
851 1449 1038 1483 Hieremias
1060 1446 1102 1479 se-

215 1499 342 1535 cundus
352 1523 364 1540 ‚
388 1500 421 1534 &
433 1498 602 1534 concludit
614 1500 699 1534 dista
712 1499 860 1534 Historia
876 1511 883 1530 :
912 1502 963 1530 Ita
975 1521 985 1535 ,
1014 1500 1103 1528 Divi-

212 1556 383 1595 naegratiae
406 1550 561 1593 beneficio,
587 1548 692 1592 evulsa
713 1549 917 1585 &eradicata
944 1545 983 1584 est
1008 1548 1099 1576 simo·

213 1607 302 1635 niaca
323 1601 519 1638 nundinatio,
547 1602 582 1632 &⁴
605 1598 818 1638 Embaticion,
846 1595 930 1637 quod
953 1595 988 1626 6·
1007 1591 1105 1636 ipsum

210 1658 280 1688 erat
289 1653 423 1682 slmonia
434 1648 569 1680 maxime
586 1650 681 1689 impia
694 1671 704 1687 ,
723 1644 797 1687 ficut
820 1647 842 1679 ἃ
859 1645 942 1676 nobis
958 1642 1105 1683 scriptum

210 1698 305 1744 supra
316 1696 412 1737 exstat
424 1722 431 1729 .
456 1697 613 1732 Ostendit
626 1697 734 1738 ipsum
749 1704 804 1736 per
815 1693 1002 1726 sancitorum
1015 1690 1104 1733 Apo-

212 1748 373 1782 stolorum
382 1770 393 1786 ‚
404 1744 651 1789 MagniBafilii
666 1767 677 1784 ,
704 1745 737 1790 ὄς
747 1743 890 1779 aliorum
902 1741 1038 1776 Patrum
1050 1744 1102 1773 an-

213 1799 327 1842 tiquos
336 1791 495 1830 Canones
516 1794 557 1829 de
577 1794 726 1840 Simonia
752 1792 904 1830 damnari
921 1796 929 1824 ⁴.
958 1790 1104 1825 Tutcica

214 1848 408 1889 Graecorum
432 1844 603 1889 captivitas
626 1869 637 1885 ‚
663 1845 699 1878 ἀ
720 1842 798 1878 inde
819 1852 898 1876 nata
935 1851 1108 1886 paupertas

214 1896 440 1933 Coronarium
454 1907 570 1930 aurum
580 1892 811 1929 transmutavit
822 1893 857 1926 in
870 1891 1087 1939 Embaticion
1100 1915 1106 1923 .

214 1945 376 1989 Notanda
400 1946 476 1979 sunt
501 1943 570 1979 haec
592 1942 735 1978 historiae
771 1942 908 1981 verbai:
947 1945 1051 1974 Dante
1075 1941 1110 1984 id

215 1996 359 2040 Eccless'a.
390 1993 535 2029 Videtur
556 1994 739 2030 Ordinator
762 1993 946 2036 Episcopus
959 1990 1110 2024 Embati-

215 2049 296 2084 cion
313 2056 380 2080 non
394 2043 436 2078 ab
458 2043 529 2087 ipso
539 2043 740 2080 Ordinando
760 2052 816 2077 aut
831 2042 1001 2077 Ordinato
1014 2066 1025 2082 ,
1053 2040 1107 2075 sed

218 2097 262 2131 ab
272 2094 424 2130 Ecclefiae
435 2118 446 2134 ‚
471 2089 513 2128 ad
525 2094 616 2138 cujus
630 2093 849 2139 ministerium
871 2090 1086 2125 ordinabatur
1098 2116 1108 2132 ‚

217 2145 378 2188 fidelibus,
392 2143 570 2179 collestum
590 2145 625 2178 &
637 2143 799 2179 collatum
809 2141 954 2187 exegisse
977 2142 1011 2175 ἀ
1022 2152 1110 2175 acce-

217 2197 317 2241 pisse.
344 2197 473 2239 Omnes
499 2193 558 2232 has
572 2193 758 2229 exastiones
784 2194 843 2228 sub
868 2190 1036 2226 Michaele
1051 2191 1110 2227 Ce-

219 2246 343 2282 rulario
365 2234 563 2289 grassantes,
589 2243 652 2279 &a
675 2255 766 2280 nono
789 2242 905 2278 nostro
916 2242 1032 2275 Leone
1058 2240 1113 2276 da-

219 2306 352 2332 mnatas
370 2295 536 2333 durissime
563 2319 575 2336 ,
600 2294 703 2329 etiam
730 2293 918 2329 Cardinalis
943 2290 1106 2337 Humbet-

219 2356 274 2389 tus
293 2344 379 2381 rec'ie
394 2344 436 2379 de
447 2343 597 2386 Simonia
617 2344 788 2380 damnavit
802 2368 812 2379 .

373 2548 806 2601 CRIMEN
888 2550 961 2596 II.

224 2666 350 2716 Graecz’
362 2665 480 2727 ,ficut
494 2664 628 2732 Valesti
639 2703 652 2727 ‚
665 2664 919 2734 hospitessiaeos
929 2666 1113 2733 castrant,

305 2731 582 2798 &majolum
604 2736 657 2790 ad
669 2735 901 2793 Clericatum
915 2772 928 2796 ‚
951 2735 1026 2803 fid
1108 2733 1111 2737 ’

415 2807 452 2850 in
474 2818 562 2870 uper
586 2804 640 2851 ad
652 2804 927 2875 Episcopatum

535 2891 760 2949 promovent
775 2910 789 2925 .

324 2992 503 3029 EValefiis
522 2990 677 3030 haereticis
700 2994 815 3031 scribit
837 2993 873 3035 in
883 2992 1111 3040 haereticorum

347 3044 500 3089 catalogo
528 3046 661 3079 Sanstus
694 3045 926 3093 Augustinus:
952 3045 1057 3086 Valefii
1078 3049 1113 3087 er

224 3093 334 3138 seipso:
343 3094 474 3133 castrant
485 3095 519 3128 e·
524 3092 592 3138 suos
608 3093 736 3139 hospites
748 3119 759 3135 ,
783 3094 834 3131 boc
848 3096 931 3128 nwdo
939 3095 1113 3137 existiman·

227 3154 276 3178 tes
288 3145 347 3176 Deo
353 3141 386 3188 se
391 3142 506 3186 servire.
514 3145 633 3179 debere.
662 3144 765 3194 Qod
790 3145 895 3189 ipsum
919 3145 1054 3180 tradunt
1075 3147 1109 3189 ὃς

227 3193 509 3237 latiusexponunt
529 3195 663 3234 sanstus,
686 3195 903 3236 PhilastrIus,
929 3196 1109 3231 &Sanetus

227 3240 454 3287 Epiphanius:
480 3244 580 3280 Recte
590 3244 713 3286 addens
724 3246 954 3286 castrationem
966 3246 1030 3281 effe
1042 3257 1109 3288 rem

227 3293 399 3329 barbaram«
415 3319 426 3336 ‚
452 3294 471 3329 a
492 3294 633 3333 barbaris
651 3295 800 3343 Regibus
826 3296 1050 3335 introductam
1073 3297 1109 3339 in

229 3344 392 3379 nmndum
410 3369 417 3376 .
441 3344 577 3380 Interim
596 3344 751 3388 adinstar
767 3347 906 3386 aliarum
927 3347 1111 3384 mutilatim

228 3403 311 3430 num
332 3395 461 3440 purgari
484 3395 613 3440 potest,
637 3396 754 3434 &fieri
772 3409 814 3434 ex
824 3398 926 3435 caufis
939 3421 948 3432 .
972 3397 1109 3434 Etenim

1159 447 1405 490 Theophanes,
1433 448 1601 492 Georgius
1627 447 1818 490 Cedrenus,
1846 450 1944 484 &alii
1960 451 2046 485 Grat-

1158 497 1203 528 ci.
1235 498 1278 530 Et
1290 498 1429 541 antiquae
1441 496 1631 540 Gothorum
1647 500 1681 532 in
1702 500 1864 542 Hispania
1883 500 1971 546 leges
1985 503 2046 537 ista

1161 547 1381 581 mutilationis
1405 548 1505 590 specie
1536 550 1677 591 puniunt
1700 549 1846 592 quaedam
1881 552 2045 592 crimina.

1162 596 1262 643 Qiod
1275 599 1424 632 fecerunt
1446 599 1478 632 &
1491 598 1561 632 aliae
1570 609 1686 642 gentes
1698 624 1705 632 .
1734 599 1913 634 Praesertim
1926 626 1935 640 ‚
1962 611 2047 644 quo-

1160 651 1247 681 niam
1259 647 1293 681 in
1308 648 1454 691 posteros
1478 646 1603 682 trad‘uci
1620 649 1723 690 solet,
1748 649 1869 684 crimen
1899 651 2047 694 perduel-

1161 697 1260 730 lionis
1284 720 1292 728 .
1320 698 1363 730 Et
1375 695 1452 730 hinc
1462 696 1570 730 Graeci
1591 699 1666 731 suos
1692 698 1858 744 Augustos
1874 700 2045 745 Principes

1159 756 1214 779 aut
1226 746 1306 779 alios
1318 745 1472 787 Proceres
1484 769 1495 786 ‚
1522 745 1601 788 dum
1613 746 1826 791 degradarent
1845 750 1880 790 ὃς
1896 751 1961 792 vita
1977 761 2048 785 non

1160 794 1346 838 spoliandos
1370 797 1566 837 censerent,
1592 807 1668 840 cum
1687 796 1782 839 omni
1808 799 1949 833 mascula
1977 811 2048 842 pro-

1162 849 1188 879 le
1200 847 1385 890 frequenter
1395 844 1579 888 evitabant.
1606 848 1660 882 Sic
1673 847 1714 888 ab
1726 847 1818 888 arida
1836 848 1945 891 radice
1961 847 2048 890 nihil

1161 896 1349 941 metuebant
1359 897 1532 940 amplius.-
1549 896 1592 930 Et
1614 894 1712 939 hosce
1739 898 1849 932 aridos
1873 909 2047 941 promove·-

1161 946 1238 980 bant
1259 947 1360 981 etiam
1381 947 1422 980 ad
1446 946 1695 991 Episcopatum.
1730 948 1865 982 Etenim
1890 947 1931 983 de
1955 949 2051 988 Con-

1163 997 1304 1031 stantino
1315 1007 1432 1042 quarto
1444 997 1640 1040 imperatore
1663 996 1772 1032 scribit
1795 998 1929 1032 Smstis
1942 998 2042 1040 Teo-

1163 1045 1285 1090 phanes
1318 1059 1325 1079 :
1365 1046 1574 1087 Constantinus
1610 1046 1822 1092 justinianum
1855 1051 2044 1087 Patricium,

1162 1096 1250 1140 quod
1274 1095 1315 1130 ad
1340 1096 1440 1140 vpatris
1463 1098 1506 1131 sui
1521 1097 1712 1131 Constantis
1734 1098 1853 1134 caedem
1876 1098 1983 1133 fuisset
2016 1099 2054 1132 in

1162 1147 1272 1181 Sicilia
1283 1158 1499 1191 cooperatus,
1527 1150 1692 1188 Germani,
1718 1154 1768 1190 qut
1781 1149 1887 1181 deinde
1909 1152 2048 1181 Patriar·

1162 1196 1224 1230 cbae
1235 1195 1555 1240 dignitatemsustinuit
1569 1221 1580 1237 ‚
1602 1206 1723 1239 patrem
1733 1198 1835 1231 occidit
1851 1223 1859 1236 ,
1886 1196 1983 1241 ipsum
1996 1209 2050 1231 ve·

1163 1249 1195 1279 ro
1210 1250 1390 1290 Germanum
1403 1247 1534 1288 ferocius
1551 1246 1586 1294 se
1604 1243 1756 1292 gerentem
1770 1247 1914 1282 virilibus
1934 1246 2055 1289 rejec‘lis

1162 1296 1335 1341 castigavit.
1365 1297 1434 1331 Hic
1453 1298 1499 1331 est
1522 1298 1579 1332 ille
1601 1298 1812 1333 sanctissimus
1836 1298 2022 1335 Germanus
2038 1321 2051 1338 ‚

1165 1348 1221 1389 qui
1247 1347 1355 1390 poste'a
1379 1347 1492 1389 Cyzici
1516 1349 1580 1382 fuit
1604 1346 1900 1393 Archiepiscopus,
1927 1359 1965 1382 ac
1978 1358 2048 1382 tan-

1165 1398 1238 1430 dem
1262 1398 1651 1441 Constantinopolitanus
1675 1398 1862 1434 Patriarcha
1886 1420 1898 1438 ‚
1927 1396 2051 1432 Catho-

1166 1447 1264 1481 licam
1276 1446 1392 1481 Fidem
1407 1447 1531 1482 strenue
1548 1447 1696 1483 defendit
1710 1473 1721 1489 ,
1745 1450 1780 1483 &
1791 1443 1892 1483 multa
1906 1448 2046 1482 toleran-

1167 1498 1211 1529 tia
1228 1498 1439 1531 confirmavit
1460 1499 1610 1533 adversus
1633 1498 1884 1533 iconoclastiam
1907 1497 2056 1541 Impera-

1167 1546 1247 1578 toris
1259 1546 1380 1579 Leonis
1391 1547 1491 1581 Isauri
1501 1571 1508 1578 .
1539 1548 1670 1589 Nempe
1683 1547 1741 1581 ista
1755 1548 1887 1581 vexatio
1898 1546 2053 1591 petulan-

1167 1594 1457 1637 tijuvenidederat
1481 1596 1703 1629 intellectum:
1735 1596 1777 1630 Et
1800 1596 1842 1630 de
1854 1597 1968 1630 Leone
1987 1596 2050 1631 Ar-

1169 1645 1280 1676 menio
1313 1666 1325 1682 ,
1372 1643 1562 1687 Augustum
1607 1645 1811 1686 Michaelem
1852 1645 2053 1690 Rangabem

1167 1691 1340 1734 ejiciente,
1366 1692 1683 1738 scribitincognitus
1708 1695 1811 1729 Sinai
1833 1694 2056 1739 Theophanis

1167 1741 1399 1775 continuator:
1427 1742 1530 1782 Ejeeio
1555 1743 1697 1777 michaele
1709 1768 1720 1783 ,
1748 1749 1806 1778 Leo
1821 1747 1969 1784 tyrannice
1979 1743 2061 1788 fiam·

1164 1790 1221 1833 pfit
1231 1794 1417 1833 Imperium,
1446 1791 1576 1836 &tonsa
1594 1797 1735 1836 Procopia
1759 1795 1883 1837 Augusta
1900 1795 2058 1829 Michaelis

1169 1843 1299 1885 Conjug'e
1320 1865 1331 1881 ‚
1353 1840 1429 1882 filios
1454 1844 1520 1884 ejus
1553 1848 1674 1884 pariter
1692 1851 1750 1885 per
1777 1843 1893 1887 Insulas
1922 1843 2059 1887 detonsos

1170 1893 1309 1937 virilibus
1322 1891 1460 1925 orbavit.
1488 1893 1602 1929 Hasce
1622 1895 1704 1928 inter
1739 1895 1801 1928 fuit
1817 1894 1954 1928 Nicetas
1969 1919 1979 1934 ,
2004 1893 2065 1937 qui

1170 1953 1210 1975 ex
1222 1942 1416 1976 santtiffimo
1430 1942 1602 1986 Monacho
1633 1943 1736 1977 faetus
1746 1943 1809 1977 fuit
1823 1945 1960 1977 sanctior
1974 1944 2068 1978 Con-

1173 1991 1469 2036 stantinopolitanae
1481 1993 1631 2027 Ecclefiae
1647 1990 1826 2027 patriarcha
1841 1993 1991 2037 [gnatius
2003 2018 2014 2033 ‚
2045 1995 2064 2028 ὲ

1173 2041 1316 2080 Photio,
1341 2042 1438 2076 simili
1457 2043 1538 2077 item
1563 2042 1728 2077 Eunucho
1751 2044 1924 2087 expulsus,
1954 2045 2059 2086 palsus

1173 2092 1335 2137 horrenda
1355 2115 1367 2132 ‚
1401 2093 1435 2136 ὃς
1462 2092 1596 2138 tandem
1630 2104 1688 2138 per
1709 2095 1858 2129 ofiavam
1884 2093 2060 2137 Synodum

1174 2142 1356 2187 restitutus.

1224 2193 1390 2237 Similium
1423 2193 1662 2237 Epistoporum
1689 2194 1828 2239 plurima
1869 2196 1944 2229 sunt
1971 2193 2060 2237 apud

1173 2243 1306 2278 Graecos
1328 2244 1475 2288 exempla
1498 2269 1506 2277 .
1534 2244 1608 2279 Nec
1632 2247 1754 2289 semper
1779 2244 1862 2279 male
1889 2269 1897 2277 .
1927 2243 2063 2277 Etenim

1175 2304 1243 2327 non
1278 2295 1409 2339 quosvis
1430 2319 1442 2336 ,
1479 2295 1533 2329 sed
1564 2296 1650 2329 solos
1671 2295 1691 2328 ὲ,
1714 2295 1886 2338 semetipsis
1909 2294 2064 2328 castratos

1175 2344 1312 2379 Nicaena
1333 2345 1487 2388 Synodus
1508 2346 1642 2389 extrusit
1664 2345 1820 2380 &Cleroz
1848 2344 1881 2377 A
1908 2344 2064 2378 Barbaro—

1173 2405 1246 2439 tum
1269 2420 1280 2436 ,
1308 2396 1535 2430 Dominorum
1556 2421 1566 2437 ‚
1596 2395 1837 2439 Tyrannorum
1858 2418 1869 2434 ,
1895 2405 1951 2428 aut
1980 2406 2063 2437 quo-

1174 2446 1295 2478 rumvis
1317 2444 1457 2479 aliorum
1478 2446 1597 2489 injuria
1612 2471 1622 2486 ,
1650 2447 1700 2480 vel
1724 2446 1824 2480 etiam
1847 2447 1865 2479 ὰ
1889 2444 2063 2479 necessaria

1174 2495 1379 2537 medicorum
1406 2507 1471 2540 ope
1492 2497 1622 2531 excisos
1644 2496 1802 2540 permittit
1824 2505 2012 2541 permanere
2026 2494 2063 2527 in

1176 2545 1296 2586 Clero,
1324 2544 1393 2585 imo
1417 2547 1519 2582 etiam
1539 2548 1579 2581 ad
1605 2548 1711 2590 ipsum
1734 2547 1876 2585 affumi,
1902 2546 1923 2578 fi
1947 2554 2060 2578 tamen

1173 2595 1293 2634 fuerint
1319 2596 1398 2630 clari
1433 2596 1605 2631 virtutibus
1628 2622 1640 2638 ,
1677 2598 1710 2633 δι
1739 2596 1908 2641 insigniter
1942 2594 2056 2637 digni.

1174 2646 1342 2692 roirca
1354 2645 1451 2689 „aliud
1477 2657 1543 2683 non
1566 2647 1677 2690 culpat
1690 2645 1882 2687 Cardinaiis
1894 2643 2059 2677 Humber·

1174 2704 1245 2735 tus»
1272 2707 1370 2738 quam
1390 2697 1480 2739 quod
1494 2698 1631 2732 anteain
1644 2697 1706 2730 suis
1731 2696 1771 2729 ad
1783 2693 1986 2738 Michaelem
2001 2693 2060 2725 Pa-

1175 2744 1346 2780 triarcham
1367 2745 1482 2780 litteris
1503 2746 1570 2790 ipse
1590 2747 1725 2781 Sanetus
1747 2744 1835 2787 Papa
1855 2743 1946 2778 Leo:
1976 2740 2059 2783 Abfit
2124 2782 2130 2789 ι

1174 2803 1206 2828 ut
1218 2797 1343 2829 velimus
1353 2820 1364 2836 ‚
1389 2795 1689 2841 quodpublicafama
1703 2807 1760 2829 non
1774 2795 1894 2837 dubitat
1908 2793 2031 2836 afferere
2041 2816 2053 2834 ,
2073 2780 2165 2853 {9¹sp
2192 2793 2216 2814 ¹⁹

1174 2845 1507 2891 Constantinopolitanae
1530 2845 1664 2888 Ecclefiae
1686 2846 1828 2891 contigff
1851 2871 1861 2886 ,
1886 2855 1921 2879 ut
1946 2846 2057 2877 Eunu!
2082 2830 2139 2862 ‘³¹’
2139 2843 2147 2853 ⁸
2169 2833 2205 2860 ⁸3

1172 2895 1237 2929 chos
1246 2899 1349 2930 contra
1356 2901 1488 2939 primunt
1494 2895 1597 2941 sanHt
1607 2901 1643 2930 N
1643 2903 1730 2931 tcaeni
1742 2898 1866 2939 Concilii
1878 2895 2054 2935 Capitulum

1169 2947 1271 2989 passim
1290 2947 1492 2990 promovendo,
1510 2970 1520 2987 ‚
1537 2946 1699 2992 foeminam
1735 2953 1769 2983 in
1781 2946 1853 2995 sede
1874 2943 2050 2987 Pontificum

1168 2994 1285 3040 suorum
1298 2995 1480 3041 sublimaffet
1490 2999 1671 3040 aliquando.
1703 3005 1762 3033 Hoc
1773 3006 1838 3030 tam
1850 2991 2054 3031 abominabile

1166 3045 1259 3090 scelus
1281 3046 1491 3088 &detestabile
1504 3047 1650 3089 facinus,
1678 3049 1713 3083 e·
1727 3046 1758 3090 fi
1776 3052 1937 3088 enormitas
1962 3041 2052 3088 W

1172 3099 1223 3139 vel
1228 3097 1344 3138 horror,
1366 3097 1566 3140 fraternaque
1589 3098 1792 3141 benevolentia
1815 3108 1872 3130 non
1892 3100 2056 3139 permittat

1170 3158 1221 3180 nos
1241 3149 1380 3187 credere,
1405 3146 1583 3189 confiderata
1608 3157 1708 3181 tamen
1726 3153 1842 3182 incuria
1865 3142 2054 3189 vestrii'ergd

1169 3199 1218 3239 Π.
1239 3195 1405 3241 Censuram
1424 3201 1603 3239 Ganonum,
1629 3201 1705 3242 quia
1722 3193 1909 3238 Eunuchos,
1935 3198 1970 3231 &
2000 3196 2055 3227 ali·

1170 3259 1229 3291 qua
1235 3254 1324 3288 parte
1343 3256 1467 3290 corporis
1490 3253 1680 3291 imminutos,
1706 3261 1769 3285 non
1782 3246 1876 3292 solum
1899 3247 1946 3280 ad
1956 3247 2055 3279 cleri·

1168 3307 1286 3338 catum,
1310 3296 1367 3341 sed
1385 3300 1432 3340 ad
1451 3298 1661 3342 Pontificatum
1682 3305 1772 3342 etiam
1784 3296 1986 3338 indifferenter
2008 3293 2044 3326 ὰ

1164 3346 1333 3398 solemniter
1352 3348 1450 3388 adbuc
1464 3356 1647 3391 promovetis
1670 3372 1682 3389 ‚
1695 3344 1771 3391 *fieri
1790 3346 1911 3393 potuiffi·
1927 3340 2046 3386 pensa·

1169 3410 1257 3436 ηοω.
1284 3397 1387 3447 Qod
1407 3399 1770 3444 Constantinopolitani
1791 3391 2041 3474 foeminamdalif-

1867 3453 1952 3490 quan
1977 3452 2000 3482 Q
