2352 3736
408 186 463 215 m.
499 170 695 227 Simorum
727 178 936 222 carmus,
973 180 1024 220 er
1057 175 1200 208 vanus
1236 177 1297 208 An
1330 175 1456 206 Ipsum
1490 173 1816 209 SPECTANTIBUS·

1886 177 1958 226 47

193 255 309 304 prodest
319 256 364 289 illi
371 252 423 299 suo
435 264 531 287 errore
543 264 602 286 non
607 253 768 295 pollui‚qui
778 247 944 294 consensum
951 245 1079 297 prestat
1136 255 1210 288 pum
1220 251 1367 282 Henricus
1387 251 1456 302 ¹3⁸³
1468 253 1576 282 tertius
1586 270 1598 288 ‚
1622 251 1722 285 tribus
1740 249 1930 295 invasoribus
1943 255 2021 294 Apo-

196 308 334 344 erranti?
361 305 554 339 Proculdubio
569 312 671 336 contra
681 303 831 334 mandata
841 301 995 332 committit
1006 320 1018 337 ‚
1043 297 1079 329 6·
1138 297 1242 337 stolicae
1251 301 1335 332 sedis
1349 293 1440 343 digne
1449 299 1569 340 &juste
1577 301 1699 342 explosis
1709 324 1721 340 ,
1745 302 1919 336 catholicum
1936 303 2019 339 &le-

196 362 247 402 ῃ,
258 355 348 390 babet
362 357 515 398 peccatum
534 359 688 396 proprium
698 377 709 393 ‚
734 352 769 385 &0
779 355 830 393 qui
852 345 985 390 sequitur
1007 346 1081 380 alie-
1135 353 1277 393 gitimum
1288 352 1407 391 Papam
1417 351 1587 392 constituas
1597 351 1780 384 Clementem
1795 350 1957 394 secundum
1965 361 2020 396 ap-

196 418 268 442 num
290 432 297 439 .
322 405 469 449 Incaffum
493 410 611 438 animus
636 401 739 445 resistit
760 399 922 442 cupiditati
943 420 955 437 ,
973 394 1004 438 fi
1022 406 1080 429 non

194 455 295 499 resistit
315 459 477 492 &timorh
504 454 631 489 Partim
655 449 789 485 Arianis
811 445 1002 485 Gothorum
1015 445 1082 480 Re-

195 497 293 553 gibus
313 506 443 550 parebat
464 515 544 540 tunc
565 500 725 544 Hispania
742 524 755 540 ,
781 498 901 542 partim
924 497 1081 531 Romano

195 557 363 601 Imperio,
388 556 477 599 quus
488 555 580 588 ruina
588 561 645 594 per
655 549 911 589 Ministrorum,
936 548 1024 581 sacra
1048 546 1082 580 δε

195 608 334 652 profana
354 604 565 643 vendentium
590 625 604 643 ‚
636 599 808 636 avaritiam
830 609 939 643 coepta
959 597 1022 632 fuit
1047 597 1082 631 δε

194 659 423 693 consummata
446 678 454 686 .
481 652 546 687 Per
569 649 702 686 eosdem
728 661 810 686 tunc
836 647 1082 693 Episcopalium

197 707 395 743 electionum
417 702 662 748 procurationes
685 701 784 736 credo
808 701 901 735 fuisse
910 698 1094 737 venditas,

198 768 296 800 atque
304 753 537 798 Metropolitas
548 777 560 794 ,
587 762 643 787 aut
654 752 763 796 potius
780 751 821 786 ad
833 761 948 784 eorum
971 748 1079 783 adhuc

198 805 390 853 potestatem
416 805 593 847 spectantes
629 801 848 847 provinciales
874 800 1056 844 Episcopus
1071 822 1082 839 ,

198 853 383 892 necestitate
403 854 438 889 &
455 854 487 888 vi
499 853 656 888 adductos
677 851 718 886 ad
729 850 846 886 fimiles
858 850 988 884 Elestos
1002 861 1082 883 con-

197 903 387 942 sectandos.
412 904 507 938 Hinc
518 903 610 938 enim
621 903 656 937 in
667 901 782 937 iisdem
793 900 907 936 litteris
922 900 1095 935 Pontifex?

196 953 332 991 mandat
351 953 577 999 Metropolitis
586 977 599 994 ,
625 954 719 989 sortis
742 953 797 987 seu
808 952 903 995 regni
922 949 1083 985 divifione

143 1018 162 1037 .:
197 1003 431 1045 nonobstante
442 1028 454 1046 ‚
480 1006 571 1039 suam
585 1002 629 1038 in
642 1002 695 1038 his
714 1001 809 1037 rebus
818 1001 950 1047 plenam
970 1001 1082 1046 vigere

198 1066 237 1095 ac
260 1051 618 1098 manereipooestatem..
645 1052 746 1091 Reae
769 1054 848 1088 item
858 1051 994 1087 damnat
1008 1050 1081 1085 isto-

198 1114 272 1140 rum
283 1105 469 1141 Eiestorum
480 1107 764 1141 consecrationem
775 1118 787 1138 .-
813 1103 893 1139 Erat
903 1102 995 1137 enim
1006 1112 1085 1135 con-

199 1155 339 1192 sectatio
349 1154 494 1191 hominis
506 1155 644 1190 haeretici
655 1181 666 1197 ,
691 1156 711 1190 a
721 1154 813 1197 cujus
830 1153 950 1198 capitis
968 1161 1082 1187 conta·

199 1207 254 1241 fin
283 1206 456 1248 plusquam
478 1206 496 1239 a
520 1206 621 1250 spinis
640 1204 868 1240 abstinendum
900 1203 963 1237 effe
986 1202 1082 1236 novit

201 1256 313 1288 omnis
334 1255 539 1290 Christianus
561 1280 569 1288 .
597 1255 831 1290 Romanorum
856 1253 1083 1287 ministrorum

201 1304 361 1340 violentia
384 1305 524 1349 cogebat
547 1306 588 1340 ad
598 1316 681 1349 opus
701 1314 814 1339 natura
825 1304 970 1343 malum,
997 1302 1084 1336 ideo-

199 1366 266 1399 que
276 1354 486 1391 moriendum
498 1357 606 1399 potius
615 1365 684 1389 crat
698 1355 863 1400 Episcopo
884 1364 982 1397 quam
994 1352 1035 1387 ad
1048 1351 1085 1385 il-

201 1404 263 1439 lud
281 1405 546 1440 concurrendum
567 1430 573 1437 .
601 1405 728 1450 Iniqua
757 1403 939 1439 vexationis
963 1402 1084 1437 redem-

209 1455 284 1498 ptio
295 1454 424 1489 nullum
435 1454 490 1490 bic
501 1454 642 1490 habebat
653 1455 765 1489 locum
775 1478 784 1486 .

256 1504 371 1538 Altera
381 1504 513 1547 quaestio
523 1503 569 1538 est
577 1528 589 1544 ‚
600 1515 668 1548 quo
677 1504 755 1539 loco
768 1502 939 1539 habendus
950 1503 989 1536 fit
1005 1501 1083 1536 Car-

204 1553 332 1600 dinalisr
402 1554 533 1594 tianus,
558 1556 668 1598 postea
679 1553 859 1600 Gregorius
878 1555 986 1588 sextus
998 1552 1084 1586 Pon-

31 1614 88 1645 An·
103 1621 184 1649 ¹040·
202 1591 339 1647 tiseizssfl
369 1615 436 1647 quo
448 1604 483 1638 in
496 1604 654 1648 Epitome
663 1605 810 1640 siffridus
821 1603 995 1647 Presbyter
1004 1602 1085 1636 Mis·

204 1653 309 1690 nenfis
321 1667 333 1687 .-
357 1655 490 1702 Tanaim
510 1652 649 1697 Schisma·
665 1661 698 1688 in
709 1654 836 1696 Ecclesia
850 1653 921 1696 fuit
932 1678 944 1695 ‚
969 1662 1004 1686 ut
1020 1663 1083 1687 tres

207 1705 243 1738 in
274 1701 405 1751 fitqtmoe
435 1703 588 1747 Pontifices
614 1703 697 1740 eiecit
731 1706 821 1749 essent
833 1729 843 1745 ‚
868 1716 941 1747 quos
960 1704 1085 1737 tandem

205 1756 380 1798 Gratiam
395 1755 559 1795 ..Presbyter
583 1780 594 1796 ‚
617 1760 742 1798 pecunia
762 1764 872 1800 magna
908 1760 953 1789 eis
987 1756 1084 1795 data,

204 1803 329 1838 induxit
337 1813 372 1839 ut
380 1803 515 1840 cederent
524 1827 536 1844 ‚
569 1807 604 1839 Θ
606 1805 646 1848 fic
658 1804 719 1849 ipse
729 1806 831 1840 clavus
842 1804 881 1844 est
894 1831 900 1837 .
921 1809 1086 1847 Imperator

207 1858 355 1891 Benacus
366 1861 470 1892 tertius
479 1864 536 1898 pro
546 1865 630 1891 tanto
640 1855 803 1900 schismate
815 1854 950 1899 sedando
960 1859 1086 1887 Romam

203 1912 394 1946 properans,
419 1908 504 1948 apud
522 1908 648 1940 Sutrium
658 1907 765 1940 Urbem
787 1906 891 1945 babuit
902 1909 1086 1939 Gratianum

204 1954 328 1991 obvium
338 1977 351 1994 ,
369 1961 427 1997 ,qui
435 1961 464 1989 ei
477 1967 611 1990 coronam
621 1967 743 1992 auream
750 1956 854 1991 obtulit
862 1980 873 1996 ,
896 1964 930 1989 ut
940 1967 1004 1989 eum
1018 1963 1088 1998 pro-

145 2009 147 2011 '
199 2003 460 2053 pkhm'qbtberet
479 2026 487 2039 d
516 2006 622 2049 Caesar
638 2011 737 2050 primo
757 2007 863 2040 cunila
885 2007 1065 2045 dissimulans
1076 2029 1087 2046 ,

203 2061 368 2088 mnvuaeta
381 2057 489 2094 52nodo
499 2081 510 2096 ,
537 2061 720 2090 Gratianum
730 2081 742 2097 ‚
767 2063 818 2099 qui
831 2058 864 2090 δ’
876 2059 1032 2099 Gregorius
1043 2055 1087 2087 di-

206 2103 275 2137 eus
294 2103 334 2145 est
346 2128 357 2144 ,
382 2106 420 2138 de
429 2108 560 2140 simonia
581 2112 732 2146 convicit,
758 2110 833 2140 &eo
852 2115 949 2138 amoto
968 2105 1089 2148 Sulgde-

39 2178 99 2210 μ’
115 2186 188 2214 ωδ
208 2164 279 2189 rum
298 2154 544 2200 Bambergensem
554 2155 733 2200 Episcopum
750 2155 897 2200 substituit
909 2180 919 2195 ,
946 2161 998 2197 qui
1020 2154 1089 2187 Cle-

208 2214 293 2237 mens
301 2202 448 2247 ficundus
458 2207 560 2240 didius
571 2207 611 2247 est
622 2231 630 2239 .
655 2207 827 2241 Sutrienfis
846 2206 947 2250 igitur
959 2205 1018 2239 ista
1030 2205 1089 2246 Sy-

209 2253 338 2295 nodus,
361 2254 528 2295 Henricus
552 2257 750 2301 Imperator,
773 2268 813 2294 >ac
833 2255 1007 2299 Presbyter
1027 2254 1087 2288 Sif·

210 2301 313 2335 fridus
321 2306 515 2340 censuerunt
527 2307 633 2341 dubiae
644 2307 812 2345 electionis
825 2306 1023 2349 Episcopum
1034 2316 1088 2348 per

210 2352 387 2397 pecuniam
410 2355 465 2388 seu
486 2356 739 2390 Ecclefiasticam
760 2357 950 2401 pensionem
972 2353 1013 2389 ad
1038 2366 1088 2389 ce-

209 2399 358 2434 dendum
379 2402 494 2437 induci
515 2417 584 2439 non
597 2406 684 2449 posse
704 2407 770 2439 fine
790 2405 955 2440 Simonia.
983 2403 1086 2453 Qod

210 2461 353 2494 namque
365 2453 541 2491 Gratianus
552 2455 735 2489 Cardinalis
752 2455 928 2490 Benedicto
940 2466 1031 2490 nono
1051 2456 1086 2490 &

209 2500 364 2535 Silvestre
375 2502 474 2539 tertio
482 2527 496 2547 ,
521 2503 564 2538 de
573 2504 697 2548 Papatu
709 2505 984 2541 contendentibus
994 2531 1004 2547 ,
1016 2516 1084 2540 non

208 2549 254 2584 de
267 2551 394 2595 propria
406 2553 498 2593 ,fsed
519 2554 561 2588 de
571 2555 679 2589 Sansti
699 2555 791 2590 Petri
813 2555 988 2590 substantia
1008 2567 1085 2599 pen-

211 2599 316 2635 nones
336 2603 372 2636 iu
383 2604 533 2638 eeffionis
554 2605 706 2640 solarium
716 2606 941 2650 affignaverit‚
967 2604 1086 2640 diserte

211 2649 391 2699 testatur-‘in
401 2655 547 2699 generali
559 2653 694 2691 historia
704 2654 813 2691 Ottho
827 2656 1007 2701 Episcopus
1018 2655 1086 2690 Fri-

211 2697 378 2742 fingefififf·
405 2703 559 2747 Ejusdem
569 2706 739 2750 opinionis
758 2706 850 2740 fuiffe
864 2707 990 2741 videtur
1000 2706 1084 2741 Her-

214 2758 329 2782 maflus
346 2752 538 2789 Contractus
558 2769 570 2790 .·
586 2761 723 2789 ¹Romani
744 2757 940 2791 Benediblum
964 2760 1084 2799 Papam

214 2798 314 2829 multis
337 2805 522 2838 criminatum
541 2804 610 2844 sede
622 2806 678 2849 sua
697 2809 835 2850 pellunt,
862 2810 896 2842 (¹5
911 2807 1083 2890 ἱὶῐυέἐναω

212 2851 336 2883 “mum
356 2855 510 2890 quemdam
530 2861 562 2888 in
575 2859 639 2897 ejus
650 2857 742 2891 locum
744 2857 902 2898 statuunt,
929 2869 968 2900 qu
1037 2867 1082 2890 ta-

212 2897 382 2939 m‘nPORea
394 2902 571 2937 Beneditius
585 2932 595 2947 ‚
622 2907 798 2951 quibusdam
812 2906 865 2949 fibi
876 2907 1057 2950 faventibus
1071 2932 1081 2948 ,

213 2955 495 2984 ‘'fc‘'mlcatum
519 2953 629 2995 depulit
640 2981 650 2997 ‚
673 2957 862 3001 suaequefedt'
878 2960 1014 2992 redditus
1025 2957 1082 3001 sei-

211 2994 551 3054 psumposteaprivavit
562 3026 572 3042 ,
598 3006 728 3041 &alium
736 3017 793 3050 pro
796 3007 851 3051 se,
875 3009 990 3052 utique
1003 3008 1082 3042 Gre-

213 3057 349 3090 gonum
356 3049 484 3083 sexfflffl
494 3075 505 3091 2
529 3052 563 3085 ob
573 3061 734 3091 avaritiam
744 3068 846 3092 contra
858 3063 996 3092 Cauones
1007 3059 1082 3091 ordi-

47 3120 103 3151 Δῃ,
116 3122 195 3154 1046·
214 3101 304 3130 navit
314 3121 321 3128 ·
348 3098 392 3134 Et
402 3096 507 3136 hlfffl‘l
521 3105 600 3146 'issex
613 3107 855 3148 Hemicusjuxta
865 3111 1014 3143 Natalem
1027 3112 1083 3143 Do-

213 3151 292 3179 mini
311 3155 370 3182 non
379 3151 460 3194 longe
471 3150 509 3184 ab
520 3150 595 3184 Urbe
604 3156 699 3186 Roma
718 3159 802 3196 apud
820 3161 951 3192 Sutrium
973 3160 1083 3198 synodo

213 3196 305 3237 aHa,
328 3198 471 3243 causaque
491 3210 697 3238 extraneorum
717 3206 891 3247 Pontificum
911 3210 1083 3253 diligentius

214 3248 368 3281 ventilata
378 3274 389 3289 ‚
411 3254 589 3285 Gratianum
600 3255 718 3296 Papam
728 3255 893 3288 convit‘lum
904 3259 1013 3291 Baculo
1023 3261 1085 3293 Pa-

211 3295 314 3338 floruit
317 3304 463 3342 privavit
473 3325 480 3333 .
500 3301 543 3336 Et
556 3303 590 3337 in
601 3305 709 3339 Sansti
720 3305 857 3339 Henrici
868 3305 1086 3349 Imperatoris,

216 3357 316 3390 quam
338 3361 379 3383 ex
392 3350 628 3387 Reddorflenfis
650 3354 843 3389 Monasterii
866 3354 1018 3390 Archivis
1033 3369 1088 3400 pu-

218 3396 352 3433 blicavit
365 3400 504 3444 Jacobus
517 3402 686 3438 Gretzerus
696 3429 706 3444 ,
732 3405 799 3439 vita
813 3405 1003 3440 Nonnosius
1014 3407 1089 3441 Mo-

218 3446 342 3485 nachus
352 3464 363 3485 .·
389 3451 708 3496 suigderumsamffum
715 3455 960 3500 Rambergenfhm
973 3456 1089 3501 Episco-

42 2783 102 2814 Aa·
117 2790 198 2817 1044-

46 3437 120 3477 Cap.
142 3440 183 3468 16.

1138 398 1267 440 pellavit
1276 423 1284 429 .
1310 400 1356 433 Et
1366 400 1433 442 ipse
1444 400 1564 435 ibidem
1575 401 1611 434 in
1622 400 1739 436 litteris
1749 400 1791 436 ad
1801 401 2022 449 Barnbergen-

1144 448 1211 481 sem
1236 448 1414 483 Ecclesiam
1435 451 1592 486 Clemens
1609 451 1769 486 secundus
1788 464 1796 485 :
1824 455 1903 485 Ecce
1919 476 1931 493 ,
1955 464 2024 486 cum

1142 499 1222 532 illud
1226 507 1317 540 caput
1326 501 1451 540 mundi,
1478 502 1532 534 illa
1543 504 1682 535 Romana
1691 503 1782 537 sedes
1801 500 1939 536 heretico
1948 514 2024 535 mor-

1143 548 1178 581 bo
1185 548 1332 583 laboraret
1341 573 1352 589 ,
1377 559 1410 582 ut
1421 549 1591 593 huiusmodi
1601 554 1812 594 egritudinem
1817 549 2006 595 propulsaret
2013 574 2025 591 ‚

1139 597 1225 641 plosis
1236 598 1332 632 tribus
1341 600 1425 637 illis,
1449 600 1559 642 quibus
1578 611 1683 634 nomen
1694 605 1835 644 Papatus
1852 607 1965 645 rapina
1974 603 2025 635 le-

1143 650 1253 689 derat,
1280 650 1412 692 dignatio
1432 650 1669 694 coelestisgratiae
1693 652 1821 691 nostram
1840 653 2026 687 mediocrita-

1143 708 1205 732 tem
1229 700 1317 743 elegit
1335 725 1342 732 .
1374 699 1571 735 Lambertus
1592 700 1674 734 item
1693 699 2000 748 Schafnaburgenfis
2013 714 2028 736 .-

1143 752 1210 782 Rex
1223 753 1370 783 Henricus
1380 756 1488 784 tertius
1501 753 1621 784 Domini
1632 753 1781 785 Natalem
1791 754 1893 785 Romae
1904 753 2028 786 celebra-

1144 805 1192 833 vit
1211 824 1222 840 ,
1248 799 1299 833 ubi
1319 799 1413 834 tribus
1431 800 1568 843 depositis
1592 825 1604 841 ,
1633 808 1686 843 qui
1708 803 1812 836 Sedem
1839 802 2028 843 apostolicam

1143 850 1244 882 contra
1265 851 1383 893 regulas
1397 850 1582 895 invaserant
1594 875 1605 892 ,
1629 853 1808 896 suigderum
1828 849 2030 894 Bambergen·

1140 898 1203 942 sem
1214 898 1394 943 Episcopum
1403 901 1551 941 constituit
1557 906 1711 935 Wcarium
1723 901 1910 944 apostolicum
1917 926 1925 935 .
1939 900 2029 934 Tres

1144 948 1223 995 ergo
1233 950 1286 984 isti
1298 950 1412 985 intrusi
1423 962 1460 985 ac
1470 949 1675 987 Schismatici
1687 952 1868 988 Pontifices
1880 962 1950 986 non
1961 951 2030 985 fuo-

1145 1010 1219 1034 runt
1239 999 1258 1033 ὲ
1281 1000 1444 1045 Gregorio
1466 1001 1611 1035 distincti
1633 1025 1645 1041 ,
1672 1003 1726 1037 sed
1746 1013 1815 1038 erat
1835 1002 1864 1037 is
1885 1001 2031 1037 omnino

1145 1060 1228 1083 u-nus
1250 1061 1292 1084 ex
1309 1050 1398 1094 ipfis.
1425 1050 1531 1086 Porro
1546 1050 1743 1087 Benedictus
1764 1063 1874 1088 nonus
1889 1062 1960 1088 erat
1972 1051 2031 1086 Be·
2050 1054 2112 1086 1..1·
2123 1054 2209 1092 Epo:

1125 1105 1127 1116 ¹
1147 1100 1383 1135 nedictiofflvi
1405 1102 1440 1136 δε
1463 1102 1601 1146 loannis
1620 1102 1743 1138 decimi
1765 1104 1872 1138 oetavi
1892 1103 2032 1138 Germa·-

1125 1162 1266 1201 ¹norum
1292 1152 1428 1186 fratrum
1447 1177 1459 1194 ,
1490 1165 1529 1187 ac
1553 1151 1647 1187 Sedis
1671 1153 1872 1197 Apostolicae
1901 1152 2032 1188 invaso-

1144 1212 1218 1235 rum
1228 1226 1239 1243 ,
1265 1202 1421 1236 successor
1431 1203 1465 1237 &
1477 1214 1580 1248 nepos
1590 1227 1601 1244 ‚
1622 1214 1702 1247 puer
1712 1204 1828 1239 decem
1840 1214 2028 1244 annorum,

1147 1252 1204 1294 qui
1227 1252 1399 1295 quomode>
1421 1252 1494 1296 post
1526 1263 1667 1290 mortem
1699 1266 1857 1299 apparens
1877 1263 2033 1289 aeternam

1145 1302 1236 1335 suam
1247 1302 1497 1338 damnat-ionem
1507 1305 1718 1344 revelaverit,
1744 1303 1843 1339 edicit
1866 1304 1902 1338 in
1917 1304 2034 1338 litteris

1147 1352 1188 1386 ad
1210 1351 1392 1388 Nicolaum
1415 1354 1593 1390 secundum
1604 1352 1804 1389 Pontificem
1825 1355 1961 1390 Sanetus
1970 1352 2036 1388 Pe·

1147 1410 1214 1437 trus
1227 1402 1385 1437 Damiani
1397 1430 1404 1437 .

1197 1452 1246 1488 At
1268 1452 1471 1496 longealiter
1490 1452 1547 1487 hic
1558 1454 1658 1487 sentit
1680 1452 1723 1487 de
1734 1453 1901 1497 Gregorio
1921 1454 2036 1487 sexto.

1148 1502 1281 1537 Etenim
1292 1502 1397 1545 prima
1409 1501 1478 1544 ejus
1492 1502 1640 1545 Epistola
1651 1502 1696 1536 est
1722 1502 1763 1536 ad
1774 1502 1943 1537 laudatum
1957 1501 2037 1536 Gre-

1147 1551 1277 1597 gorium
1289 1576 1301 1592 ,
1329 1563 1454 1586 vocans
1473 1553 1708 1587 sanc'ciffimum
1726 1552 1849 1596 Papam
1868 1553 1902 1587 &
1924 1551 2039 1596 adjun-

1147 1614 1247 1647 gens:
1276 1606 1433 1636 Laetentur
1453 1603 1542 1643 coeli,
1569 1605 1604 1637 6·
1628 1604 1741 1637 exultet
1764 1611 1847 1637 terra
1866 1628 1876 1643 ,
1903 1603 1938 1636 ἀν
1959 1606 2042 1635 anti-

1146 1650 1292 1695 quumsui
1298 1655 1382 1694 juris
1388 1653 1586 1696 privilegium
1597 1652 1632 1696 se
1643 1656 1774 1696 recepiffe
1792 1652 2040 1697 sanc‘lagratule-

1147 1713 1197 1737 tur
1220 1702 1348 1744 Ecclesia
1364 1728 1371 1735 .
1399 1702 1467 1737 Sub
1489 1702 1550 1736 illo
1573 1704 1607 1738 &
1622 1715 1679 1748 per
1700 1704 1798 1738 illurn
1820 1705 1945 1739 cessasse
1954 1703 2043 1738 dicit

1149 1754 1296 1797 perversae
1318 1752 1560 1798 negotiationis
1597 1754 1832 1790 commercium
1855 1778 1866 1795 ,
1892 1753 2044 1788 elimina-

1150 1814 1222 1838 tum
1246 1803 1416 1838 Simonem
1441 1804 1475 1838 &
1490 1804 1586 1839 Giezi
1600 1830 1611 1847 ,
1636 1805 1775 1850 reparari
1796 1815 1932 1839 aureum
1950 1803 2043 1847 Apo-

1150 1854 1311 1889 stolorum
1336 1854 1488 1889 saeculum
1502 1879 1514 1895 ,
1535 1866 1604 1888 non
1628 1856 1771 1899 amplius
1795 1853 1895 1889 vendi
1917 1854 2045 1888 colum·

1151 1903 1208 1938 bas
1222 1927 1233 1944 ‚
1261 1904 1412 1939 reflorere
1435 1905 1696 1940 Ecclefiasticam
1719 1905 1928 1948 disciplinam
1947 1929 1954 1936 .
1983 1903 2043 1938 Ab

1127 1971 1129 1975 ¹
1151 1954 1222 1998 ipso
1238 1957 1411 2000 expurgari
1426 1955 1586 1999 supplicat
1605 1956 1768 1992 Ecc'lefias
1795 1955 2043 1995 Pisaurensem,

1128 2019 1131 2038 ;
1156 2006 1336 2039 Fanensem
1350 2030 1360 2045 ,
1388 2005 1422 2039 ὅ(
1446 2005 1668 2041 Castellanam
1682 2032 1692 2047 ,
1718 2016 1755 2041 ut
1774 2016 1842 2042 erat
1862 2014 2043 2050 expurgata.

1154 2055 1306 2088 Romana
1321 2080 1327 2086 .
1356 2055 1510 2098 Ejusdem
1533 2056 1686 2101 Gregorii
1707 2057 1845 2102 grandia
1868 2057 1903 2090 in
1918 2057 2045 2090 Roma-

1154 2116 1232 2139 nam
1243 2117 1281 2139 ac
1293 2116 1430 2140 omnem
1441 2105 1591 2141 Italicam
1603 2107 1781 2141 Ecclesiam
1795 2130 1806 2146 ‚
1816 2118 1914 2150 atque
1928 2105 2042 2139 Eccle-

1153 2155 1312 2189 fiasticam
1325 2156 1537 2199 disciplinam
1549 2157 1662 2191 merita
1675 2157 1764 2202 large
1774 2155 1927 2191 describit
1951 2155 1986 2189 in
1998 2155 2042 2189 se·

1151 2204 1263 2239 cundo
1286 2206 1327 2239 de
1344 2205 1532 2250 Anglotum
1558 2206 1709 2251 Regibus
1729 2206 1815 2244 libro
1837 2205 2041 2240 Guilielmus

1152 2253 1447 2289 Malmesberienfis
1461 2279 1468 2287 .
1497 2256 1576 2299 Ejus
1598 2266 1675 2290 cum
1688 2256 1866 2290 Beneditsto
1891 2256 1926 2289 ὅ(
1937 2255 2040 2289 Silve-

1152 2304 1218 2338 stro
1238 2304 1598 2348 Pseudo-pontificibus
1623 2305 1706 2341 Asta
1720 2306 1821 2341 edicit
1833 2305 1958 2340 Glaber
1971 2305 2040 2340 Ru-

1150 2353 1292 2398 delphus
1302 2379 1313 2396 ‚
1341 2355 1375 2388 &
1388 2355 1511 2399 pergit:
1533 2359 1616 2389 Tunc
1626 2368 1692 2390 cum
1700 2355 1836 2399 consensu
1849 2361 1979 2390 Romani
1985 2364 2040 2397 po-

1145 2407 1213 2447 puli
1224 2415 1314 2447 atque
1328 2417 1366 2438 ex
1383 2414 1530 2447 pracepto
1540 2410 1732 2445 Imperatoris
1759 2406 1868 2447 ejeHus
1882 2405 1920 2445 est
1941 2407 1984 2439 &5
1986 2406 2039 2439 ede

1150 2455 1353 2495 Benedic'lus,
1381 2457 1491 2497 &ejus
1511 2455 1568 2489 loco
1576 2455 1752 2499 subrogatus
1774 2455 1812 2496 est
1822 2455 2040 2500 religiofiffimus

1149 2517 1182 2539 ac
1199 2504 1364 2549 sanc‘litate
1381 2505 1558 2548 perspicuus
1580 2509 1740 2550 Gregorius
1754 2531 1765 2547 ,
1785 2513 1906 2540 natione
1921 2510 2031 2539 Roma-

1127 2565 1129 2567 *
1149 2566 1203 2589 nus
1216 2580 1227 2595 ,
1252 2557 1335 2597 cujus
1346 2555 1519 2597 bonafama
1531 2581 1541 2598 ,
1567 2558 1720 2600 quidquid
1727 2562 1813 2599 prior
1823 2557 2010 2599 foedaverat
2023 2582 2036 2597 ,

1147 2611 1181 2639 in
1193 2607 1297 2639 melius
1321 2605 1500 2648 reformavit
1513 2632 1521 2641 .
1548 2607 1593 2642 Et
1611 2607 1723 2643 Ottho
1736 2607 1945 2652 Frifingenfis
1958 2607 2034 2651 Epi·
2054 2630 2083 2658 L
2087 2632 2114 2659 6.
2134 2638 2177 2667 03
2185 2640 2212 2658 Ζ,

1149 2657 1285 2700 scopus.-
1313 2657 1360 2690 Ob
1381 2669 1419 2691 ea
1430 2663 1511 2691 cives
1532 2661 1661 2691 Romani
1675 2661 1858 2692 Gratianum
1884 2656 2039 2697 Presbyte-

1145 2717 1230 2747 rum,
1255 2715 1412 2749 tamquam
1438 2706 1573 2749 Ecclefiae
1585 2712 1641 2741 Dei
1668 2709 1875 2749 liberatorem,
1902 2714 1935 2741 in
1954 2707 2037 2750 ficm-

1145 2768 1225 2789 mum
1235 2758 1385 2801 elegerunt
1398 2758 1589 2799 Pontificem,
1615 2761 1773 2793 &mutato
1793 2765 1910 2793 nomine
1926 2761 2035 2800 Grego-

1145 2813 1222 2840 rium
1234 2816 1431 2844 vocaverunt.
1459 2808 1694 2851 Fuiffeinjuste
1715 2810 1898 2852 depositum
1913 2807 2034 2850 scripsit

1152 2857 1270 2891 diserte
1280 2857 1322 2892 ad
1333 2857 1519 2892 Henricum
1533 2859 1719 2903 Augustum
1732 2862 1839 2894 Wazo
1853 2860 2034 2903 Episcopus

1144 2907 1334 2943 Leodienfis
1353 2932 1361 2940 .
1397 2909 1544 2954 Magnus
1573 2909 1631 2943 ille
1667 2912 1774 2944 Wazo
1794 2935 1804 2950 ,
1842 2909 1914 2953 post
1946 2918 2037 2941 mor-

1144 2967 1212 2992 tem
1233 2958 1368 2993 meritus
1393 2957 1458 2993 hoc
1482 2959 1695 3002 Epitaphium
1719 2973 1726 2992 :
1754 2965 1830 2993 Ante
1850 2966 1927 3004 ‘ruet
1955 2968 2039 2990 mun·
2052 2971 2088 3002 C·
2104 2975 2168 3003 106,

1142 3009 1202 3041 dus
1211 3033 1223 3048 ,
1246 3006 1449 3055 quamsurgat
1459 3010 1559 3043 Wazo
1567 3008 1712 3053 secundus
1724 3035 1731 3043 .
1761 3008 1876 3043 Exstat
1886 3006 2035 3052 Epistola.

1143 3058 1228 3102 apud
1240 3058 1434 3094 Anseltnum
1463 3060 1606 3102 ejusdem
1636 3058 1784 3092 Ecclefiae
1801 3057 2031 3092 canonicum.

1145 3108 1237 3144 Idem
1262 3109 1385 3152 semper
1405 3109 1531 3149 censuit
1555 3109 1735 3152 Gregorius
1755 3108 1907 3150 septimus
1939 3130 1950 3147 ,
1976 3106 2036 3150 qui

1145 3159 1309 3202 optimum
1345 3157 1544 3192 Pontificem
1576 3158 1609 3191 in
1634 3157 1842 3193 Germaniam
1877 3157 1919 3193 ab
1941 3157 2037 3191 Hen-

1147 3209 1215 3243 rico
1236 3208 1434 3250 Imperatore
1470 3208 1648 3252 relegatum
1679 3208 1734 3241 sua
1759 3209 1876 3251 sponte
1907 3209 2037 3242 secutus

1147 3259 1193 3294 est
1214 3284 1224 3300 ‚
1251 3259 1307 3301 ipfi
1352 3257 1392 3291 ad
1427 3267 1567 3291 mortem
1599 3257 1698 3301 usque
1731 3258 1863 3292 adhaefit
1885 3283 1896 3299 ,
1932 3259 1965 3292 &
1997 3258 2034 3291 in

1148 3308 1215 3352 ejus
1226 3308 1333 3352 postea
1356 3307 1547 3345 memoriam
1573 3308 1696 3342 curavit
1723 3309 1755 3343 se
1780 3321 1820 3342 ex
1833 3308 2034 3342 Hildebran-

1150 3359 1194 3393 do
1229 3357 1340 3391 vocari
1377 3356 1577 3402 Gregorium
1610 3383 1621 3399 ,
1660 3370 1728 3393 non
1765 3359 1893 3394 sextum
1921 3383 1932 3400 ,
1978 3357 2033 3392 sed

1151 3409 1324 3452 septimum
1341 3429 1351 3445 ,
1377 3418 1443 3451 quo
1465 3409 1569 3452 ipsum
1595 3408 1777 3444 ostenderet
1812 3410 1905 3443 fuisse
1929 3407 2033 3451 legiti-

1153 3470 1243 3493 mum
1264 3456 1463 3493 Pontificem
1483 3485 1491 3494 .
1520 3459 1630 3506 Quare
1651 3459 1747 3497 illum
1771 3459 1887 3496 Romae
1917 3458 1952 3490 in
1973 3455 2033 3491 Pa-

1901 3515 1982 3551 patu
