2352 3736
529 119 615 152 na
689 105 727 150 S.
799 105 1137 149 Laouis

259 193 349 229 stolae
361 192 470 226 locum
484 215 494 230 ‚
522 193 585 234 ‚Qui
596 187 694 232 rursus
705 188 877 231 crucifigitis
891 186 1007 220 Filium
1020 188 1074 218 Dei
1086 209 1097 226 ‚
1112 187 1146 219 Θ

260 243 379 283 ostentui
405 241 524 274 habetis
550 266 557 273 .
598 238 828 274 Claudianistae
855 234 1066 286 Iconomachi
1093 234 1145 268 de·

259 291 458 336 torquebant
482 289 632 324 adversus
658 289 799 323 Matrem
824 286 1053 326 Catholicam‚
1079 295 1145 326 quae

262 341 395 384 crucifixi
427 340 537 382 Christi
573 346 732 385 imaginem
757 337 790 370 ob
832 341 991 369 Dominicae
1012 336 1145 378 paffionls

262 398 435 426 memoriam
460 396 493 424 in
518 402 590 424 auro
613 398 666 423 aut
687 398 805 432 argento
825 391 990 429 exprimit,
1013 394 1067 418 aut
1088 396 1147 421 cer-

257 444 289 476 te*
298 447 331 475 in
342 441 452 476 tabulis
464 441 597 484 depingit
612 465 619 472 .
638 438 833 474 Haereticam
846 436 1147 480 interpretationem

259 492 359 536 Ionas
382 491 470 526 varie
493 492 615 525 refutat
640 514 652 530 ,
677 490 711 524 &
736 487 942 532 prosequitur
964 498 971 518 ι
1001 484 1146 527 Apostolus

259 541 330 582 bis,
355 547 406 585 qut
427 549 484 583 per
497 546 636 586 gratiam
660 539 810 580 baptizati·
826 535 920 580 semel
933 535 1084 577 fuerant,
1113 535 1148 567 Θ

260 591 362 626 San&
383 594 514 634 Spiritus
538 591 618 623 dona
644 586 804 631 consecuti,
835 586 899 620 baec
920 588 1048 627 loquitur
1071 609 1078 615 .
1108 587 1149 616 Hi

259 653 410 684 namque,
435 646 486 683 qui
505 646 627 682 peccata
643 663 653 678 ,
681 650 747 680 quae
765 636 827 680 post
851 634 1028 678 baptismum
1053 634 1149 665 admi-

255 690 375 734 ſsrint,
403 701 461 723 mm
474 689 530 732 mfi
536 687 725 731 baptismatis
753 692 906 721 iterat1'one
925 686 1001 718 dilui
1010 683 1085 726 posse
1093 691 1150 724 pu·

258 740 369 774 tahan:
380 763 390 779 ‚
406 742 508 773 merit&
524 738 561 772 ab
572 740 672 773 eodem
685 736 809 780 apostolo
820 743 985 779 arguuntur
995 758 1006 774 ,
1033 734 1150 774 eoquod

257 787 362 832 rursus
367 787 483 832 sibimet
493 788 560 832 ipfis
572 788 770 832 crucifigerent
785 787 898 818 Filium
909 786 964 816 Dei
978 807 989 822 ,
1018 784 1052 817 <w
1062 782 1147 822 osten-

259 845 306 873 tui
317 839 464 874 baberent
476 863 488 880 ,
512 839 716 882 quodomnlnd
733 834 898 876 impqffibile
918 834 1069 875 affirmat.
1097 833 1148 866 zlle

259 895 340 923 enirn
362 894 414 932 qui
434 888 563 933 J‘ecundd
578 886 612 929 se
632 885 710 929 poffl·
734 884 885 926 baptizari
902 891 994 925 putat
1007 909 1018 924 ‚
1044 880 1146 925 rursus

258 937 430 979 Christum,
457 941 504 969 uti
545 937 565 968 ἃ
578 935 722 968 Patribus
741 935 894 980 traditum·
910 938 1091 975 accepimus,
1110 930 1149 973 fi-

259 989 352 1021 bium
369 983 425 1028 ipfi
442 984 585 1030 crucifigit
598 1009 608 1024 ,
634 986 668 1018 et
691 983 810 1024 qstentui
832 982 921 1016 babet
938 1007 946 1015 .
976 983 1019 1017 Et
1042 981 1147 1025 ample

258 1035 324 1070 hoc
347 1034 569 1070 demonstrat.
597 1032 699 1068 Reae
723 1033 835 1067 addit:
862 1035 940 1066 sicut
963 1034 984 1065 ὰ
1006 1032 1147 1065 Patribus

259 1087 408 1120 traditum
417 1091 581 1127 accepimus
594 1109 601 1116 .
631 1083 829 1118 Authentici
839 1083 930 1117 enim
948 1084 982 1117 ὃ(
994 1083 1147 1126 antiquis-

259 1137 329 1170 fimi
342 1135 453 1169 Patres
466 1133 636 1169 laudatum
651 1133 805 1176 Apostoli
832 1133 942 1167 locum
954 1133 1146 1177 intelligunt

259 1186 301 1219 de
325 1185 521 1228 rebaptismo
541 1210 548 1217 .
582 1185 625 1219 Et
648 1181 729 1218 hinc
755 1184 887 1217 Sanetus
913 1183 1148 1221 Firmilianus,

259 1236 339 1270 dum
363 1234 548 1279 Apostolos
568 1235 602 1268 ὅ(
624 1235 758 1268 ειιηᾶος
779 1233 924 1277 ipsorum
950 1234 984 1266 in
1008 1232 1146 1266 Pontica

259 1285 401 1320 Dioecest
424 1286 615 1319 successores
629 1283 806 1328 Episcopos
830 1283 948 1326 scripsit
960 1284 1081 1325 semper
1104 1292 1147 1315 re—

261 1334 433 1378 baptizasse
454 1335 524 1379 post
550 1334 741 1374 haereticos,
766 1332 936 1367 manifeste
957 1333 1001 1366 est
1015 1331 1148 1366 halluci-

260 1395 354 1418 natus
367 1409 374 1416 .
402 1386 450 1419 lra
474 1385 537 1419 viri
550 1395 619 1418 non
638 1383 683 1418 est
704 1393 835 1427 operata
856 1383 1028 1426 justitiam.
1058 1381 1146 1415 Nam

258 1434 300 1469 ad
315 1435 491 1469 Ponticam·
502 1435 678 1469 Dioecefim
690 1434 812 1475 semper
833 1433 983 1476 spestavit
996 1431 1124 1465 Galatia
1136 1454 1147 1470 ‚

258 1485 292 1518 in
307 1495 370 1528 qua
381 1494 507 1519 certum
528 1484 574 1519 est
587 1485 740 1519 Sanctum
753 1482 893 1516 Paulum
905 1482 1048 1516 docuisse
1063 1479 1147 1514 istud

257 1534 386 1578 ipsum,
410 1533 500 1580 quod
523 1534 642 1578 scripsit
664 1533 707 1568 ad
733 1532 890 1566 Hebraeos
910 1556 917 1563 .
948 1531 1058 1564 Etiam
1081 1540 1148 1562 ver·

258 1584 360 1626 bum,
388 1596 457 1629 quo
478 1586 613 1619 Sanctus
628 1581 832 1624 Augustinus
855 1579 942 1613 dixit
966 1577 1051 1612 hanc
1063 1588 1147 1621 quae·

257 1633 400 1667 stionem
423 1643 493 1666 non
513 1631 607 1665 fuiffe
625 1630 766 1665 decisam
786 1628 827 1663 ab
859 1627 1049 1670 ApostoHs,
1077 1637 1144 1659 non

258 1682 354 1726 plene
372 1681 523 1716 subsistit.
537 1680 590 1713 Ex
600 1679 651 1713 his
663 1678 795 1712 interim
814 1677 904 1710 vides
914 1674 1144 1718 rebaptismum

257 1734 322 1765 effe
332 1729 531 1763 horrendum
551 1729 675 1762 facinus
688 1726 898 1766 Arianorum,
927 1725 1066 1766 ideoque
1078 1723 1145 1757 Mi-

259 1779 382 1815 chaelis
395 1778 556 1813 Cerularii
567 1778 740 1812 faffionem
755 1775 876 1811 merito
899 1774 945 1809 ob
956 1776 1059 1819 ipsum
1070 1774 1145 1808 fuis·

260 1832 293 1865 se
314 1829 501 1865 damnatam
522 1825 942 1864 aCardinaliHumberto.

399 2045 822 2113 cR1M'EN
892 2065 998 2109 iv.

261 2209 384 2254 Graeci
402 2241 415 2265 ‚
439 2205 541 2269 ficut
571 2201 774 2266 Donatssae
797 2237 811 2262 ,
847 2197 1048 2261 affirmant
1074 2221 1143 2248 ex-

331 2292 436 2344 cepta
472 2276 689 2320 Graecorum
737 2270 902 2335 Ecclesia
937 2270 1143 2336 Ecclefiam

329 2343 467 2409 Christi
483 2381 496 2405 ‚
531 2348 590 2390 <9⁴
625 2362 759 2390 verum
795 2338 1034 2404 Sacrificium
1080 2357 1143 2388 at-

331 2435 396 2481 que
431 2410 677 2482 ssapti'smum
709 2432 759 2461 ex
794 2427 868 2459 toto
902 2409 1037 2458 mundo
1073 2428 1144 2479 pe-

331 2482 423 2549 riiffl’
438 2521 450 2533 .

335 2624 495 2660 Ortunius
515 2624 760 2659 Tuburficenfis
779 2622 958 2667 Episcopus
968 2620 1142 2657 Donatista

362 2674 397 2705 in
422 2675 476 2706 sua
502 2686 578 2708 cum
606 2674 725 2708 sancto
751 2673 940 2717 Augustino
961 2685 999 2707 ae
1026 2658 1157 2727 Sanstol

265 2723 396 2765 Alypio
415 2720 633 2765 disputatione
657 2724 810 2766 professus
830 2722 891 2755 fuit
914 2724 1037 2755 tamdiu
1047 2719 1144 2765 trans-

265 2779 450 2805 marinarum
471 2777 607 2812 partium
629 2772 768 2814 Ecclesias
794 2770 930 2817 “manfiffi·
952 2778 1118 2805 innocentes
1131 2796 1143 2812 ‚

264 2822 352 2855 donec
372 2819 616 2864 consenfiffi’nt-in
640 2819 928 2864 eorum‘sangui'nem
948 2846 959 2862 ,
987 2833 1059 2864 quos
1074 2825 1139 2854 Ma-

261 2871 436 2904 charianam
445 2869 673 2913 persecutionem
681 2870 790 2911 pertuli·
811 2882 826 2903 e
841 2871 974 2904 dicabat.
1001 2870 1016 2903 Ι
1020 2882 1145 2914 mpera-

94 2920 247 2962 Epist·i63-
263 2930 315 2955 tor
325 2922 553 2955 Diocletianus
576 2931 661 2954 nova
686 2919 917 2963 persecutionis
940 2921 1042 2963 specie
1052 2932 1143 2955 vexa-

263 2972 311 3005 vit
336 2970 636 3007 Christianitatem-
664 2971 787 3003 Omnes
799 2969 1014 3003 Ecclesiarum
1026 2969 1142 3005 biblio·

264 3020 373 3055 thecas
394 3020 568 3055 &archiva
591 3019 741 3064 spoliavit
756 3043 766 3058 ,
792 3019 826 3052 ὅτ.
844 3020 978 3053 ευηξὶος
1005 3019 1139 3063 ipsarum

264 3071 442 3114 Episcopos
461 3072 493 3105 &
506 3071 653 3105 Clericos
678 3068 848 3103 tormentis
867 3069 1027 3112 compulit
1040 3067 1078 3102 ad
1089 3082 1141 3105 oc-

264 3121 462 3155 cultator-um
485 3119 659 3160 codicum,
686 3119 977 3153 instrumentorum
1001 3143 1012 3158 ,
1039 3119 1140 3154 sacro-

264 3181 402 3213 rumque
413 3171 561 3204 vasorum
583 3171 617 3204 δε
631 3169 897 3204 vestimentorum
909 3168 1139 3204 traditionem:

265 3219 399 3253 Exustis
412 3219 500 3253 libris
522 3221 556 3254 ὅ(
571 3220 689 3254 chartis
709 3219 846 3261 speravit
859 3216 1137 3254 Christianitatem

266 3281 321 3312 per
335 3271 365 3303 se
377 3269 529 3303 ruituram
541 3293 550 3302 .
578 3270 621 3304 Er
631 3268 702 3304 vere
713 3270 775 3303 fuit
793 3267 956 3302 diabolica
970 3267 1118 3304 machina
1131 3299 1138 3306 .

266 3319 320 3352 Ex
343 3320 409 3362 ipsa
429 3318 548 3352 faiium
569 3319 614 3352 est
628 3329 663 3354 ut
683 3318 722 3353 de
736 3319 894 3363 primaevis
905 3318 1137 3362 Apostolorum

265 3380 303 3403 ac
323 3370 459 3405 allorum
470 3368 604 3405 Parrum
627 3369 814 3405 nostrorum
837 3369 945 3405 Gestis
965 3367 1140 3408 habeamus

1208 101 1440 148 N0N1
1508 104 1803 147 ACTIS.
1912 119 2010 164 413

1205 184 1370 220 modicam
1384 184 1537 218 noritiam
1548 208 1556 216 .
1585 183 1630 218 Et
1642 183 1700 228 qui
1716 196 1758 219 ex
1769 192 2008 220 tormentorum
2019 187 2083 222 me·⁴

1206 245 1241 268 tu
1263 235 1459 270 obedierunt
1483 234 1626 277 Principi
1641 258 1651 274 ‚
1673 233 1826 276 appellati
1848 235 1978 269 fuerunt
1989 238 2085 270 tradi-

1207 296 1290 319 tores
1304 299 1314 318 :
1335 283 1553 318 Thurificatis
1560 295 1616 319 aut
1627 283 1780 318 libellatis
1794 285 1826 317 in
1835 284 1971 319 crimine
1983 296 2088 331 aequa·

1207 334 1270 368 les.
1297 334 1342 368 Et
1354 334 1421 369 haec
1434 334 1611 378 persecutio
1629 332 1758 378 peffime
1769 334 1897 368 faedavit
1916 333 2085 371 Africani

1208 384 1341 418 Etenim
1361 383 1501 419 Secundi
1527 409 1537 424 ‚
1564 384 1743 429 Tigisitani
1772 384 1924 428 Episcopi
1946 384 1982 419 δε
2004 395 2086 421 tuno

1208 446 1261 478 per
1285 434 1480 469 Numidiam
1503 434 1676 475 primatis,
1702 445 1743 469 ex
1765 433 1828 468 isto
1850 434 1884 468 δε
1905 434 1972 469 alio
1993 435 2085 471 vario

1207 485 1295 527 lapsu
1313 485 1458 528 leprosa,
1484 484 1574 527 cujus
1598 485 1729 529 signifer
1755 484 1818 518 fuit
1832 485 1983 518 Donatus
1999 484 2086 528 apud

1207 534 1302 568 Casas
1316 535 1422 579 nigras
1436 535 1635 577 Episcopus,
1662 535 1758 568 factio
1771 534 1933 568 novellam
1945 534 2088 569 Caecilia-

1208 585 1241 617 ni
1265 586 1298 617 in
1323 583 1619 629 Carthaginensem
1655 584 1799 618 defunsti
1827 583 1986 618 Mensutii
2017 584 2087 621 Pri-

1206 633 1369 668 matialem
1406 632 1603 668 Cathedram
1640 633 1884 677 promotionem
1913 634 2023 670 noluit
2042 645 2087 669 eie

1205 684 1306 718 caufis
1325 682 1519 723 admittere,
1544 684 1630 717 dixit
1658 683 1753 718 illum
1781 685 1843 718 effe
1867 694 1924 719 aut
1953 683 2086 719 tradito-

1206 744 1274 766 rem
1299 757 1310 773 ,
1355 743 1410 766 aut
1429 732 1447 766 a
1462 730 1672 766 traditoribus
1695 732 1883 767 ordinatum
1906 759 1915 767 .
1951 734 2086 768 Timuit

1204 782 1246 816 ab
1266 781 1326 815 illo
1350 780 1505 816 convinci
1532 782 1573 816 de
1596 780 1658 814 isto
1680 781 1756 824 ipso·
1777 782 1915 816 crimine
1938 807 1950 822 ,
1975 795 2011 817 ac
2031 782 2087 818 da-

1206 833 1310 866 mnari
1333 857 1340 864 .
1370 832 1413 866 Et
1439 831 1525 865 istud
1549 831 1750 876 singulariter
1767 831 1891 866 crimen
1913 831 1998 866 dixit
2022 834 2086 868 esse

1206 881 1431 927 contagiosam
1453 881 1593 916 scabiem
1619 905 1630 923 ,
1666 892 1738 925 quae
1759 892 1828 916 non
1860 880 1966 916 solum
1990 882 2087 917 Ordi-

1208 943 1287 966 nato
1307 930 1347 966 ab
1369 931 1554 967 Ordinante
1577 956 1588 973 ‚
1615 941 1671 966 aut
1694 932 1799 966 cuivis
1823 931 1990 966 lnitiatoa
2007 943 2089 976 quo·

1207 983 1255 1016 vis
1279 982 1436 1017 Initiante
1461 1006 1472 1022 ,
1508 981 1563 1017 sed
1588 983 1688 1016 etiam
1715 981 1818 1017 cuivis
1842 983 2091 1017 communican-

1207 1033 1231 1066 ti
1259 1033 1448 1067 affricetur.
1475 1032 1588 1067 Omne
1613 1033 1736 1067 crimen
1763 1030 1918 1067 dixerunt
1944 1033 2006 1067 effe
2027 1031 2087 1066 hu-

1205 1082 1345 1124 jusmodi
1366 1081 1506 1116 scabiem
1531 1107 1538 1114 .
1577 1081 1681 1129 Qod
1703 1093 1812 1117 tamen
1836 1081 2008 1117 traditioni
2027 1084 2087 1116 fin-

1208 1132 1355 1176 gularem
1391 1130 1578 1166 maculandi
1617 1134 1684 1165 vim
1714 1132 1938 1176 adscripserint
1959 1156 1970 1172 ‚
2005 1133 2091 1167 affir-

1210 1192 1276 1216 mat
1298 1182 1333 1215 in
1355 1182 1440 1216 libro
1463 1183 1505 1217 de
1525 1181 1625 1217 unico
1650 1181 1846 1225 Baptismate
1867 1183 2000 1216 Sanctus
2018 1183 2088 1216 Au-

1207 1231 1353 1276 gustinus
1374 1257 1381 1265 .
1418 1232 1461 1265 Et
1495 1242 1602 1268 revera
1627 1232 1783 1275 pleraeque
1813 1233 1959 1277 ipsorum
1980 1232 2085 1267 decla·

1209 1284 1370 1316 mationes
1391 1283 1466 1316 sunt
1487 1281 1523 1316 in
1545 1282 1632 1316 solos
1653 1282 1845 1317 traditores.
1871 1282 1964 1316 Hinc
1983 1283 2087 1317 Caeci-

1209 1331 1331 1365 lianum
1369 1332 1403 1366 &
1442 1343 1577 1366 omnem
1608 1331 1676 1375 ejus
1711 1332 1983 1367 communionem
2011 1332 2101 1367 sunt¹

1209 1380 1411 1415 hostiliffime
1433 1383 1567 1417 aversati
1590 1406 1600 1422 ,
1632 1382 1849 1417 discreverunt
1874 1383 1905 1417 se
1930 1382 1970 1416 ab
1991 1380 2052 1417 hac
2074 1407 2086 1423 ‚

1205 1432 1294 1465 illius
1325 1432 1569 1466 ordinationem
1591 1433 1785 1466 censuerunt
1817 1433 1941 1466 irritam
1979 1433 2011 1467 &
2034 1443 2089 1466 va·

1207 1493 1325 1521 cuam,
1350 1491 1521 1516 erexerunt
1543 1492 1667 1515 novum
1691 1482 1791 1516 altare
1811 1507 1821 1523 ‚
1848 1483 1883 1516 δε
1909 1483 1942 1515 in
1966 1481 2088 1515 Prima-

1206 1529 1318 1563 tialem
1359 1530 1480 1564 Africae
1515 1529 1672 1565 thronum
1719 1533 1916 1566 intruserunt
1951 1531 2089 1573 Majori-

1206 1590 1304 1612 num·
1333 1581 1460 1614 Omnes
1480 1590 1555 1615 curn
1569 1579 1752 1614 Caeciliano
1777 1582 2014 1624 perseverantes
2033 1581 2089 1615 du·

1205 1637 1324 1660 xerunt
1361 1627 1537 1669 Apostatas
1561 1653 1572 1668 ‚
1608 1630 1643 1663 δε
1675 1630 1814 1664 minime
1845 1628 2053 1666 Christianos
2080 1644 2087 1662 ε

1206 1675 1340 1719 Utpote
1361 1676 1418 1719 qui
1442 1687 1483 1709 ex
1504 1677 1670 1711 traditoris
1703 1680 1940 1714 communione
1967 1681 2089 1723 polluti

1205 1724 1486 1760 christianitatem
1507 1726 1712 1762 excuffiffent
1725 1754 1732 1761 .
1760 1729 1804 1763 Et
1823 1739 1938 1763 omnes
1954 1729 1996 1764 ab
2018 1731 2087 1774 ejus

1204 1775 1378 1818 Episcopis
1413 1786 1470 1810 aut
1505 1776 1642 1811 Clericis
1679 1777 1859 1822 baptizatos
1892 1782 2087 1815 censuerunt

1203 1823 1382 1868 baptizatos
1401 1835 1491 1859 extra
1516 1825 1695 1861 Ecclesiam
1720 1852 1731 1868 ‚
1769 1829 1802 1861 &
1823 1828 2064 1872 rebaptizarunt
2078 1855 2087 1863 .

1203 1875 1339 1910 interim
1364 1886 1570 1920 agnoverunt
1594 1878 1843 1912 transmarinam
1871 1879 2052 1913 Ecclesiam
2076 1892 2085 1912 :

1201 1926 1235 1959 ἀ
1269 1925 1415 1959 Graecam
1454 1925 1487 1959 &
1517 1925 1670 1960 Latinam
1693 1949 1705 1967 ,
1744 1928 1931 1962 Romanam
1967 1930 2088 1972 praeser-

1202 1975 1261 2009 tim
1277 1999 1287 2015 ,
1314 1976 1403 2009 suam
1426 1974 1683 2010 patriarchalem
1702 2001 1710 2007 .
1752 1976 1844 2010 Nam
1869 1977 1902 2010 &
1924 1976 2086 2013 Melchia-

1201 2025 1277 2060 dem
1299 2024 1494 2060 Pontificem
1517 2036 1726 2070 agnoverunt
1757 2026 1792 2061 in
1818 2025 1880 2061 suae
1910 2029 2010 2062 causae
2033 2029 2086 2072 Ju-

1201 2075 1308 2110 dicem
1338 2100 1349 2115 ,
1376 2076 1410 2109 &
1432 2075 1448 2108 a
1470 2075 1601 2121 Magno
1624 2076 1847 2111 Constantino
1870 2077 2085 2121 impetrarunt

1202 2125 1424 2170 illiadjungi
1466 2125 1595 2169 aliquot
1634 2126 1827 2161 Gallicanos
1860 2127 2043 2172 Episcopos
2069 2153 2083 2171 ‚

1201 2173 1289 2219 quod
1316 2175 1385 2209 illic
1416 2175 1475 2209 sub
1502 2177 1682 2219 imperante
1712 2176 1780 2220 eJus
1806 2177 1903 2212 Patre
1923 2178 2084 2214 Constan-

1201 2226 1250 2259 tio
1294 2225 1385 2259 nulla
1408 2225 1514 2260 fuiffet
1537 2226 1717 2269 persecutio
1739 2226 1874 2272 grassata
1895 2251 1908 2268 ‚
1943 2226 2083 2273 ideoque

1201 2274 1290 2309 nulla
1313 2276 1411 2309 etiam
1430 2276 1507 2310 esset
1531 2277 1659 2311 macula
1684 2286 1740 2312 aut
1766 2276 1924 2322 contagio
1936 2278 2083 2314 traditio-

1201 2326 1267 2359 nis.
1297 2325 1340 2359 Et
1367 2326 1410 2359 ita
1435 2337 1485 2360 res
1506 2326 1598 2360 vario
1624 2328 1767 2363 succe-flu
1789 2327 1968 2362 ambulavit
1981 2330 2082 2373 usque

1201 2375 1243 2409 ad
1265 2374 1409 2420 Legatos
1433 2375 1468 2409 in
1490 2373 1637 2411 Africam
1658 2376 1700 2412 ab
1721 2376 1875 2422 Augusto
1898 2378 2084 2414 Constante

1202 2425 1389 2460 Macarium
1428 2426 1461 2460 δε
1494 2425 1634 2461 Paulum
1654 2453 1662 2460 .
1701 2427 1803 2463 Tunc
1830 2428 1989 2471 Majorini
2011 2431 2083 2464 suc·

1202 2475 1303 2510 cessor
1322 2475 1476 2510 Donatus
1494 2477 1641 2512 exercuit
1662 2478 1726 2512 suae
1745 2477 1896 2522 superbiae
1917 2478 2081 2513 turbulen-

1204 2526 1265 2559 tias
1290 2550 1301 2565 ,
1325 2537 1441 2560 omnes
1461 2528 1689 2562 transmarinas
1725 2528 1882 2563 Ecclesias
1911 2528 2081 2563 blateravit

1204 2575 1395 2609 consenfiffe
1406 2575 1457 2609 isti
1469 2575 1626 2621 legationi
1652 2578 1687 2611 δε
1710 2578 1801 2612 fabiis
1816 2589 1871 2621 per
1891 2579 1991 2622 ipsam
2013 2589 2079 2622 per-

1205 2625 1449 2667 secutionibus,
1476 2625 1617 2671 ideoque
1635 2626 1678 2662 ab
1699 2625 1759 2661 hac
1780 2629 1971 2672 contagiosa
1990 2628 2081 2672 lepra

1203 2672 1380 2709 sordidatas
1418 2686 1533 2709 omnes
1556 2700 1567 2715 ,
1593 2676 1628 2709 δε
1662 2688 1778 2711 exutas
1811 2675 2078 2712 Christianitate.

1204 2723 1482 2758 Christianitatem
1493 2734 1572 2759 tunc
1582 2724 1665 2759 dixit
1683 2727 1808 2770 periisse
1827 2726 1870 2761 de
1888 2735 1961 2761 toto
1981 2738 2078 2762 terra-

1205 2785 1275 2808 rum
1294 2773 1396 2813 orbe,
1421 2775 1455 2808 &
1478 2776 1660 2809 remansisse
1683 2776 1767 2819 apud
1790 2776 1876 2811 solos
1896 2778 1958 2811 suae
1978 2779 2077 2821 partis

1206 2824 1304 2859 Afros
1329 2848 1338 2857 .
1365 2823 1491 2859 Verum
1528 2823 1661 2860 Christo
1697 2826 1850 2861 Domino
1883 2828 2033 2870 promissa
2057 2828 2082 2863 ἡ,

1205 2875 1278 2908 Deo
1296 2872 1391 2908 Patre
1412 2874 1578 2909 haereditas
1600 2876 1644 2910 est
1658 2875 1674 2908 a
1686 2878 1766 2910 mari
1789 2878 1887 2921 usque
1905 2876 1949 2911 ad
1965 2888 2073 2919 mare,

1202 2923 1265 2958 &a
1286 2924 1422 2959 flumine
1443 2926 1543 2968 usque
1565 2925 1606 2960 ad
1626 2928 1782 2961 terminos
1802 2927 1891 2961 orbis
1902 2936 2076 2963 terrarum.

1203 2973 1299 3007 Nihil
1321 2974 1430 3010 altiori
1451 2985 1530 3009 voce
1545 2974 1665 3009 clamat
1691 2986 1875 3020 utrumquev
1890 2977 1957 3012 Dei
1984 2978 2077 3012 testa·

1203 3020 1371 3066 mentum,
1397 3025 1494 3068 quam
1515 3026 1730 3060 universalem
1754 3027 1905 3062 omniurn
1925 3028 2077 3072 gentium

1204 3075 1410 3109 vocationem
1430 3074 1543 3109 durare
1573 3076 1673 3119 usque
1693 3076 1735 3110 ad
1758 3078 2077 3113 consummationem

1205 3123 1326 3165 saeculi,
1352 3125 1387 3158 ὅ(
1411 3123 1533 3158 Christi
1557 3124 1733 3160 Ecclesiam
1753 3128 1816 3162 effe
1837 3128 1990 3171 perpetuo
2009 3128 2077 3162 Ca-

1204 3172 1378 3208 tholicam.
1408 3175 1450 3208 Et
1467 3173 1545 3208 hinc
1557 3175 1737 3210 Donatistae
1762 3177 1797 3211 in
1821 3178 1907 3213 varia
1928 3176 2075 3221 phantass

1203 3233 1288 3257 mata
1308 3224 1340 3257 se
1360 3225 1584 3258 contorserunt
1611 3251 1619 3258 .
1655 3226 1770 3261 Primo
1789 3249 1800 3267 ,
1838 3227 1873 3262 δε
1911 3227 2074 3263 Romanis

1202 3275 1234 3307 ἀ
1257 3273 1446 3316 Hispanis,
1471 3275 1504 3308 δε
1519 3275 1590 3309 aliis
1611 3277 1766 3321 gentibus
1787 3277 1944 3312 miserunt
1971 3286 2074 3310 novos

1206 3323 1380 3367 Episcopos
1393 3346 1403 3362 ‚
1430 3325 1589 3368 sperantes
1610 3326 1731 3370 ubique
1750 3325 1914 3361 Christum
1938 3325 2075 3359 eradica·

1203 3384 1234 3408 re
1243 3398 1254 3417 ,
1282 3373 1315 3409 ὅ(
1327 3374 1472 3419 plantare
1483 3375 1654 3412 Donatum
1664 3401 1672 3410 .
1686 3375 1812 3414 Verum
1822 3375 1909 3421 quod
1924 3372 2074 3411 machina

1955 3435 2026 3458 non
