2352 3736
81 272 155 310 ΦΓ·
167 281 194 309 7.-

85 2515 236 2550 10..ch-

594 142 960 189 -SecuNDuM
992 140 1292 188 Romnum
1329 138 1646 183 Concu-ru
1668 152 1723 183 M.

248 228 400 276 spirituali
413 231 524 260 virtute
537 250 547 265 ,
570 223 680 268 scimus
705 223 865 267 &servari
873 224 949 266 posse
973 220 1130 266 inconsum-

242 278 349 330 ptibili
355 281 569 320 perennitate,
594 281 665 317 quia
677 285 865 317 quaecumque
886 272 1019 312 Christus
1033 283 1071 306 ex
1083 270 1130 303 his

247 329 391 372 elegerit,
417 327 453 360 de
477 323 529 369 suo
549 328 742 366 sacramento
759 323 903 366 perflecit.
932 322 1009 363 Absit
1028 332 1130 362 tamen

247 389 282 418 ut
293 387 410 411 tantum
423 376 583 425 Mysterium
592 374 707 420 seceffui
726 374 787 417 fiat
797 369 955 412 obnoxium
964 397 975 413 ‚
1002 378 1035 405 in
1047 384 1102 415 quo
1106 370 1136 412 fi

242 430 325 472 forte
342 429 412 461 ordo
425 436 548 467 naturae
556 424 701 469 servatur
721 422 922 464 ,Mfflerium
934 446 946 462 ,
972 424 1052 463 quod
1066 420 1130 465 sola

245 479 309 521 fide
326 477 501 521 conspicitur
524 501 535 517 ,
558 471 764 512 ‘humiliatur-
805 472 862 506 An
885 483 928 505 ex
954 472 1130 513 extrinseca

245 526 315 567 Dei
332 528 532 572 protectione
546 549 556 566 ,
567 537 608 559 an
621 524 796 563 intrinseca
813 522 877 565 aliq
884 534 925 555 ua
937 523 1057 556 virtute
1069 522 1133 565 spe-

250 579 316 613 cies
327 579 407 619 fiant
419 572 700 619 incorruptibiles,
730 569 849 614 haeret,
875 584 936 607 nec
946 572 1043 606 audet
1054 570 1131 605 defi-

246 630 338 663 nire.
366 629 480 670 Haeret
498 635 541 659 an
562 634 632 663 non
654 622 884 665 diffundantur
917 632 971 665 per
1001 620 1127 665 singula

250 679 394 713 membra
406 676 512 712 nostra
524 698 534 714 ,
563 683 742 717 parentque
754 673 787 714 ὅς
798 682 909 716 aptent
920 671 962 706 ad
985 672 1131 705 futuram

248 726 530 770 Resurrestionem
540 735 577 757 ac
591 723 871 758 immortalitatem
883 746 891 754 .
912 721 1026 755 Palam
1035 721 1131 764 respi-

248 779 296 818 cit
305 777 346 818 ad
356 775 498 819 superius
518 772 649 808 laudata
669 774 776 812 Sane‘ti
797 771 920 815 Cyrilli
939 771 1130 814 Hierosoly-

249 821 367 863 mitani
381 824 494 859 verba:
523 828 619 858 Panis
632 823 741 865 bicper
754 832 783 865 te
792 830 885 863 totum
895 822 939 855 ad
948 827 1076 865 corporis
1098 824 1133 864 ζρ·

253 883 362 917 animae
369 876 531 908 utilitatem
541 873 728 914 distribuitur
737 898 746 906 .

302 924 456 970 Ejusdem
467 926 575 959 sensus
583 923 645 965 fuit
657 921 779 965 Glabet
791 921 989 966 Rudolphus
1010 922 1135 956 Mona=

250 977 334 1017 chus
346 975 572 1011 Cluniacenfis
588 987 595 1006 z
622 975 860 1016 Illudpraecipue‘
870 974 1109 1011 commonendum
1123 996 1135 1013 ,

251 1030 333 1072 quod
342 1031 480 1068 Corporis
491 1027 526 1059 (w
536 1026 695 1067 Sanguinis
708 1027 829 1062 Domini
835 1028 866 1068 J
871 1026 922 1056 Es
924 1028 952 1056 U
960 1022 1071 1062 Christi
1087 1027 1136 1056 vi-

251 1077 376 1120 vificans
393 1075 556 1117 mysterium
575 1073 756 1112 existimetur
778 1074 947 1107 nullatenus
966 1079 1000 1106 in
1021 1071 1055 1116 se
1062 1074 1136 1115 pati

252 1127 444 1171 dispendium
456 1151 467 1165 ,
491 1134 545 1158 aut
555 1123 623 1168 casu
635 1126 734 1168 aliquo
744 1130 892 1157 incurrere
898 1125 1060 1166 periculum
1072 1148 1079 1154 .
1105 1125 1124 1155 5
1126 1128 1136 1155 i

253 1180 375 1221 quando
391 1177 514 1215 videtur
525 1174 628 1213 collabi
632 1174 685 1217 seu
697 1176 830 1215 deperire
845 1183 903 1215 per
928 1175 1137 1217 negligentiam

245 1227 529 1274 fibitracqantium,
555 1221 643 1262 restat
655 1224 784 1268 eisdem,
804 1224 898 1272 sinon
920 1226 1057 1257 alacriter
1075 1233 1138 1265 ραι·-

246 1276 422 1316 nituerint,
449 1276 649 1307 damnationis
657 1277 820 1316 judicium.
848 1274 1003 1309 Nicetam
1028 1273 1138 1308 Pecto-

251 1339 383 1370 ratum,
410 1325 588 1366 Studienfis
607 1325 692 1367 apud
716 1324 1044 1367 Constantinopolim
1068 1324 1140 1357 Coe-

252 1379 347 1414 nobii
371 1370 600 1413 Monachum,
627 1374 715 1417 quod
725 1374 933 1412 Eucharistiae
955 1374 1139 1417 sumptione

253 1428 391 1474 garriret
404 1426 488 1460 solvi
498 1424 720 1465 Ecclesiastica
730 1423 851 1466 jejunia
865 1447 876 1464 ,
902 1424 1069 1467 ipsamque
1085 1434 1139 1467 per

254 1477 446 1521 Aqualiculi
458 1475 676 1519 digestionem
683 1474 808 1511 dimitti
821 1474 854 1508 in
866 1473 1017 1508 secessum
1032 1497 1042 1512 ‚
1058 1473 1140 1508 Ster-

255 1526 452 1567 coranistam
467 1524 641 1568 appellavit
650 1524 748 1557 etiam
767 1522 954 1556 Cardinalis
973 1521 1139 1555 Humber-

255 1589 331 1617 ως,
355 1576 481 1610 Leonis
507 1573 589 1607 noni
615 1573 654 1606 ad
683 1573 940 1607 Constantinum
962 1570 1140 1605 Monoma·

253 1627 356 1661 chum
382 1626 549 1669 Legatus,
576 1624 610 1657 &
636 1622 806 1666 adjungit:
835 1623 933 1655 Plane
953 1620 1050 1665 sentis
1077 1633 1139 1654 cum

256 1681 347 1718 ¹arlo,
372 1681 424 1718 qut'
449 1676 512 1709 cum
533 1682 592 1715 pro
626 1675 695 1707 aliis
732 1671 920 1715 blasphemiis
956 1678 990 1704 in
1027 1671 1140 1704 Filium

257 1731 316 1760 Dei
339 1751 351 1767 ,
384 1734 448 1758 tum
484 1730 575 1757 etiam
605 1731 663 1764 pro
699 1722 753 1762 ista
781 1722 909 1764 foveam
944 1719 1082 1764 delapsus
1109 1726 1141 1753 in

257 1787 360 1809 atram
374 1801 384 1816 ,
409 1774 571 1818 visceribus
593 1772 693 1814 fufis‚
720 1770 885 1814 vacuusque
909 1779 1013 1810 ventre
1026 1782 1141 1804 reman-

251 1827 291 1876 sit
310 1851 318 1858 .
342 1825 376 1866 A
403 1823 595 1868 quibusdam
621 1823 711 1856 enim
739 1822 839 1856 Arius
863 1832 904 1855 ex
930 1821 1040 1855 nescio
1074 1832 1141 1865 quo

257 1878 288 1910 S.
298 1870 434 1920 Ioannis
453 1873 683 1916 Chrysostomi
699 1873 776 1912 looo
797 1872 920 1912 dicitur
941 1872 1034 1912 fuisse
1060 1872 1142 1905 Ster-

257 1925 437 1965 coranissa.
465 1921 618 1963 Eundem
647 1919 820 1963 Nicetam,
849 1921 939 1965 quod
966 1921 1039 1965 post
1078 1922 1141 1960 Eu-

256 1975 444 2013 charistiam
456 1974 601 2011 assereret
613 1972 719 2010 statim
733 1973 822 2016 posse
832 1973 914 2005 sumi
929 1972 1011 2005 alios
1023 1970 1114 2005 cibos
1130 1996 1141 2012 ,

258 2038 301 2060 ex
313 2024 455 2069 superius
466 2021 602 2058 adducta
615 2023 719 2057 Sansti
732 2022 915 2057 Clementis
926 2023 999 2061 fidia
1013 2020 1140 2066 Episto-

253 2077 291 2109 'la
300 2076 404 2119 arguit
416 2074 544 2116 insuper
555 2072 759 2107 Humbertus
771 2097 781 2112 ,
809 2071 964 2107 recedens
976 2073 994 2106 ὲ
1006 2069 1142 2110 Pascha

259 2125 296 2159 fii
319 2124 464 2167 judicio,
495 2124 550 2167 qui
573 2123 736 2166 Epistolas
755 2122 829 2156 istas
862 2123 902 2157 ad
940 2120 1140 2165 Apocrypha

260 2176 379 2209 merito
392 2173 589 2217 proscripsit.
619 2173 887 2218 Quodipsumin
915 2171 1009 2205 libris
1033 2170 1141 2205 adver-

259 2227 311 2258 sus
324 2225 555 2268 Berengarium
567 2223 795 2268 fecitAlgerus
821 2221 1011 2256 Leodienfis
1030 2221 1143 2255 Ecc1e÷

258 2275 307 2308 fiae
328 2274 521 2308 Canonicus
540 2298 550 2313 ‚
576 2273 610 2305 &
632 2271 797 2315 adjunxit;
827 2274 911 2305 Licet
927 2270 1016 2314 fimili
1033 2271 1118 2303 modo
1131 2294 1142 2310 ,

258 2325 401 2366 quantum
413 2325 456 2356 ad
464 2321 674 2363 comestionem,
700 2331 754 2363 per
775 2334 805 2354 os
826 2327 859 2360 in
883 2330 1020 2355 ventrem
1041 2325 1141 2354 mitta-

255 2383 306 2412 tur
317 2397 327 2413 ,
350 2373 422 2415 absit
434 2383 534 2411 tamen
546 2382 579 2412 ur
589 2381 705 2404 tantum
714 2374 936 2411 Sacramentum
942 2369 1055 2415 seceffui
1077 2382 1138 2404 cre-

257 2426 348 2457 datur
359 2425 515 2461 obnoxium
528 2447 538 2461 ,
565 2428 597 2454 in
617 2434 674 2464 quo
691 2421 720 2462 fi
738 2421 906 2465 hujusmodi
928 2430 1047 2455 naturae
1068 2422 1139 2453 ordo

255 2475 455 2516 compleatur,
483 2473 648 2514 Mysterium
670 2471 741 2519 fidei
763 2478 859 2505 nimia
875 2470 934 2515 sua
956 2473 1138 2516 indignitate

257 2525 450 2562 humiliatur.
478 2524 563 2570 Qae
577 2521 671 2557 verba
684 2522 788 2566 palum
810 2522 979 2566 desumpta
1001 2522 1076 2556 sunt
1098 2533 1138 2556 ex

259 2574 322 2607 isto
345 2574 530 2616 Anonymo
551 2568 735 2615 Scriptote.
764 2572 808 2605 Et
829 2573 933 2606 insti:
969 2576 1042 2604 Non
1065 2569 1138 2614 sunt

260 2622 445 2666 observanda
457 2626 625 2656 Graecorum
636 2626 840 2659 Haereticorum
851 2647 862 2663 ‚
886 2627 937 2664 qui
947 2625 1050 2655 merita
1061 2624 1140 2654 Ster-

261 2673 411 2712 coranistae
423 2683 567 2708 vocantur
577 2698 587 2713 ‚
613 2673 812 2709 deliramenta
824 2696 834 2712 ,
860 2677 910 2714 qui
923 2673 1026 2706 dicunt
1037 2677 1138 2714 parti-

261 2725 760 2767 cipationeCorporis&Sanguinis
773 2722 882 2763 christi
900 2720 979 2770 fhlvi
1001 2721 1140 2763 Ecclefia-

257 2772 330 2813 stica
334 2773 452 2813 jejunia
463 2770 550 2814 usque
561 2775 604 2805 ad
612 2774 763 2815 crapulam
787 2774 822 2806 (θ’
841 2773 1034 2814 ebrietatem,
1070 2782 1141 2806 ven-

260 2820 372 2864 trisque
381 2820 596 2862 distensionem,
617 2831 762 2865 putantes
775 2821 921 2863 Caelestem
945 2821 1038 2866 escam
1059 2824 1141 2859 velut

261 2882 410 2905 terrenam
421 2869 623 2910 indifferenter
644 2878 760 2914 accipi,
787 2874 821 2906 (5
842 2878 874 2905 in
894 2871 1050 2915 fhrdidum
1072 2883 1141 2911 ven-

261 2928 320 2954 tris
339 2920 473 2965 secc'ffum
481 2924 623 2956 immitti.
650 2921 834 2958 Graecorum
856 2933 983 2956 morem
1005 2923 1141 2966 exponit

262 2974 296 3004 in
330 2971 501 3015 Responso
524 2980 637 3007 contra
660 2971 782 3005 dicium
814 2971 971 3007 Nicetam
994 2971 1142 3007 laudatus

263 3020 448 3054 cardinalis
460 3020 681 3059 Humbertus:
709 3023 861 3063 Reliquias
883 3022 1061 3062 oblationis,
1092 3033 1141 3056 ve-

263 3073 307 3110 lut
317 3081 478 3110 communes
496 3078 592 3113 panes
604 3093 615 3110 ,
626 3081 832 3112 ,nonnunquam
843 3069 931 3114 usque
940 3070 1144 3112 adfastia'ium

260 3120 401 3164 sumunt.
429 3125 474 3155 Et
488 3120 517 3163 fi
527 3119 642 3163 sumere
664 3131 720 3154 non
745 3118 911 3163 sufficiunt,
946 3120 1122 3164 subterrant
1138 3144 1147 3160 ,

264 3180 319 3204 aut
331 3177 363 3203 in
370 3179 490 3212 puteum
507 3173 687 3212 projiciunt.
714 3169 757 3207 Et
778 3170 933 3213 antiquus
959 3170 1147 3206 Constanti·

264 3221 379 3264 nopoli
403 3221 486 3262 apud
509 3219 619 3255 Patres
647 3220 879 3254 Praedicatores
900 3230 1042 3262 repertus
1066 3220 1146 3254 Tra-

264 3274 384 3306 status.
412 3270 524 3308 Diebus
546 3269 741 3314 Paschalibus
762 3270 823 3307 cum
844 3269 971 3311 populus
992 3277 1147 3304 communi-

264 3331 384 3355 caturus
400 3319 463 3361 est,
489 3319 707 3356 abundantiam
731 3320 883 3362 conficiunt
906 3325 937 3351 in
963 3322 1146 3356 Dominicum

266 3376 395 3413 Corpus,
430 3371 464 3407 ζῇ·
473 3369 533 3412 post
543 3368 770 3411 distributionem
794 3372 985 3414 reliquiarum
1006 3380 1146 3413 acervos,

267 3427 336 3470 quia
355 3420 490 3461 durabile
503 3431 559 3453 non
571 3419 608 3467 est
618 3445 627 3462 ‚
651 3420 815 3464 ftpeliunt.
844 3420 895 3454 Ex
907 3418 992 3456 hisce
1003 3421 1145 3466 reliquiis

1908 151 2007 200 247

1189 220 1323 264 quidam
1335 219 1457 255 Clerici
1469 221 1501 255 se
1514 221 1781 266 ingurgitabant.
1810 219 1920 255 Etiam
1947 231 1989 256 ex
2007 222 2081 257 reiis

1188 271 1271 314 quiis
1283 271 1567 311 consecrativini,
1595 272 1736 312 Videtur
1762 270 1826 304 effe
1853 270 1984 306 illorum
2006 283 2081 306 mos

1189 320 1343 363 antiquus
1363 345 1370 352 .
1412 320 1515 369 Qod
1535 321 1625 356 enim
1658 318 1852 361 Dorotheus
1868 321 2082 357 *Thessaloni-

1190 371 1290 405 cenfis
1305 370 1583 415 Archiepiscopus
1596 371 1638 406 ad
1652 371 1923 415 Apostolicorum
1935 373 2078 417 Legato-

1191 432 1261 454 rum
1278 420 1455 460 adventum
1467 423 1606 464 plurima
1617 445 1628 461 ,
1654 424 1701 457 uti
1718 424 1751 456 in
1764 420 1920 456 Paschate
1943 433 1997 457 aur
2019 423 2080 458 im·

1191 471 1339 505 minente
1352 473 1577 515 persecutione
1602 473 1706 513 solet,
1735 471 1947 508 Eucharistiae
1973 474 2087 513 Sacra<

1191 531 1299 554 menta
1322 522 1518 562 consecrarit
1545 546 1556 561 ,
1603 522 1804 566 fingulisque
1825 523 1919 566 plena
1941 524 2082 558 canistra

1190 570 1314 605 dederit
1328 595 1338 610 ‚
1376 571 1501 604 laudati
1526 570 1644 614 Legati
1659 572 1815 607 testantur
1836 573 1870 607 in
1891 573 2010 607 litteris
2039 573 2081 608 ad

1191 620 1630 660 PontificemHotmisdam.
1657 622 1841 664 Superfluas
1862 623 2014 666 reliquias
2035 631 2081 659 et-

1191 671 1256 705 iam
1268 671 1331 717 isto·
1342 680 1491 714 ternpore
1503 671 1626 704 vorasse
1639 672 1757 713 possint
1768 695 1778 710 ,
1806 683 1862 707 aut
1876 674 1976 707 etiam
2009 674 2082 709 sub-

1190 721 1316 755 tertaffe
1332 718 1446 762 {quod
1457 730 1526 759 non
1539 720 1643 760 solum
1657 720 1752 759 nobis
1763 722 1905 762 Latinis,
1918 724 1971 757 sed
1981 725 2082 759 etiam

1193 769 1360 804 Armeniis
1382 771 1524 814 graviter
1535 769 1720 813 displicuit.
1748 771 1882 805 Etenim
1892 773 1933 805 ab
1945 773 2083 816 Impera

1192 831 1263 861 tore
1278 819 1435 854 Manuele
1447 820 1627 861 Cornneno
1645 820 1686 855 ad
1708 821 1966 857 Ecclefiasticam
1988 824 2083 857 unio·

1193 881 1269 905 nem
1295 871 1478 909 conventi,
1516 870 1602 906 inter
1623 882 1736 906 caetera
1758 871 1965 915 postularunt
1991 871 2082 908 hunc

1192 920 1366 954 articulum
1379 934 1390 954 .·
1417 925 1456 953 Ut
1460 926 1583 963 penitus
1608 923 1731 955 tollatur
1753 923 1802 956 ille
1812 921 1919 966 abusus
1940 924 2085 965 reliquias

1194 968 1399 1013 Sacrificiisub
1432 980 1516 1005 terra
1536 972 1726 1015 affervandt.
1754 972 1870 1008 Exstat
1902 973 1989 1016 apud
2011 973 2086 1008 Cle·
2104 989 2239 1027 Pol-344·

1196 1032 1340 1062 mentem
1362 1021 1532 1062 Galerium
1555 1048 1562 1054 .
1600 1022 1652 1056 Ex
1676 1022 1738 1057 isto
1758 1022 1860 1067 igitur
1893 1023 2086 1058 Graeeorum
2108 1023 2112 1027 ”

1199 1083 1288 1107 more
1311 1070 1483 1105 hominem
1504 1072 1610 1117 longo
1633 1072 1733 1107 etiam
1756 1082 1905 1117 tempore
1921 1075 2010 1117 posse
2042 1085 2087 1109 ex

1200 1121 1400 1163 Eucharistia
1414 1122 1501 1159 ali&
1512 1125 1622 1157 vivere
1634 1146 1645 1163 ,
1668 1122 1739 1156 imo
1751 1122 1946 1164 &inebriati
1956 1149 1967 1165 ,
1988 1124 2087 1159 adeo-

1198 1185 1261 1214 que
1285 1173 1388 1216 ipsam
1411 1173 1478 1207 esse
1507 1183 1575 1207 rem
1597 1173 1730 1212 secessui
1746 1170 1953 1214 obnoxiam,
1980 1175 2015 1207 &
2033 1185 2087 1208 ne-

1198 1233 1360 1265 quaquam
1372 1233 1484 1263 verum
1498 1220 1620 1262 Christi
1635 1223 1777 1264 Domini
1789 1223 1919 1267 Corpus
1954 1224 2089 1258 conclu-

1200 1274 1237 1306 sit
1261 1272 1494 1317 Berengarius3
1520 1273 1689 1317 respondit
1709 1283 1818 1308 autem
1840 1273 1981 1319 Algerus
2002 1275 2086 1309 acci-

1200 1322 1307 1356 dentia
1321 1322 1377 1361 ista
1397 1323 1463 1364 esse
1483 1322 1578 1369 plene
1601 1323 1886 1367 incorruptibilia,
1924 1336 1992 1358 non
2016 1334 2086 1358 tan-

1201 1383 1270 1406 tum
1280 1372 1321 1406 ab
1332 1371 1479 1407 humano
1492 1372 1662 1413 stomacho
1683 1399 1693 1414 ‚
1719 1373 1770 1413 sed
1783 1374 1884 1408 etiam
1904 1373 1923 1407 ὲ
1946 1374 2087 1418 putredi-

1202 1434 1262 1461 ne,
1289 1422 1455 1462 muribus,
1481 1433 1587 1465 aqua,
1613 1433 1669 1457 aut
1682 1423 1847 1463 flammis,
1884 1424 1961 1457 licet
1986 1435 2091 1467 quan-

1200 1472 1308 1517 doque
1322 1471 1467 1512 videatur
1477 1472 1663 1514 corrumpi,
1690 1473 1864 1515 quomodo
1885 1472 1978 1516 supr&
1999 1473 2089 1507 dixit

1201 1522 1332 1556 Sanetus
1342 1520 1584 1558 Guitmundus.
1614 1521 1759 1561 Cunctas
1767 1523 1941 1556 assertioni
1953 1524 2015 1556 suae
2037 1521 2090 1556 ad-

1202 1571 1359 1604 versantes
1366 1570 1583 1614 experientias
1594 1571 1676 1605 solvi
1688 1583 1728 1606 ex
1743 1572 1860 1607 iisdem
1873 1573 1980 1606 Sancti
1993 1572 2094 1606 Guit-

1200 1619 1316 1654 mundi
1344 1620 1537 1664 principiis,
1575 1622 1675 1655 fassus
1706 1622 1740 1659 ἀ
1764 1622 1832 1667 ipse
1850 1621 2023 1657 hominem
2045 1633 2088 1656 ex

1202 1668 1400 1703 Eucharistia
1421 1670 1525 1715 longo
1551 1679 1697 1715 tempore
1719 1674 1812 1715 posse
1836 1673 1943 1707 vivere
1965 1673 1999 1706 &
2019 1673 2062 1706 ali
2076 1696 2086 1704 .

1202 1720 1306 1762 Cujus
1320 1721 1440 1753 mentis
1452 1744 1461 1759 ,
1489 1721 1510 1752 fi
1527 1720 1662 1763 quidem
1683 1720 1895 1757 Eucharistiae
1917 1722 2089 1756 veritatem

1200 1769 1387 1804 credidisset
1400 1796 1411 1810 ‚
1433 1770 1578 1805 omnino
1589 1771 1700 1806 fuisset
1714 1773 1828 1815 &ipse
1851 1771 2067 1817 Berengarius
2079 1797 2088 1803 .

1203 1819 1292 1860 Nam
1302 1831 1377 1855 cum
1391 1820 1567 1864 specierum
1578 1821 1856 1866 corruptibilitate
1867 1822 1986 1857 didam
2009 1821 2093 1855 veri-

1201 1880 1301 1909 tatem
1325 1870 1465 1909 credidit
1490 1883 1558 1906 non
1573 1871 1877 1915 possecombinari.
1912 1872 1958 1906 Et
1981 1871 2093 1906 Gode·

1201 1919 1302 1954 fridus
1315 1920 1465 1959 Coioniae
1476 1920 1562 1964 apud
1575 1922 1728 1956 Sanctum
1751 1922 1991 1958 pantaleonem
2013 1922 2091 1956 Mo-

1201 1968 1323 2004 nachus
1334 1970 1489 2004 scribitin
1501 1971 1564 2005 suis
1586 1970 1793 2010 Annalibus:
1832 1976 1892 2006 Per
1915 1973 1996 2006 idem
2016 1982 2090 2013 tem->

1196 2029 1254 2063 pus
1267 2021 1403 2054 Atrebati
1421 2027 1542 2064 contigit
1552 2033 1599 2060 res
1611 2023 1704 2065 digna
1717 2028 1874 2056 memoria.
1904 2024 1992 2055 Miles
2022 2027 2087 2064 qui-

1200 2073 1272 2103 dam
1297 2072 1457 2104 admodum
1475 2072 1627 2106 litteratus
1648 2074 1686 2106 de
1710 2077 1838 2115 Corpore
1849 2077 2003 2106 Dominico
2013 2072 2088 2106 bene
2108 2066 2238 2098 A²¹¹²7·

1196 2118 1280 2162 senfit
1292 2145 1302 2160 ‚
1336 2119 1447 2163 scilicet
1469 2123 1551 2163 quod
1561 2132 1612 2155 nec
1616 2130 1674 2163 per
1684 2129 1828 2155 vomitum
1844 2122 1897 2165 seu
1916 2122 2086 2167 egestionem

1199 2178 1421 2211 corrumpatur.
1462 2175 1486 2202 A
1509 2182 1564 2213 quo
1583 2174 1709 2213 quidam
1734 2174 1866 2210 Clericus
1890 2198 1902 2214 ,
1937 2173 2086 2206 Robertus

1201 2226 1315 2257 nomine
1329 2244 1339 2260 ,
1362 2218 1513 2263 subtiliter
1535 2222 1653 2262 quidem
1669 2246 1680 2261 ,
1712 2220 1773 2266 sed
1791 2225 1936 2257 inutiliter
1969 2223 2087 2257 littera-

1201 2281 1250 2304 tus
1263 2294 1273 2309 ‚
1300 2275 1449 2303 contraria
1461 2269 1544 2310 huic,
1571 2272 1677 2304 &ideo
1691 2271 1831 2306 haeretica
1854 2271 1988 2316 sentiens
2002 2298 2012 2313 ‚
2038 2279 2085 2306 in-

1201 2329 1246 2357 ter
1268 2319 1480 2361 conferendum
1501 2319 1641 2365 diffienfit.
1670 2326 1718 2355 Et
1741 2325 1786 2355 ita
1812 2323 1929 2366 quaestio
1955 2325 1998 2355 ad
2008 2327 2086 2365 Epi-

1196 2369 1316 2413 scopum
1337 2371 1441 2403 delata
1467 2370 1504 2411 est
1527 2396 1537 2412 ‚
1565 2377 1617 2413 qui
1638 2372 1892 2416 Arcbiepiscopum
1914 2372 2084 2417 Remensem

1201 2432 1264 2453 cum
1275 2421 1466 2454 multitudine
1475 2422 1557 2459 Cleri
1569 2423 1733 2459 advocavit
1746 2448 1753 2456 .
1780 2427 1826 2457 Et
1839 2425 1910 2456 dum
1931 2424 1994 2457 haec
2003 2436 2086 2466 quae-

1197 2470 1250 2510 flio
1261 2468 1473 2513 discuteretur,
1496 2472 1664 2512 praediHus
1686 2473 1839 2514 Clericus,
1866 2475 1947 2516 quod
1968 2485 2024 2506 non
2040 2472 2086 2516 fi’·

1201 2522 1261 2553 lum
1280 2519 1362 2562 foret
1391 2524 1578 2562 Haereticur,
1605 2522 1720 2565 utique
1743 2523 1995 2563 stercoranista,
2029 2523 2090 2567 sed

1201 2572 1236 2605 Θ-
1264 2572 1335 2603 alios
1350 2570 1473 2612 foveret
1495 2582 1528 2608 ac
1548 2571 1718 2613 defenderet
1732 2576 1910 2614 Haereticos,
1938 2575 1958 2605 a
1980 2574 2086 2606 multis

1201 2620 1239 2661 est
1252 2618 1405 2663 accusatus
1418 2646 1425 2653 .
1453 2623 1585 2665 Purgare
1598 2622 1794 2666 ergofamam
1811 2623 1899 2666 suam
1910 2625 1947 2657 de
1972 2623 2086 2664 objec‘lae

1202 2670 1308 2712 haerefi
1317 2672 1432 2711 judicio
1456 2674 1612 2705 candentis
1638 2673 1721 2714 ferri
1745 2673 1863 2714 frustra
1891 2682 2085 2715 proponens,

1202 2731 1265 2753 tam
1276 2720 1430 2763 manifeste
1441 2723 1501 2754 Deo
1517 2730 1654 2763 operante
1667 2726 1790 2764 cecidit,
1816 2732 1851 2757 ut
1863 2735 1919 2756 non
1935 2721 2029 2765 filiam
2050 2728 2086 2755 in

1203 2773 1334 2812 dextra,
1360 2776 1393 2803 in
1403 2782 1463 2812 qua
1472 2770 1753 2816 ferrumgestaebat‚
1786 2771 1844 2816 sed
1866 2774 1900 2809 ἐν
1920 2779 1952 2805 in
1968 2772 2088 2818 finistra

1203 2832 1293 2854 manu
1303 2845 1314 2861 ‚
1340 2822 1374 2855 (¹5
1387 2827 1419 2854 in
1431 2819 1562 2864 utrisque
1568 2822 1696 2864 pedibus
1714 2848 1724 2864 ‚
1736 2829 1770 2856 in
1782 2823 1921 2861 ambobus
1932 2822 2096 2863 lateribus,⁶

1203 2871 1235 2905 in
1242 2869 1494 2913 pec‘lorefimul&
1516 2881 1624 2907 ventre
1635 2897 1647 2914 ,
1681 2873 1779 2914 ustura
1797 2873 1972 2912 mirabiliter
1994 2882 2086 2915 appa-

1202 2927 1310 2955 ruerit.
1339 2922 1630 2961 Sacramentalium
1651 2923 1869 2962 accidentium
1895 2923 2091 2967 incorrupti.

1205 2972 1369 3006 bilitatem
1386 2973 1526 3006 asserens
1557 2972 1674 3017 opinio
1698 2973 1883 3017 pompatice
1904 2972 2093 3007 ambulavit.

1204 3019 1329 3055 dudum
1351 3021 1386 3054 in
1408 3022 1574 3062 Ecclesia,
1612 3022 1744 3065 ejusque
1764 3023 1935 3062 adversarii
1954 3024 2087 3058 fuerunt

1205 3070 1311 3108 notati
1338 3081 1495 3114 tanquam
1507 3071 1660 3106 Haeretici
1671 3073 1924 3111 stercoranistae.

1255 3121 1311 3159 An
1325 3120 1423 3163 ipsam
1434 3120 1553 3155 directe
1576 3121 1778 3166 impugnat-it
1790 3122 1997 3161 Lobienfium
2019 3121 2087 3158 Ab·

1205 3169 1260 3204 bas
1271 3168 1468 3214 Harigerus‚
1495 3171 1624 3206 nescio.
1652 3172 1708 3207 Ab
1730 3173 1797 3218 ipsa
1821 3173 1927 3217 palam
1949 3172 2090 3209 disceffit

1205 3219 1364 3265 Magister
1379 3220 1552 3256 Ascelinus
1562 3245 1574 3261 ‚
1599 3221 1641 3256 de
1652 3219 1864 3267 cujus'nescio
1875 3235 1943 3268 quo
1958 3235 2089 3266 compa·

1206 3270 1303 3305 triota
1314 3269 1353 3304 ad
1367 3268 1570 3308 Richardum
1581 3272 1702 3316 ,scripsit
1727 3273 1961 3320 Berengarius:
1999 3271 2089 3315 Apud

1207 3321 1367 3353 Pic‘lavum
1389 3331 1445 3354 non
1476 3320 1516 3362 est
1536 3320 1672 3365 confusus
1693 3323 1803 3365 inferre
1813 3337 1827 3366 ;
1855 3324 2003 3366 Propheta
2014 3323 2087 3354 dicit

1206 3368 1400 3412 tranfitorium
1419 3373 1661 3413 Sacramentum,
1694 3375 1774 3416 quod
1799 3383 1855 3416 per
1871 3374 1978 3415 fauces
2003 3380 2088 3403 tran·

2099 599 2194 631 Relat.
2204 613 2230 640 5.

2099 637 2182 679 Epist.
2205 649 2253 678 67-

1202 3420 1270 3462 firct
1283 3426 1315 3459 in
1330 3430 1484 3462 zientrem.
1505 3421 1546 3456 Et
1570 3422 1604 3457 in
1629 3425 1820 3467 praelatione
1841 3423 1913 3458 libri
1935 3420 1976 3456 de
1996 3419 2089 3455 Alta·

2001 3471 2043 3505 tis
