2352 3736
52 1194 115 1228 nb.
133 1207 160 1232 4.
183 1203 209 1226 c.

63 1245 89 1273 ς.
113 1245 141 1265 n.
162 1246 188 1271 7.

65 2870 148 2909 Epist.
164 2879 192 2907 3.

502 143 834 190 SECUNDUM
870 142 1179 190 Romanum
1214 144 1588 188 CONCILIUM.

219 229 434 275 precationibus
454 235 498 258 ’κ’
518 229 632 254 naum
642 251 654 269 ,
681 226 715 261 id
737 227 783 261 est
797 225 962 266 Mysterium
985 224 1101 258 Eucha-

220 281 308 322 risttae
318 280 451 322 opplevit
468 304 475 310 .
490 281 536 310 An
547 287 581 312 ut
592 277 671 310 alius
688 277 880 317 Antichristus
893 276 990 309 adhuc
1002 273 1101 318 exspe-

219 332 312 364 e‘i‘etur
335 354 346 370 ,
371 336 431 371 par
452 328 511 370 est,
537 332 589 370 qui
603 326 644 369 fic
673 327 823 368 Christum
842 326 957 366 oderit,
987 327 1021 359 (5
1037 335 1104 367 quae

222 379 330 420 christi
350 378 422 423 sunt
446 389 561 412 mutare
583 383 701 411 nitatur
722 379 734 411 ?
759 381 833 410 Non
852 376 986 417 equidem
1005 383 1080 417 puto
1095 400 1102 406 .

220 433 300 464 Satis
312 455 321 469 ‚
349 437 474 473 inquam
484 452 493 467 ‚
518 427 556 470 est
570 427 615 461 hic
625 436 658 462 ut
672 434 706 461 tn
715 426 850 460 omnibus
863 426 920 458 loco
936 427 971 458 (st
994 430 1061 459 vice
1070 425 1105 458 il*

223 483 278 515 lius
296 479 352 521 fit.
380 480 448 514 11³ae
471 476 682 513 Antichristo
702 477 811 521 dignae
834 472 1038 518 blasphemiae
1060 475 1106 508 vi·

222 531 341 564 dentur
355 542 420 564 non
434 529 525 564 fuisse
538 528 607 562 alia:
617 551 628 568 ‚
638 537 736 571 quam
749 524 981 560 Eucharisticae
994 523 1107 559 verita-

224 582 266 615 tis
277 582 311 615 δε
324 577 673 616 transubstantiationis
682 575 875 620 abnegatio.
902 575 1003 610 Hanc
1016 575 1105 609 enim

225 633 426 666 interfutura
447 625 642 662 Antichristi
665 625 810 660 facinora
832 636 984 660 numerat,
1006 625 1106 658 etiam

223 683 359 717 Sanetus
394 676 599 723 Hyppolitus
626 675 805 720 Episcopus
824 676 858 710 δε
876 676 1008 719 Martyr
1028 673 1108 708 Por·

224 733 344 765 tuenfis
366 755 375 764 .
401 731 486 776 Qae
515 725 630 761 omnia
650 727 839 761 confirmari
861 725 1015 759 videntur
1030 723 1066 757 δε
1089 723 1107 757 a

223 783 343 815 Sancto
361 778 492 822 Cyrillo
514 801 525 816 ,
562 777 698 820 palmari
726 776 930 810 Nestorianae
950 774 1108 808 Haerefios

224 831 366 866 eversore
380 853 391 870 ‚
417 828 559 873 graviter
579 835 738 872 arguente
759 824 848 869 quod
871 825 958 866 hujus
981 824 1108 865 mysterii

225 886 289 915 vim
309 884 493 912 imminueret
515 888 626 916 error,
652 877 797 921 garriens
810 875 890 908 nihil
905 873 1110 922 egregithabe-

223 942 256 965 re
265 936 449 963 incruentam
458 929 542 961 illam
551 926 708 961 vichtnam
720 950 731 967 ‚
757 927 792 961 <ir
802 931 942 969 eos-Quam
951 926 1110 959 admodum

222 980 380 1015 uilitatem
399 978 520 1021 adferre
541 1002 552 1018 ,
589 979 624 1015 (9·
649 978 791 1010 utilitatis
816 982 882 1009 vim
907 981 1053 1010 continere
1080 987 1111 1009 eo

223 1028 312 1073 usque
331 1031 494 1063 dumtaxat
509 1052 520 1068 ,
544 1036 578 1060 ut
599 1033 813 1060 annuntiemus
825 1035 948 1059 mortem
958 1025 1086 1059 hominis
1098 1051 1108 1066 ‚

224 1082 260 1116 Θ·
280 1085 368 1114 unius
396 1081 412 1114 ἒ
433 1077 524 1119 nostro
544 1089 663 1111 numero
695 1082 992 1110 commemoratum-m
1007 1075 1112 1118 facia-

224 1142 306 1163 mus.
333 1131 417 1176 Qae
428 1128 542 1164 omnia
558 1127 709 1161 videntur
733 1125 971 1161 Eucharistiam
997 1127 1111 1160 insola

223 1179 327 1225 figura
350 1191 493 1223 ponere,
519 1187 618 1221 atque
641 1179 684 1210 ita
709 1176 877 1211 Christum
901 1176 1111 1216 Dominum,

223 1232 296 1264 dum
307 1228 402 1272 ipsam
422 1231 495 1263 dicit
515 1227 565 1271 effe
584 1227 740 1270 vivificam
763 1251 774 1267 ,
799 1227 907 1271 arguit
927 1226 968 1260 de
985 1226 1115 1260 menda·

223 1282 277 1315 cio
290 1303 298 1312 .
325 1281 412 1313 Eum
426 1279 574 1322 Cyrillus
583 1278 730 1317 damnat,
751 1278 831 1319 quod
847 1282 944 1310 omnia
952 1276 1109 1318 confunde-

224 1339 294 1370 ret,
319 1331 563 1372 impudenterque
581 1326 713 1370 misi-eret
735 1351 746 1367 ,
782 1328 815 1361 (τ
836 1336 947 1370 panem
972 1328 1055 1360 illum
1077 1328 1114 1359 de

223 1381 312 1420 calo,
337 1381 372 1414 6·
398 1386 498 1414 vitam
518 1379 627 1411 mundo
647 1379 792 1418 dantem,
816 1378 1026 1420 propemodum
1039 1379 1114 1411 deci-

223 1430 325 1464 deret.

261 1478 460 1524 Respondeo
471 1477 663 1513 Nestorium
672 1488 710 1511 ac
723 1475 791 1519 ejus
803 1475 1117 1521 MagistrumTheo·

224 1529 346 1565 dorum
370 1531 389 1564 a
426 1527 658 1573 posterioribus
695 1526 902 1562 Nestorianis
924 1528 986 1561 effe
1003 1526 1115 1560 distin-

225 1579 379 1626 guendos
398 1603 408 1613 .
444 1578 546 1624 Qod
586 1576 778 1609 Nestorium
800 1576 948 1618 Cyrillus
976 1583 1046 1609 non
1073 1575 1114 1610 de

227 1639 346 1674 negata
359 1626 717 1673 Eucharistiaeqveritate
729 1627 782 1660 seu
803 1625 1115 1660 transelementatio-

225 1689 288 1718 ne,
312 1676 363 1712 sed
376 1678 418 1713 de
428 1678 494 1712 sola
505 1686 741 1711 contentorum
766 1685 883 1720 negata
908 1675 1113 1719 plenitudine

224 1739 338 1773 arguat
349 1753 360 1770 ,
385 1726 617 1770 cuivisCyrilli
629 1726 778 1760 adversus
790 1726 884 1760 illum
894 1725 995 1759 libros
1009 1726 1116 1770 legen-

225 1778 307 1813 tiest
324 1778 532 1813 manifestum
548 1803 555 1810 .
585 1777 672 1810 Eum
694 1776 868 1810 dumtaxat
889 1775 1000 1821 arguit
1022 1775 1113 1818 quod

226 1828 478 1863 Sacramentalia
490 1828 652 1861 elementa
667 1838 734 1861 non
749 1826 784 1860 in
801 1826 866 1859 Dei
880 1824 1046 1866 hominis,
1060 1824 1114 1860 sed

226 1879 262 1912 in
293 1879 363 1922 puri
390 1878 495 1912 solum
524 1878 559 1912 <Sc
588 1875 732 1920 vulgaris
758 1873 905 1910 hominis
929 1886 1060 1910 carnem
1081 1876 1114 1910 &

226 1929 420 1973 sanguinem
457 1926 661 1963 transmutari
700 1926 870 1960 blateraret
890 1951 902 1967 ,
939 1937 1038 1970 atque
1068 1927 1113 1960 ita

221 1978 379 2022 *Mysierii
401 1978 467 2012 vim
493 1977 663 2023 insigniter
684 1977 904 2016 diminueret,
936 1977 1040 2019 ipsum
1062 1988 1116 2019 pe-

225 2027 269 2062 ne
298 2028 418 2062 diceret
440 2028 579 2068 inutile,
604 2026 834 2061 acdecideret.
862 2024 1115 2060 Christusenim

224 2078 322 2113 nobis
331 2079 394 2112 esse
404 2078 498 2112 debet
509 2077 701 2119 Mediator,
729 2077 956 2120 Redemptor,
978 2075 1114 2111 redden-

226 2128 336 2171 deeque
354 2128 483 2171 justitia:
504 2127 603 2172 origo
626 2128 660 2162 ἀ
682 2124 794 2162 radix:
823 2127 909 2175 Qae
928 2126 1042 2161 omnia
1063 2128 1112 2161 uti

226 2177 328 2223 longe
347 2180 498 2222 superant
523 2189 638 2222 purum
657 2175 828 2213 hominem
850 2178 886 2211 in
908 2177 1037 2221 propria
1049 2178 1114 2211 for-

227 2239 305 2267 ma,
328 2228 371 2261 ita
393 2229 425 2262 &
444 2229 636 2262 existentem
662 2227 720 2263 sub
740 2227 905 2271 speciebus
928 2228 1113 2261 Sacramen-

227 2278 254 2312 ti
266 2302 272 2307 .
299 2277 392 2311 Hinc
404 2277 549 2320 Cyrinus
561 2276 678 2311 affidue
687 2278 805 2311 clamat
816 2279 851 2310 id
860 2279 941 2319 quod
950 2283 983 2309 in
993 2277 1112 2310 Sanc‘lls

227 2326 423 2369 Ecclefiarum
448 2326 551 2369 menfis
565 2333 740 2370 proponitur
755 2352 766 2367 ‚
815 2338 885 2360 non
914 2327 978 2361 esse
1003 2327 1112 2370 quale-

226 2387 367 2420 cumque
389 2377 537 2421 Corpm,
566 2375 615 2410 sed
632 2382 788 2419 proprium
797 2377 932 2410 verbis-x
954 2379 1045 2410 Patre
1060 2389 1113 2422 ge-

226 2433 307 2467 niti,
334 2428 414 2470 quod
430 2439 467 2461 ex
480 2428 632 2460 natura&
643 2428 712 2460 vere
723 2426 760 2466 est
776 2430 859 2460 Deus
874 2452 880 2458 .
909 2425 1012 2461 Aliud
1032 2438 1112 2472 ergo

225 2476 401 2511 Nestorius
412 2488 479 2510 non
493 2477 609 2517 senfit,
635 2488 734 2520 quam
747 2476 836 2519 quod
861 2476 981 2512 Paulus
1002 2477 1116 2512 Samo·

227 2527 357 2561 satensis
377 2552 384 2560 .
422 2528 466 2561 Et
497 2525 544 2560 hae
561 2528 635 2561 sunt
657 2527 736 2560 item
759 2524 964 2570 blasphemiae
985 2551 998 2567 ,
1032 2538 1113 2571 quas

227 2576 335 2610 Miffae
370 2578 424 2613 seu
465 2577 623 2621 Liturgiae
658 2577 721 2613 suae
756 2576 878 2611 indidit
910 2576 1112 2613 Theodorus

231 2625 501 2670 Mopsuestenus.
528 2626 633 2662 Aliud
656 2638 726 2661 non
739 2627 815 2661 fecit
829 2651 839 2666 ,
860 2637 958 2671 quam
972 2626 1060 2671 quod
1072 2627 1112 2663 de

230 2674 405 2719 Eugenio,
431 2675 685 2721 Hildephonso,
711 2689 748 2711 ac
759 2677 911 2720 Juliano,
937 2678 1111 2714 suisAnte-

228 2723 409 2759 cessoribus
434 2750 446 2766 ,
480 2727 513 2760 in
533 2728 650 2761 erroris
670 2728 718 2761 sui
743 2726 967 2763 defensionem
994 2727 1113 2772 scripsit

228 2774 413 2817 Elipandus
448 2774 723 2821 Archiepiscopus
744 2777 933 2812 Toletanus
954 2792 966 2811 :-
993 2780 1114 2812 Praede-

228 2824 344 2867 ceffores
366 2823 451 2864 nostri
473 2828 622 2867 fingenius
642 2851 652 2867 ‚
679 2826 895 2871 Hildephonsus
909 2853 920 2869 ,
938 2829 1113 2874 Julianus,

228 2877 378 2908 Toletanae
385 2873 470 2918 sedis
481 2874 631 2914 Antistius
643 2900 654 2915 ,
678 2882 710 2910 in
718 2875 782 2920 suis
804 2879 990 2922 dogmatibus
1007 2884 1052 2913 ita
1068 2880 1113 2912 di-

229 2930 383 2957 xeruntin
393 2925 479 2968 Missa
491 2926 528 2958 de
539 2929 632 2957 Coena
642 2928 780 2967 Domini,
804 2927 898 2973 QJl
924 2928 1016 2962 PER
1032 2929 1111 2964 AD-

228 2973 396 3009 OPTlVI
444 2973 647 3009 HOMINIS
698 2975 891 3013 PASSioN
898 2977 967 3012 EM
1012 2979 1112 3014 SUO

225 3024 335 3058 NON
349 3023 588 3059 INDULSIT
601 3023 814 3060 CORPORI
824 3052 831 3059 .
850 3032 922 3060 Item
935 3033 967 3061 in
979 3029 1063 3072 Missa
1076 3030 1113 3063 de

225 3072 387 3117 Ascenfione
407 3076 548 3109 Domini:
575 3074 730 3109 HODIE
749 3075 1011 3112 SALVATOR
1032 3078 1115 3114 ΝΟ·

226 3123 355 3157 STER
367 3124 490 3160 POST
501 3124 835 3159 ADOPTlONEM
847 3127 1023 3162 CARNlS
1037 3129 1111 3163 RE-

227 3172 431 3209 PETlvlT
440 3158 600 3212 sEDssM
613 3172 844 3209 DEITATls
856 3174 939 3211 „per
950 3174 1113 3219 hujusmo-

228 3223 264 3257 di
277 3221 491 3266 blasphemias
501 3222 534 3258 hi
557 3224 805 3264 resuscitatum,
834 3236 932 3268 quam
951 3225 1113 3263 Theodo-

228 3284 282 3308 rus
292 3271 495 3308 suscitaverat
504 3298 520 3319 7
545 3273 697 3310 Haeresim
710 3274 937 3309 Nestorianam
950 3299 960 3315 ,
972 3275 1112 3321 ideoque

229 3323 351 3357 &istas
361 3323 478 3357 Missas
491 3324 605 3358 merito
615 3325 782 3359 damnavit
806 3325 957 3367 Synodus
970 3325 1111 3361 Franco-

229 3373 417 3408 sordiensis.
444 3373 559 3407 Alium
573 3372 746 3408 Theodori
760 3375 802 3409 de
815 3375 1018 3410 Eucharistia
1029 3387 1111 3411 erro-

224 3434 298 3464 rem
309 3422 473 3469 hucusque
483 3436 550 3459 non
565 3423 648 3470 legi.
675 3423 731 3464 An
745 3426 887 3464 Leontio
901 3426 1085 3470 Byzantino
1098 3452 1108 3469 ,

1178 1288 1393 1354 Exponitur
1413 1288 1533 1332 Error
1559 1283 1866 1334 Archonticorum
1880 1323 1894 1347 ,
1941 1288 2063 1353 Βοὲς-οη

1325 1354 1499 1402 milorum
1524 1375 1571 1402 ac
1595 1355 1923 1407 Paulicianorum.

1169 3427 1351 3471 [alienorum
1372 3428 1486 3470 baerefh
1509 3431 1661 3464 exoratam
1682 3429 1789 3468 habaet·
1811 3458 1822 3475 ‚
1855 3437 1907 3476 qui
1937 3432 1972 3463 (9
1995 3433 2057 3463 Eu-

1873 157 1972 201 239

1160 225 1216 268 qui
1240 237 1315 259 cum
1338 228 1457 261 Sansio
1477 226 1642 271 Gregorio
1655 224 1785 270 Magno
1807 225 1912 274 vixit,
1938 225 2038 261 coaevi

1162 274 1350 318 posteriores
1371 275 1562 311 Nestoriani
1586 277 1620 317 in
1641 275 1874 312 Eucharisticae
1895 276 2040 312 veritatis

1161 325 1413 370 abnegationem
1447 327 1582 362 tandem
1601 327 1818 370 profecerint,
1846 338 1913 361 non
1939 326 2042 362 ausim

1161 375 1296 409 firmiter
1327 378 1504 411 asseverare
1525 402 1532 409 .
1570 375 1668 412 Certe
1703 378 1879 411 asseverare
1916 377 2044 412 videtur

1163 425 1324 464 Leontius
1335 452 1342 459 .
1372 427 1415 461 Et
1428 427 1599 461 Haereticis
1609 426 1750 462 omnino
1762 426 1843 462 solet
1854 429 1920 461 esse
1931 427 2046 462 similis

1164 475 1337 518 profestos.
1364 477 1499 525 Qodfi
1515 488 1625 512 verum
1647 478 1706 517 sit,
1732 477 1773 512 ab
1793 476 1881 513 hisce
1897 477 2047 512 tontibus

1165 526 1257 568 poffit
1269 538 1356 560 error
1369 551 1380 566 ,
1405 537 1462 560 aut
1485 527 1571 561 certe
1581 528 1735 570 suspectus
1745 529 1786 562 de
1796 538 1900 563 errore
1911 529 2048 572 loquen-

1164 573 1198 608 di
1226 575 1341 610 modus
1367 577 1512 610 manasse
1535 577 1574 610 ad
1595 578 1834 612 Iconoclastas.
1863 579 1939 613 Hos
1954 578 2047 613 enim

1167 625 1274 667 potius
1287 627 1382 660 fuisse
1397 626 1482 660 male
1495 626 1625 660 locutos
1639 627 1735 669 quam
1748 628 1832 662 male
1844 629 1972 663 sensisse
1983 654 1994 670 ‚
2013 629 2049 663 dc

1168 678 1253 717 pravi
1286 677 1395 711 sensus
1413 676 1584 710 dumtaxat
1605 676 1784 719 suspicione
1809 678 1988 718 laborasse,
2012 678 2051 712 in

1167 725 1295 767 septimi
1333 726 1483 760 Concilii
1503 726 1596 759 Astis
1618 727 1652 759 ὃς
1678 726 1819 760 Scholiis
1853 728 1899 762 est
1921 727 2053 763 abund&

1167 774 1350 809 ostensum.
1379 776 1484 823 Qod
1498 776 1602 818 ipsum
1615 777 1648 809 in
1662 776 1850 810 Dominicae
1869 778 1980 812 Coenae
1998 790 2053 812 ex-

1169 825 1331 868 positione
1343 827 1469 860 sensisse
1489 826 1616 860 videtur
1635 825 1822 860 Paschasius
1843 825 2028 861 Radbertus
2041 841 2053 860 .‹

1169 873 1265 918 Usque
1276 878 1321 908 ad
1330 875 1465 918 praesens
1478 888 1560 910 nemo
1570 877 1713 920 deerrasse
1722 878 1847 921 legitur,
1875 876 1930 919 nist
1947 878 1982 911 6·
2003 881 2055 919 qui

1170 927 1207 959 de
1231 925 1347 961 christo
1368 936 1563 960 erraverunt.
1592 925 1738 961 Viszbilis
1758 927 1848 961 enirn
1870 926 1904 960 in
1928 927 2056 970 propria

1172 976 1274 1019 specie
1287 1002 1297 1016 ‚
1323 976 1402 1010 &in
1414 977 1800 1012 Sacramentoinvifibilis
1809 976 1960 1012 Christus
1983 979 2056 1011 sunt

1172 1028 1302 1063 unus&
1314 1027 1402 1062 idem
1417 1051 1427 1067 ,
1455 1027 1597 1072 ideoque
1607 1029 1716 1062 omnis
1726 1028 1767 1063 de
1777 1028 1840 1063 isto
1860 1038 1969 1062 errans
1987 1038 2058 1062 non.

1174 1077 1277 1121 potest
1289 1089 1358 1112 non
1373 1078 1473 1113 etiam
1484 1078 1524 1112 de
1538 1077 1603 1113 hoc
1615 1089 1718 1113 errare
1727 1103 1734 1111 .

1271 1472 1452 1508 Rchontici
1473 1498 1484 1515 ,
1515 1474 1731 1518 septemplicis
1751 1475 1953 1511 Divinitatis
1979 1475 2071 1512 fabu-

1296 1524 1387 1556 lones
1397 1548 1406 1562 ‚
1442 1525 1572 1558 fuerunt
1587 1525 1686 1559 etiam
1700 1527 1947 1561 sacramentarii
1958 1528 2071 1561 Haere-

1177 1573 1255 1612 tici,
1284 1584 1322 1606 ac
1347 1572 1432 1606 inter
1452 1574 1597 1616 ipsorum
1623 1585 1745 1609 errores
1767 1575 1901 1611 Sanctus
1927 1577 2071 1621 Epipha-

1180 1623 1251 1657 nius
1275 1632 1422 1657 numerat
1442 1624 1477 1657 &
1499 1622 1576 1657 hos:
1607 1623 1800 1667 Baptismum
1827 1627 1999 1670 damnant,
2025 1637 2072 1661 ta-

1178 1671 1263 1713 metst
1269 1679 1399 1706 intereos
1409 1671 1486 1713 lint,
1517 1680 1568 1715 qul
1579 1673 1724 1717 baptismo
1747 1678 1840 1709 antea
1864 1683 1982 1711 initiati
2000 1678 2075 1720 fue·
2089 1684 2152 1715 Lib.
2172 1695 2219 1719 40·

1178 1728 1241 1755 rint
1254 1748 1261 1754 .
1289 1721 1485 1761 Mysteriorum
1497 1730 1724 1758 communionem
1744 1736 1778 1757 ae
1798 1726 1962 1761 bonitatem
1984 1736 2070 1770 repu-
2088 1733 2151 1763 CssP·
2173 1736 2198 1758 ²⁴·

1178 1774 1286 1813 diam,
1306 1781 1455 1814 tanquam
1465 1774 1613 1815 alienam,
1632 1775 1708 1808 &tn
1720 1781 1836 1809 nomine
1846 1777 1995 1812 sabbaoth
2026 1790 2074 1812 re·

1174 1831 1308 1865 penam.
1342 1826 1429 1856 Hunc
1440 1829 1518 1856 enim
1531 1830 1563 1856 in
1568 1823 1693 1867 septimo
1712 1826 1780 1859 orbe
1802 1826 1944 1870 versari,
1973 1839 2007 1862 ac
2020 1831 2074 1868 Tg-

1177 1874 1336 1907 rannidem
1345 1885 1476 1908 exercere
1496 1876 1687 1916 pradicant,
1725 1876 1900 1919 caeterosque
1923 1880 2072 1912 violenter

1176 1928 1342 1965 opprimere
1358 1949 1364 1956 .
1394 1924 1461 1959 Eos
1473 1925 1505 1958 in
1517 1923 1681 1966 palestina
1701 1936 1801 1968 atque
1813 1928 1972 1963 Armenia
1997 1939 2072 1972 prae-

1177 1974 1285 2008 sertim
1311 1974 1470 2018 grassatos
1497 1974 1579 2008 dicit
1606 1973 1662 2008 sub
1688 1976 1878 2011 Constantii
1905 1979 2071 2023 Imperio,

1176 2022 1318 2067 ideoque
1328 2024 1462 2067 &ipsos
1474 2036 1590 2059 notare
1601 2026 1696 2069 possit
1709 2026 1741 2060 in
1756 2027 1918 2062 Oratione
1931 2028 1972 2062 de
1998 2029 2074 2063 Poo-

1178 2075 1316 2108 nitentia
1329 2076 1463 2110 Sanctus
1485 2074 1761 2119 Amphilochius,
1789 2078 1970 2121 Lycaoniae
1998 2079 2071 2113 Me—

1174 2124 1357 2167 tropolim,
1383 2125 1549 2160 adducens
1560 2126 1661 2160 varias
1686 2126 1824 2161 Diaboli
1848 2129 2069 2170 tentationes,

1173 2174 1207 2207 &
1231 2174 1411 2219 adjungens
1434 2188 1441 2207 :
1472 2175 1615 2210 Diabolus
1635 2174 1779 2219 quosdam
1799 2179 1937 2218 inducit,
1958 2189 1992 2212 ut
2014 2185 2069 2212 im-

1174 2224 1479 2266 mortali&vivificae
1491 2232 1684 2259 communion!
1694 2239 1753 2261 non
1775 2229 1898 2262 credant
1911 2253 1921 2270 ‚
1949 2233 1983 2264 (τ
2003 2236 2068 2263 ani-

1175 2286 1222 2307 mo
1241 2274 1433 2315 offendantur
1455 2277 1489 2309 ζ’]
1512 2276 1685 2310 cunctentur
1704 2302 1715 2317 ,
1748 2289 1814 2311 eam
1839 2280 1940 2313 dicens
1957 2279 2068 2322 fimpli-
2084 2270 2166 2299 0⁷⁸·
2188 2272 2214 2298 ⁸·

1175 2335 1235 2358 cem
1251 2333 1362 2367 panem
1374 2349 1385 2365 ‚
1406 2324 1590 2369 simplexque
1600 2333 1707 2361 vinum
1722 2354 1731 2369 ,
1760 2340 1812 2361 ncc
1820 2338 1972 2370 praterea
1983 2332 2074 2364 aliud

1175 2376 1356 2418 quidquam.
1383 2374 1510 2410 Verum
1530 2378 1628 2412 etiam
1653 2378 1872 2413 lconoclastas
1892 2381 2069 2425 impugnat

1175 2422 1243 2459 haec
1271 2426 1379 2460 oratio
1399 2450 1410 2466 ‚
1451 2426 1592 2470 ideoque
1616 2439 1794 2471 numquam
1807 2428 1975 2465 credidero
1997 2432 2073 2465 esse

1176 2475 1290 2520 magni
1312 2474 1560 2520 Amphilochii.
1589 2478 1645 2510 Est
1675 2478 1804 2513 alterius
1825 2479 1866 2514 ad
1890 2481 1999 2515 saecula
2021 2480 2068 2523 ju—

1177 2526 1279 2559 nioris
1291 2549 1298 2558 .
1326 2526 1370 2559 Et
1379 2525 1512 2568 quidem
1523 2527 1742 2563 iconoclastas
1756 2529 1797 2563 de
1808 2530 1924 2565 Sansta
1937 2528 2068 2566 Eucha-

1176 2575 1360 2610 ristiamale
1371 2576 1468 2611 fuisse
1482 2577 1634 2618 locutos,
1661 2579 1752 2613 aede
1775 2591 1877 2623 pravo
1902 2582 1992 2615 sensu
2017 2583 2062 2615 su·

1178 2627 1319 2670 spectus,
1343 2626 1408 2669 jam
1419 2627 1611 2671 supradixi.
1642 2628 1685 2662 Et
1702 2629 2063 2674 magniAmphilochii

1175 2684 1322 2720 tempore
1335 2676 1423 2711 nulla
1435 2677 1586 2712 adversus
1610 2679 1809 2715 sacramenti
1834 2679 1928 2723 hujus
1952 2682 2068 2715 verita-

1176 2737 1243 2760 tem
1255 2724 1378 2760 haerefis
1391 2727 1454 2761 fuit
1467 2727 1596 2772 publice
1604 2730 1763 2773 grassata.
1791 2731 1882 2764 Dico
1896 2754 1905 2770 ‚
1923 2731 2043 2764 Publice
2054 2756 2062 2764 .

1176 2776 1310 2810 Etenim
1319 2774 1429 2810 nescio
1442 2788 1538 2820 quom
1550 2779 1634 2813 circa
1645 2778 1713 2814 haec
1725 2790 1872 2822 tempora
1894 2780 1929 2813 in
1953 2780 2067 2825 AEgy-

1176 2838 1234 2870 pto
1246 2825 1453 2860 Monachum
1468 2827 1508 2861 de
1521 2826 1616 2871 hujus
1630 2829 1751 2869 Mystern
1761 2832 1834 2863 dono
1846 2830 1986 2873 dubitasse
2001 2855 2011 2871 ‚
2022 2832 2065 2863 dis·

1174 2884 1287 2910 centem
1309 2901 1321 2917 ‚
1357 2879 1518 2919 Numquid
1551 2891 1598 2912 me
1624 2880 1807 2915 accedentem
1838 2879 2064 2922 samqficavit?

1175 2923 1316 2971 idetfflue
1352 2938 1407 2971 per
1441 2930 1595 2963 Sanctum
1622 2930 1806 2975 Eulogium
1834 2931 2068 2973 Presbyterum

1174 2978 1272 3011 fuisse
1293 2976 1404 3011 abillo
1417 2979 1625 3023 suspensum,
1651 2981 1759 3015 scribit
1784 2981 1819 3014 in
1843 2980 1994 3015 Laufiaca
2016 2979 2065 3015 hi-

1175 3027 1273 3061 storia
1285 3026 1450 3062 Palladius
1463 3029 1643 3073 Episcopus
1656 3029 1957 3073 Helenopolitanus
1967 3056 1974 3063 .
1998 3030 2065 3066 Ve-

1175 3077 1246 3112 rum
1257 3075 1398 3112 humana
1411 3078 1475 3111 fuit
1499 3078 1558 3113 ista
1570 3079 1731 3120 tentatio,
1758 3091 1863 3125 neque
1883 3081 2004 3116 transsit
2025 3082 2063 3116 in
2078 3074 2154 3114 (3³1³
2191 3085 2237 3112 75·

1175 3126 1405 3172 pertinaciam,
1433 3126 1534 3172 longe
1544 3127 1653 3162 minus
1665 3130 1816 3174 serpsitin
1838 3131 1979 3176 dogma.
2017 3131 2061 3168 Et

1174 3177 1307 3222 quidem
1318 3175 1504 3219 hujusmodi
1515 3178 1713 3213 tentationes
1725 3181 1758 3214 in
1768 3181 1912 3226 antiquis
1922 3181 2065 3227 legimus

1175 3227 1378 3272 paucissimas
1397 3239 1409 3260 .·
1445 3226 1531 3262 adeo
1553 3228 1644 3264 firma
1665 3231 1729 3264 fuit
1755 3241 1834 3266 tuuc
1861 3231 1940 3267 fides
1965 3230 2060 3277 hujus

1174 3277 1390 3312 Sacramenti.

1225 3327 1279 3361 Ad
1297 3326 1446 3362 Flaviani
1467 3326 1661 3364 patriarchas
1682 3329 1887 3366 Antiocheni
1909 3342 2056 3375 tempora

1175 3377 1283 3414 scribit
1307 3377 1469 3422 Georgius
1488 3379 1675 3414 cedrenus:
1703 3388 1761 3417 His
1782 3384 1961 3425 temporibus
1981 3378 2059 3422 Mes-

1920 3478 2011 3513 theta?
2082 3455 2107 3483 h
2132 3464 2143 3482 ²
2150 3464 2194 3489 ⁹4⁸
