2352 3736
399 200 452 228 DE
489 184 681 227 SlMONIAE
717 193 924 233 cluMler,
961 192 1012 220 ET
1044 188 1184 218 VARIIS
1219 188 1279 217 AD
1314 186 1437 216 IPSUM
1471 183 1793 215 SPECTANTIBUS.

194 268 229 306 'ta
248 265 390 312 synodo
415 264 492 298 fecit
515 262 659 306 ejusdem
681 260 773 295 Sedis
794 259 1067 302 Archiepiscopus

195 317 392 356 Eberardus.
419 313 651 361 Qorumdam
678 313 711 346 &
735 311 927 345 saecularium
953 308 987 341 ὅ(
1006 306 1067 339 Re-

196 368 357 415 gularium
367 365 633 407 presbyterorum
644 363 801 396 excessum
823 360 857 392 &
882 357 1069 400 sacrilegam

196 418 410 454 mniditatetn
430 415 589 449 damnant
613 407 905 460 jurelmetitiffimo
935 431 946 446 ‚
972 417 1070 449 quam

196 451 281 504 Eri-o
290 467 346 500 ille
366 467 509 509 Joannes
522 463 667 506 nequiter
678 461 713 492 in
727 459 905 500 Episcopos
927 456 1071 490 transcri-

197 519 271 563 psit.
306 517 380 551 Nec
401 514 445 549 ob
456 514 561 558 ipsos,
587 510 663 547 licet
673 507 808 548 quidam
821 508 938 541 eodem
955 505 1071 540 morbo

197 567 355 604 laborasse
372 573 497 610 queant
509 586 520 603 ,
544 558 649 594 omnis
674 557 753 598 ista,
780 569 877 599 quarn
891 557 976 591 lucet
988 555 1073 599 posse

198 619 262 653 effe
274 616 474 661 legitimam,
499 620 552 653 per
561 609 802 650 eleemosynam
814 607 996 650 redemptio
1008 607 1074 639 fue-

197 678 249 704 rat
260 663 444 702 damnanda
459 685 466 693 .
492 659 620 693 Eodem
631 657 743 700 spiritu
758 658 799 692 ad
812 657 995 691 Adrianum
1007 657 1076 689 sex-

198 728 273 753 tum
294 712 490 749 Pontificem
515 709 631 752 scripsit
646 707 932 751 Nurembergenfis
943 705 1075 739 Germa-

202 776 320 803 norum
343 761 533 804 Principum
559 760 753 793 Conventus
775 770 782 790 :
819 758 946 799 Papalis
963 755 1077 788 Sandi-

202 829 274 855 ιω,
298 816 450 853 caeterique
470 808 632 852 Episcopi,
659 819 694 840 ac
713 806 848 849 Ecclesiae
871 809 1015 838 Romanae
1036 817 1077 837 co-

201 869 311 902 Imnae
323 885 334 902 ,
351 860 440 905 casus
449 863 560 903 aliquot
565 858 628 902 ficae
638 859 757 890 tannim
767 856 941 900 absolutioni
952 856 1078 897 reliquos

196 915 333 958 ficerunt
344 936 351 943 .
379 908 642 954 ,Quorumfiunum
667 915 721 941 aut
731 908 860 940 alterum
881 904 1056 948 commiseris
1069 928 1078 944 ,

195 967 267 1007 jam
291 971 343 995 aut
365 960 600 1000 numerandum,
627 968 681 991 aut
703 956 880 1000 abfhlutione
905 955 961 991 tibi
980 967 1079 989 caren-

199 1015 273 1047 dum
281 1012 336 1053 est.
363 1015 482 1053 Nempe
502 1014 553 1052 qui
579 1016 612 1042 in
621 1008 673 1041 hoc
691 1009 810 1040 tantum
830 1005 978 1049 reservati
995 1005 1055 1047 fint
1070 1029 1079 1044 ‚

200 1072 237 1100 ut
261 1063 312 1096 vel
329 1063 401 1095 inde
412 1071 595 1094 nummorum
614 1060 731 1100 aliquid
739 1064 782 1091 ets
794 1055 960 1099 adcrescat.
989 1057 1082 1098 ,Quod

200 1126 240 1150 ex
253 1125 283 1146 eo
291 1114 430 1153 conjicere
439 1112 504 1143 licet
515 1134 525 1151 ,
551 1111 633 1152 quod
640 1115 671 1140 in
682 1107 790 1149 cafibus
811 1113 902 1141 etiam
922 1115 1078 1149 quantum-

192 1169 253 1200 .v²'s
259 1171 316 1205 pro
325 1170 452 1203 tempore
462 1160 606 1200 honestis,
630 1167 684 1191 aut
705 1160 890 1201 necessariis,
919 1166 1080 1197 numquam

200 1222 325 1251 tamen,
350 1211 405 1253 nisi
420 1220 586 1244 numeretur
612 1210 752 1250 aliquid,
778 1205 969 1249 dispensant.
997 1209 1037 1237 At
1055 1203 1083 1246 fi

201 1263 282 1298 nibil
302 1263 458 1302 attuleris,
485 1256 728 1300 numeraverisve
739 1281 750 1298 ,
775 1254 996 1299 indispensatus
1013 1263 1079 1296 per-

199 1315 290 1357 petu&
316 1323 438 1345 maneas
463 1316 589 1352 oportet.
616 1309 802 1342 Matrinum
812 1305 994 1341 Lutherum
1011 1305 1080 1339 insi-

201 1363 313 1409 gniter
332 1361 419 1396 oluit
444 1361 502 1394 iste
512 1360 702 1393 Conventus
716 1382 724 1389 .
751 1357 845 1391 Hinc
872 1356 913 1390 de
931 1367 1080 1397 quorum·

203 1412 283 1448 dam
294 1411 421 1446 excessu
436 1420 503 1444 non
515 1408 643 1443 erubuit
654 1409 787 1442 cunctos
807 1406 987 1449 generatim
1004 1405 1080 1447 Epi-

203 1463 320 1505 scopos
331 1485 342 1500 ‚
368 1458 473 1494 imme>
496 1460 528 1492 δε
541 1459 626 1501 ipsos
638 1459 788 1491 Summos
799 1454 978 1488 Pontifices
991 1465 1081 1488 accu-

202 1513 292 1546 sare.
318 1507 540 1551 Adejusmodi
569 1507 699 1540 interim
720 1505 838 1549 partim
851 1503 988 1542 abusus.
1014 1515 1081 1546 par-

203 1563 267 1596 tim
275 1558 457 1594 calumnias
467 1556 666 1600 sepeliendas
682 1580 692 1595 ,
703 1565 836 1590 ornnem
849 1555 1000 1597 deinceps
1012 1565 1079 1587 non

201 1609 334 1645 tantum
360 1607 600 1643 absolutionem
624 1629 636 1647 ,
668 1605 720 1639 sed
746 1605 781 1639 ἀ
805 1603 1079 1647 dispensationem

203 1659 273 1694 dari
282 1659 386 1703 gratis
395 1682 406 1699 ,
432 1654 620 1702 rigidissime
632 1656 742 1690 sanxit
753 1656 962 1690 sacro-sansta
975 1655 1079 1697 Syno-

202 1709 266 1745 dus
274 1708 474 1743 Tridentina
485 1733 493 1741 .

251 1759 423 1794 Laudatus
435 1756 659 1803 Cnyghtonus
677 1757 808 1792 adducit
831 1758 865 1791 δε
876 1754 973 1790 hosce
985 1755 1081 1798 joan-

202 1810 257 1846 nis
282 1809 324 1844 de
350 1809 457 1842 Aston
479 1807 651 1842 damnatos
677 1809 829 1842 articulos
852 1821 859 1840 ε
886 1809 979 1850 ‚Quod
1003 1813 1080 1839 inter

204 1864 304 1895 omnia
308 1859 399 1901 fac‘i'a
411 1883 421 1899 ‚
447 1870 516 1901 quae
525 1870 653 1901 unquam
657 1858 788 1899 fuerunt
799 1882 811 1897 ,
837 1865 958 1899 reputat
971 1856 1081 1895 statum

199 1914 357 1943 cruciata·
367 1909 615 1952 malignifflmum.
643 1912 852 1941 Promoventes
871 1905 990 1950 causam
1009 1909 1081 1939 Cru-

200 1957 370 2000 tlaetaesunt
380 1958 483 2000 fures.
517 1962 727 1992 Promo-ventes
747 1963 918 1992 cruciatam
938 1958 1081 1990 inducunt

160 2051 163 2052 ⁷
203 2007 387 2048 christianos
412 2010 459 2041 ad
478 2008 687 2050 conferendum
719 2009 793 2041 bona
818 2010 863 2040 ad
897 2008 1083 2042 occidendum

203 2057 355 2092 homines.
382 2057 489 2092 Addit
516 2058 602 2092 idem
629 2059 792 2101 Scriptor:
819 2061 906 2090 Nam
933 2058 992 2090 illis
1012 2065 1083 2088 tem-

200 2107 324 2151 poribus
357 2107 568 2150 Norvvtcenfis
593 2106 755 2150 Epist-opus
782 2106 886 2139 babuit
911 2110 1082 2139 cruciatam

203 2158 356 2202 tonteffam
381 2160 402 2191 ἂ
427 2160 514 2199 Papa
523 2156 640 2191 Urbano
644 2156 731 2201 sexto
756 2162 789 2190 in
799 2159 931 2201 Regnum
942 2159 1082 2189 Francia

205 2216 309 2241 contra
320 2209 522 2250 Anti-Papam
536 2209 732 2242 Clementem.
759 2212 846 2240 Nam
859 2211 971 2240 Franci
988 2207 1082 2239 eidem

201 2258 354 2290 clementi
363 2258 568 2291 adhaerebant.
596 2261 640 2291 Et
650 2258 740 2291 duxit
755 2262 930 2290 cruciatam
942 2263 976 2289 in
987 2260 1015 2288 F
1016 2256 1083 2288 Ian-

206 2307 309 2339 ariam
320 2329 328 2338 .
352 2307 797 2353 Qaestuariaslndulgentias
809 2305 1000 2351 praedicabat
1009 2305 1083 2350 Epi-

206 2355 344 2398 scopus,
368 2356 403 2388 &
429 2357 599 2398 praesertim
625 2356 643 2388 a
664 2357 812 2390 Flandris
839 2357 1018 2391 nummaria
1045 2369 1083 2391 ac

202 2405 360 2439 militaria
385 2404 517 2439 subsidia
543 2405 723 2448 postulabat
748 2406 915 2447 Urbano,
943 2407 1081 2451 ideoque

203 2454 271 2488 duo
294 2454 368 2488 istic
393 2455 539 2498 culpavit
560 2457 659 2489 dietus
671 2455 878 2491 Wicleffista:
906 2457 1008 2504 Qod
1029 2457 1081 2490 In-

203 2504 392 2548 dulgentias
401 2505 553 2539 venderet
563 2527 572 2543 ‚
598 2506 631 2538 <Sc
643 2507 852 2540 sacro-sansto
865 2507 978 2542 Crucis
988 2509 1079 2552 signo

203 2553 247 2588 ad
259 2554 461 2589 fundendum
474 2553 701 2589 Christianum
720 2556 911 2600 sanguinem
939 2556 1081 2592 abutere-

207 2611 276 2637 tur.
303 2604 477 2638 Horrenda
503 2605 565 2639 fuit
591 2604 648 2639 ista
674 2604 854 2640 schismatis
866 2607 978 2652 plaga.
1007 2608 1079 2642 Nec

210 2651 296 2686 enim
322 2654 490 2689 Catholici
511 2655 680 2690 dumtaxat
701 2655 940 2697 schismaticos,
967 2656 1020 2691 sed
1046 2658 1079 2691 δε

212 2699 418 2744 ἱείὲπιηωὸ,
444 2705 491 2739 uti
504 2705 609 2740 solent
622 2705 726 2740 rabidi
739 2706 870 2748 leones,
897 2707 1078 2743 laniabant.

213 2746 451 2786 Urbanoenim
478 2753 645 2789 fidissimos
656 2754 833 2796 Flandros,
859 2757 947 2801 quod
967 2767 1079 2792 eorum

214 2796 336 2830 Comes
360 2798 524 2845 Philippus
551 2805 745 2849 Burgundus
771 2819 848 2841 cum
875 2808 933 2841 suo
960 2817 1078 2851 nepote

212 2846 409 2880 Francorum
421 2849 449 2881 R

211 2896 263 2935 ti,
289 2894 476 2952 Urba-nist&
502 2901 602 2946 Angli
627 2917 750 2940 armato
772 2908 938 2941 vastarunt
951 2907 1077 2948 milite,

212 2944 247 2977 ὅ(
261 2946 427 2987 praesertim
444 2947 582 2983 nostram
594 2952 749 2995 Iprensem
777 2957 941 2991 civitatem
966 2958 1079 2991 misere

211 2993 408 3052 hcefff‘unt·
435 2996 478 3052 {st
491 2996 567 3031 hinc
592 3004 744 3042 posterior
767 3007 857 3040 istius
877 3007 1011 3050 Ioannis
1031 3018 1078 3040 ac-

212 3044 338 3077 cusano
352 3042 466 3079 habuit
479 3046 601 3089 aliquid
613 3049 820 3089 fundamenti,
841 3056 1079 3090 Ecclefiaeeffim

211 3091 349 3127 schisina
376 3106 446 3128 non
473 3098 568 3129 armis
593 3099 626 3132 ὃς
653 3100 723 3134 fuso
743 3104 884 3139 fidelium
897 3108 1075 3151 sanguine,

212 3141 267 3175 sed
294 3143 473 3179 rationibus
498 3157 536 3179 ac
562 3148 636 3181 fusis
649 3149 689 3183 ad
701 3150 810 3184 Deum
826 3155 973 3196 precibus
983 3157 1079 3190 debet

212 3191 385 3236 extingui.
413 3194 516 3229 Aliud
529 3206 639 3230 tamen
660 3199 870 3236 accusationis
895 3215 991 3248 caput
1017 3206 1080 3239 fuit

213 3241 354 3275 omnino
367 3240 561 3278 haereticum.
590 3247 676 3295 Qis
687 3250 775 3281 enirn
790 3251 910 3285 nesciat
931 3254 1080 3296 quaestua-

215 3292 277 3325 rias
290 3290 513 3336 Indulgentias
525 3295 648 3331 dudum
661 3298 794 3341 viguisse
806 3300 839 3333 in
862 3299 1000 3335 Ecclesia
1012 3327 1023 3343 ,
1049 3304 1081 3336 ἀ

215 3341 294 3375 dum
318 3340 430 3375 debito
442 3343 543 3377 modo
569 3346 702 3380 &causa
714 3348 818 3387 fiunt,
842 3351 904 3383 effe
922 3350 1023 3384 castas
1046 3353 1080 3387 ἀ

214 3391 357 3424 sanetas?
383 3391 486 3425 Aliud
500 3403 565 3426 non
579 3395 652 3428 sunt
664 3420 674 3435 ‚
692 3408 789 3439 quam
802 3398 1015 3441 injunctarum
1029 3402 1081 3436 seu

216 3439 343 3485 iniungi
368 3441 550 3476 debitarum
586 3444 838 3483 satisfactionum
863 3449 1080 3493 eleemosyna·

312 3489 421 3532 Christ.
435 3495 515 3535 Lupi
527 3497 612 3536 oper.
625 3497 701 3528 Tam.
706 3500 754 3530 W.

452 2861 508 2894 ege
515 2854 636 2888 Carolo
647 2856 736 2890 sexto
747 2856 917 2891 adhaereret
927 2857 1075 2891 Clemen·
1098 2856 1099 2859 ’

1869 183 1930 229 73

1133 256 1183 288 riae
1208 256 1446 299 redemptiones
1471 279 1482 295 ‚
1524 253 1643 296 quibus
1683 255 1853 298 praesertim
1880 257 2005 289 sacrum

1133 305 1244 339 Terrae
1259 307 1366 339 sanstae
1376 305 1498 340 bellum
1512 305 1661 348 adjuvare
1678 317 1743 347 per-
1758 306 1878 340 multos
1903 317 2008 340 annos

1134 365 1252 388 conata
1266 355 1310 388 est
1324 355 1514 398 Apostolica
1525 355 1621 389 Sedes
1633 379 1643 394 ‚
1669 356 1702 388 ὅ(
1715 356 1854 390 omnino
1865 357 1987 399 adjuvit
1998 380 2006 387 .

1136 404 1200 437 Eas
1211 403 1427 438 nihilominus
1439 405 1591 439 acerrime
1599 406 1804 449 impugnavit
1813 407 1911 440 etiam
1922 407 2009 440 Mar-

1135 454 1222 487 tinus
1234 452 1395 487 Lutherus
1407 480 1415 494 ‚
1443 457 1475 489 <Sc
1502 456 1536 489 in
1557 455 1620 489 suis
1634 455 1674 488 ad
1685 454 1870 491 Adrianum
1880 457 2009 490 sextum

1136 503 1250 537 litteris
1272 504 1373 538 multa
1398 505 1527 547 inipsas
1548 505 1707 548 congessit
1725 505 1791 547 jam
1813 505 1918 538 distus
1933 506 2012 538 Ger·

1137 564 1310 587 manorum
1338 553 1512 587 Procerum
1540 554 1732 589 Conventus
1758 580 1766 587 .
1806 555 1874 589 Hic
1899 566 2012 589 tamen

1137 604 1313 646 plurimum
1325 603 1445 637 recessit
1459 604 1476 636 a
1489 601 1625 637 Lutheri
1639 603 1726 636 rabie
1739 619 1750 637 .·
1777 606 1859 639 Non
1874 605 2011 648 ipsarum

1137 654 1305 687 damnavit
1319 653 1527 694 substantiam
1540 676 1550 691 ,
1577 653 1628 686 sed
1641 653 1726 686 solos
1736 656 1853 700 corrigi
1876 655 2014 698 postula·

1141 705 1186 736 vit
1199 702 1314 737 abusus
1327 701 1337 734 .“
1363 702 1464 746 Quod
1477 701 1607 737 abunde
1632 702 1710 735 fecit
1736 704 1941 740 sacro-sanita
1955 707 2015 749 Sy·

1141 753 1246 787 nodus
1271 753 1471 787 Tridentina
1484 778 1491 784 .

1190 803 1305 836 Alium
1319 802 1401 837 circa
1414 801 1479 837 haec
1496 801 1631 837 abusum
1644 827 1654 843 ,
1680 804 1872 847 grassantem
1895 807 2017 847 praeser-

1140 853 1199 887 tim
1214 854 1247 885 in
1260 853 1369 887 Graeca
1394 853 1532 886 Ecclesia
1547 877 1558 893 ,
1583 854 1681 887 edicit
1708 853 1741 886 &
1763 853 1900 888 damnat
1927 856 2018 897 septi-

1141 914 1192 937 rna
1203 903 1361 946 generalis
1372 903 1541 945 Synodus:
1566 905 1598 935 51·
1619 909 1686 946 quis
1700 902 1861 946 Episcopus
1881 914 1938 947 per
1950 912 2019 938 aun
2035 899 2144 936 C³P·4·

1140 953 1321 988 exac‘iionem
1347 955 1400 987 vel
1407 955 1529 987 alterius
1538 952 1642 995 speciei
1653 956 1674 986 ἃ
1687 954 1843 992 ministerio
1853 967 1952 989 arcere
1976 961 2020 989 in-

1143 1005 1353 1046 ventusfuerit
1366 1028 1376 1043 ‚
1402 1005 1454 1036 vel
1456 1003 1611 1047 segregare
1631 1004 1751 1047 suorum
1764 1006 1940 1038 Clericorum
1966 1007 2021 1039 all-

1142 1066 1246 1096 quem,
1273 1056 1325 1087 vel
1332 1056 1536 1088 venerandum
1547 1055 1688 1095 templum
1699 1055 1852 1094 claudere,
1878 1067 1915 1090 ne
1936 1062 1969 1089 in
1989 1067 2021 1089 eo

1145 1107 1261 1137 Divina
1282 1102 1359 1144 fiant
1369 1104 1528 1143 ministeria
1538 1130 1549 1145 ,
1575 1107 1620 1139 ad
1645 1105 1682 1137 id
1699 1107 1779 1145 quod
1802 1117 1861 1139 non
1886 1105 1923 1146 est
1930 1104 2022 1149 sensu

1141 1155 1303 1196 pra-ditum
1314 1179 1325 1195 ,
1344 1154 1433 1198 suam
1455 1153 1605 1197 insaniam
1629 1161 1793 1189 immittens
1812 1180 1823 1196 ‚
1849 1155 1888 1195 est
1911 1158 2021 1190 revera

1138 1204 1200 1246 fine
1205 1202 1291 1247 sensu
1303 1228 1313 1244 ,
1338 1206 1500 1238 &taltonis
1511 1205 1615 1246 estlegt
1629 1205 1769 1239 obnoxius
1780 1229 1791 1245 ,
1818 1207 1852 1239 (fir
1863 1205 1944 1239 labor
1954 1209 2021 1247 ejus

1145 1260 1176 1286 in
1187 1262 1276 1295 caput
1285 1254 1371 1295 tpfius
1384 1254 1508 1295 redibit,
1539 1262 1574 1289 ut
1583 1255 1678 1297 quiſse
1689 1256 1829 1289 mandati
1845 1259 1905 1289 Dei
1925 1254 2024 1299 trans-

1139 1305 1243 1348 greffiar
1255 1329 1262 1336 .
1291 1303 1491 1340 Theodorus
1501 1305 1675 1339 Balsamon
1693 1306 1740 1340 ait
1759 1304 1905 1339 damnari
1918 1306 2024 1350 dupli-

1145 1366 1217 1389 cem
1228 1355 1412 1389 Graecorum
1425 1356 1660 1400 Episcoporum
1681 1367 1723 1389 ex
1734 1355 1868 1390 avaritia
1883 1357 2025 1391 insolen-

1145 1405 1223 1439 tiam
1235 1418 1247 1438 .·
1275 1404 1383 1439 Prima
1398 1405 1545 1440 Clericos
1556 1404 1752 1449 degradabat
1776 1415 1834 1439 aut
1855 1407 2023 1450 suspende-

1146 1454 1200 1488 bat
1211 1479 1221 1494 ,
1249 1456 1370 1488 Laicos
1382 1453 1693 1490 excommunicabat
1705 1477 1716 1492 ,
1727 1456 1883 1488 Ecclesias
1894 1456 2027 1489 interdi-

1126 1489 1130 1520 Ι
1145 1504 1236 1539 cebat
1246 1504 1285 1536 ad
1297 1503 1557 1546 extorquendam
1569 1504 1741 1548 pecuniam
1754 1513 1809 1538 aut
1822 1504 1885 1538 alia
1907 1507 2002 1539 xenia
2015 1519 2025 1548 ς

1147 1554 1259 1588 Altera
1279 1553 1443 1598 legitimas
1466 1552 1623 1595 ejusmodi
1641 1555 1791 1588 censuras
1808 1564 1865 1597 pro
1889 1556 2028 1598 pecunia.

1146 1603 1320 1638 relaxabat.
1338 1603 1528 1648 Utramque
1543 1603 1671 1639 Divino
1684 1616 1751 1639 non
1763 1605 1868 1639 solum
1883 1617 2026 1640 acnatu-

1146 1654 1203 1688 tali
1226 1654 1305 1696 juri,
1333 1655 1365 1687 δε
1389 1655 1483 1689 sacris
1502 1654 1664 1689 >Ecclefiae
1676 1655 1889 1697 Canonibus,
1917 1655 1968 1689 sed
1996 1658 2030 1690 δε

1146 1704 1243 1738 variis
1264 1705 1392 1738 suorum
1411 1704 1603 1748 Principum
1625 1706 1752 1750 legibus
1771 1717 1972 1751 repugnare,
1995 1708 2030 1740 ὅς

1147 1754 1249 1788 irritas
1261 1756 1322 1789 effe
1334 1754 1412 1789 tales
1424 1757 1572 1790 censuras
1584 1756 1728 1791 ostendit
1738 1783 1745 1789 .
1776 1756 1964 1800 Utramque
1983 1756 2032 1790 in-

1147 1804 1317 1839 solentiam
1332 1805 1466 1849 viguisse
1479 1807 1577 1840 etiam
1597 1808 1633 1840 in
1654 1806 1781 1842 Latinis
1796 1806 1945 1841 Ecclesiis
1956 1831 1966 1847 ,
1993 1808 2031 1841 in

1148 1855 1269 1888 laudati
1283 1854 1576 1890 CanonisScholio
1603 1856 1729 1892 ostendi
1755 1867 1794 1890 ex
1808 1857 1971 1901 Gregorio
1989 1858 2033 1891 se·

1148 1906 1253 1949 ptimo
1265 1905 1450 1946 Pomffice,
1476 1908 1594 1941 Sancto
1607 1907 1704 1942 Petro
1717 1908 1876 1941 Damiani
1888 1932 1898 1947 ‚
1926 1907 2033 1941 Hinc-

1149 1966 1240 1989 maro
1252 1956 1460 1990 Remensium
1470 1956 1690 2001 Metropolita
1701 1983 1712 2000 ,
1740 1958 1874 1999 aliisque
1896 1957 2031 1992 testibus

1148 2004 1363 2040 authenticis.
1395 2006 1513 2051 Viguit·
1525 2008 1694 2050 ptaesertim
1710 2010 1867 2043 secunda.
1896 2008 2031 2042 Etenim

1147 2057 1237 2099 quod
1257 2056 1359 2089 etiam
1385 2056 1577 2091 venerabilis
1611 2057 1851 2100 Theobaldus‚
1879 2058 2028 2092 Ecclefiae

1149 2106 1389 2141 Cantuariensis
1425 2105 1703 2152 Archiepiscopus
1728 2135 1738 2150 ,
1776 2109 1816 2142 ab
1841 2119 2031 2141 excommu-

1149 2157 1266 2191 nicatis
1277 2157 1384 2192 Laicis
1396 2159 1614 2201 pecuniariam
1640 2159 1899 2201 redemptionem
1926 2157 1961 2190 in
1973 2158 2029 2192 ab·

1148 2207 1311 2241 solutione
1322 2208 1485 2251 exegerit,
1512 2208 1673 2252 istumque
1692 2220 1815 2242 morem
1842 2209 2029 2248 damnarit,

1147 2258 1232 2292 &ad
1245 2258 1398 2292 omnium
1419 2268 1628 2301 acceptorum
1654 2258 1892 2293 restitutionem
1918 2269 2029 2303 coege-

1147 2307 1187 2341 rit
1200 2309 1236 2342 in
1247 2307 1398 2343 Remenfi
1411 2309 1548 2349 Synodo
1578 2309 1748 2353 Eugenius
1772 2309 1888 2345 tertius
1915 2307 2030 2343 Ponti-

1147 2361 1222 2398 ῑεκ,
1247 2358 1380 2392 testatur
1407 2357 1603 2392 Guilielrnus
1622 2357 1780 2394 Thorne.
1810 2359 1915 2407 Qod
1943 2360 2030 2394 Nor·
2049 2352 2101 2379 ΛΑ
2120 2361 2181 2384 ¹2³⁴·

1148 2409 1284 2442 mandiae
1294 2408 1445 2450 Episcopi
1460 2408 1674 2452 quadraginta
1685 2411 1760 2443 osto
1771 2409 1869 2443 libras
1880 2410 1897 2442 a
1907 2411 2027 2452 quovis

1146 2459 1439 2493 excommunicato
1466 2461 1652 2502 exegerint,
1678 2459 1834 2503 istamque
1863 2459 2027 2503 pessimam

1147 2507 1417 2543 consuetudinem
1444 2519 1503 2542 nec
1514 2509 1555 2542 ad
1566 2508 1750 2543 Alexandri
1766 2510 1875 2549 tertii,
1903 2521 1958 2543 aut
1986 2509 2027 2544 ab

1147 2560 1216 2602 ipso
1228 2560 1430 2602 Legatorum
1454 2556 1680 2593 Cardinaliurn
1692 2558 1888 2594 Theoduini
1917 2571 1952 2594 ac
1968 2561 2027 2594 Al-

1147 2609 1226 2643 berti
1262 2608 1378 2651 jussum
1413 2608 1552 2642 deserere
1581 2609 1745 2643 voluerint
1767 2635 1777 2651 ,
1813 2610 1847 2643 in
1886 2611 2026 2645 addueto

1148 2658 1283 2692 scholio
1310 2658 1379 2692 dixi
1402 2669 1443 2692 ex
1455 2659 1602 2702 Rogerio
1615 2659 1819 2694 Hovedenfi.
1849 2660 1953 2709 Qod
1980 2662 2025 2703 ip—

1146 2710 1214 2742 sum
1226 2709 1374 2742 adfirmat
1387 2709 1527 2751 Joannes
1550 2709 1772 2752 Bromptonus
1784 2708 1896 2747 Abbas
1917 2712 2028 2753 jorna·

1146 2757 1258 2791 lenfis.
1289 2758 1381 2804 Qin
1409 2758 1861 2801 &primaminsolentiamin
1875 2760 2025 2793 Conven-

1146 2809 1254 2842 trensis
1266 2807 1412 2841 Ecclefiae
1424 2807 1526 2842 Archi
1537 2827 1548 2834 -
1562 2809 1722 2844 Diaconis
1743 2820 1838 2844 notat
1850 2809 1934 2853 apud
1946 2809 2024 2843 Gre-

1144 2859 1276 2902 gotium
1303 2868 1428 2891 nonum
1458 2857 1606 2892 laudatus
1624 2859 1839 2902 Alexander,
1866 2859 2024 2895 mandans
2117 2895 2123 2900 ,

1144 2920 1199 2951 per
1227 2908 1498 2942 Cantuariensem
1523 2908 1816 2953 Archiepiscopum
1843 2909 2023 2943 eliminari.
2039 2896 2198 2964 &mm-3⁷³

1145 2959 1189 2991 Et
1215 2959 1249 2991 in
1263 2958 1466 2992 Londi-nensi
1490 2959 1579 3002 apud
1594 2958 1790 2994 Matthaeum
1817 2958 2024 3004 Parifiensem
2057 2954 2063 2962 ’
2086 2943 2114 2970 3-

1144 3007 1282 3050 Synodo
1308 3008 1479 3042 adversum
1505 3010 1640 3043 cunEtos
1664 3009 1794 3052 Angliae
1820 3006 2024 3042 Archi-Dia-

1144 3068 1246 3091 conos
1272 3058 1384 3092 statuit
1408 3057 1699 3094 CardinalisOtho
1712 3057 2022 3101 LegatusGregorii
2041 3052 2167 3088 A·1²37·

1146 3108 1225 3140 noni
1253 3119 1260 3138 :
1304 3112 1355 3140 Ne
1376 3107 1537 3149 fhntentlis
1559 3110 1675 3148 aliquos
1708 3108 1870 3140 involvant
1893 3107 2021 3149 injuste,

1143 3159 1198 3198 quei
1225 3156 1263 3188 ab
1283 3162 1323 3188 eis
1349 3162 1504 3197 pecuniam
1513 3157 1613 3196 pofflnt
1623 3163 1811 3198 extorquere.
1840 3157 1879 3191 ln
1890 3168 2020 3195 excom-

1145 3206 1367 3240 municatione
1381 3205 1587 3248 pertinaciter
1598 3206 1766 3240 defunstos
1778 3217 1837 3249 pro
1858 3206 1941 3240 datis
1963 3218 2020 3251 per

1143 3267 1254 3290 eorttm
1266 3254 1524 3298 consanguineos
1533 3255 1678 3298 pecuniis
1701 3265 1759 3290 aut
1785 3254 1907 3299 praediis
1936 3257 2019 3294 olim

1143 3303 1350 3339 absolvebant
1368 3328 1380 3343 ,
1407 3314 1444 3338 ae
1472 3315 1559 3338 terrae
1583 3305 1693 3339 sanciae
1720 3305 1890 3340 tradebant
1916 3307 2016 3342 etiam

1144 3353 1337 3389 Leodienses
1350 3352 1608 3388 Archi-Diaconi
1620 3379 1630 3394 ‚
1645 3353 1823 3397 'adserentes
1847 3355 2017 3399 eac-,ejusmo-

1144 3406 1177 3436 di
1184 3403 1273 3438 rebus
1285 3404 1409 3435 Palatia
1417 3401 1498 3442 stare
1508 3427 1518 3444 ,
1539 3402 1680 3444 Ecclesi'as
1691 3405 1850 3446 instaurari
1863 3430 1869 3437 .
1898 3405 2016 3437 Advers-

1142 3453 1213 3487 sum
1226 3464 1307 3497 quos
1335 3453 1419 3495 apud
1432 3452 1618 3489 Baldricum
1629 3454 1873 3491 Tornacensem
1884 3453 2017 3494 Episco-

1562 3501 1593 3538 Κ
1889 3511 1968 3547 pum

2044 2697 2077 2722 A.
2095 2705 2178 2729 ¹¹7²--
