2352 3736
64 1702 127 1735 Lib·
155 1710 191 1737 r,

64 1745 118 1785 HJ.-
146 1751 191 1775 ιι.

67 2312 128 2345 Lib.
153 2317 181 2343 ε.

64 2356 119 2393 Ep,
151 2362 200 2391 23·

14 3141 22 3155 ⁸
74 3147 127 3184 EF»
147 3147 195 3180 702

77 3259 160 3294 Tum.
181 3271 207 3294 ι.

626 132 1120 178 Decnnrum

244 217 289 251 les
299 217 403 250 servos
417 213 501 247 intra
512 212 714 255 probationis
725 214 906 254 triennium
928 213 947 246 a
970 208 1126 245 Dominis

243 265 408 300 reclamari
427 262 586 307 permittit
609 264 660 297 lex
682 287 693 304 ,
730 263 765 297 δι’,
788 264 936 307 adjungit
960 275 967 295 :
994 265 1128 295 Triennii

241 314 332 359 semel
341 315 456 356 expleto
471 322 620 355 tempore,
644 312 912 356 servusjitdicatus
935 317 1007 355 quia
1028 314 1128 343 Mona-

238 364 314 405 stica
337 366 445 408 dignus
469 363 507 404 est
526 362 672 404 honestate
692 389 702 405 ‚
740 371 859 397 maneat
880 369 912 396 in
936 360 1108 402 Monasterio
1122 385 1129 391 .

241 414 464 458 Praescriptum
485 414 556 448 vult
578 414 728 449 adversus
752 414 920 447 Dominos
941 436 952 452 ,
989 413 1023 446 δε
1043 410 1131 446 nulla

242 476 284 498 ex
298 466 390 499 causa
401 466 488 508 poste
500 464 541 498 ab
554 465 627 505 ipsis
648 465 747 498 etiarn
771 463 919 497 adversus
940 463 1031 497 malae
1053 460 1129 495 fidei

242 516 348 549 servos
360 514 538 550 reclamari.
560 513 689 548 Placuit
700 512 765 546 haec
778 512 830 546 lex
843 511 999 547 omnibus
1010 511 1131 554 ubique

243 565 339 599 servis
361 588 372 604 ‚
396 575 496 608 atque
517 565 563 598 ita
582 562 712 605 plurimi
733 573 799 597 tarn
824 574 864 596 ex
888 562 1131 600 Ecclefiastica,

243 615 341 656 quarn
354 627 395 649 ex
407 613 546 649 saecuiari
566 612 691 646 familia
712 612 930 647 convolarunt
952 613 993 646 ad
1014 610 1132 644 Mona-

244 664 338 699 steria
360 687 372 704 ,
396 664 430 698 δε
451 663 493 698 ad
511 662 742 705 profeffionem
763 663 857 696 omni
879 661 981 696 modo
1004 660 1133 694 festina-

243 714 325 749 bant
348 739 355 746 .
381 713 493 749 Etiam
515 711 600 754 apud
626 713 815 747 Romanam
837 725 875 747 ac
897 713 975 746 alias
996 710 1132 745 Latinas

243 763 419 799 Ecclefias.
450 763 524 796 Nec
535 762 775 803 dubitandum,
803 763 883 806 quin
898 760 1132 796 intervenerint

243 814 349 858 plures
359 812 582 846 Dominorum
596 813 814 856 querimoniae.
830 813 922 845 Hinc
934 823 1012 856 ergo
1024 811 1133 855 quoad

242 864 351 897 servos
362 862 487 905 aliquid
501 862 636 896 laudatae
647 862 729 906 legis
739 862 867 896 admifit
888 862 1036 906 Magnus
1058 861 1135 895 Gre-

242 912 374 957 gorius.
402 910 622 946 Admifirillis
631 910 742 946 datam
755 911 773 944 a
797 912 869 957 lege
888 913 1080 947 facultatem
1101 912 1134 945 &

241 963 380 997 modum
403 961 637 1004 consequenda:
660 961 837 1000 libertatis,
864 962 1013 1006 ipsosque
1023 961 1135 1006 proba-

241 1013 272 1048 ri
294 1012 398 1046 voluit
421 1013 458 1045 in
481 1011 564 1046 veste
582 1012 704 1053 Laica‚
727 1013 781 1046 seu
801 1024 903 1055 parvo
928 1011 1045 1047 habitu
1067 1037 1078 1052 ‚
1103 1013 1135 1046 ὃ(

243 1061 374 1105 quidem
397 1062 504 1096 multo
525 1072 690 1106 tempore.
718 1063 800 1096 Non
825 1062 952 1096 admisit
974 1063 1134 1097 neceffita-

242 1122 311 1146 tem
335 1113 423 1156 pleni
447 1112 598 1146 triennii.
628 1111 661 1145 A
684 1113 792 1147 Sancti
815 1112 985 1147 Benedicti
1007 1113 1134 1156 Regula

241 1163 438 1206 exquisitum
460 1173 586 1196 annum
611 1163 728 1197 excedi
751 1163 861 1197 voluit
888 1177 895 1196 :
931 1163 1022 1207 juxta
1054 1163 1136 1197 arbi-

241 1212 340 1245 trium
362 1212 503 1246 Abbatis
536 1237 542 1244 .
569 1211 736 1247 Homines
763 1213 884 1247 liberos
904 1213 1047 1256 permisit
1070 1214 1134 1246 lau-

241 1260 325 1296 datae
346 1261 498 1306 Regulae.
527 1261 655 1297 Verum
679 1263 750 1306 post
763 1263 982 1298 Fortunatum
1000 1263 1135 1307 Episco-

241 1322 372 1356 pum-ac
385 1311 618 1347 Barbatianum
634 1312 801 1348 Abbatem
814 1314 950 1357 turpiter
969 1313 987 1346 a
1011 1314 1136 1347 Mauri-

242 1361 295 1396 tio
306 1359 478 1397 Monacho
490 1363 756 1407 circumscriptos
766 1375 833 1398 rern
845 1363 1004 1407 expendit
1028 1375 1134 1398 matu-

244 1410 314 1445 rius
334 1436 345 1452 ,
373 1412 408 1446 &
429 1411 558 1454 quosvis
567 1414 762 1462 ,generatim
786 1414 946 1448 Novitios
970 1415 1077 1448 sanxit
1099 1414 1134 1447 in

245 1472 348 1503 parvo
370 1460 487 1497 habitu
516 1474 573 1506 per
594 1474 704 1498 totum
727 1463 899 1498 biennium
922 1462 1109 1506 probandos
1127 1488 1133 1494 .

246 1510 299 1545 Ex
310 1511 428 1555 quibus
438 1513 538 1547 claret
550 1524 685 1556 parvum
698 1510 848 1548 habitum
858 1513 957 1548 etiam
968 1512 1055 1557 apud
1076 1512 1135 1546 La-

244 1561 336 1595 tinos
347 1563 491 1597 omnino
504 1563 643 1607 viguisse
654 1587 662 1594 .

297 1610 452 1652 Ejusdem
464 1611 637 1646 Pontificis
648 1611 689 1646 ad
712 1623 828 1647 omnes
848 1611 948 1646 Italiae
974 1620 1073 1656 atque
1097 1611 1138 1645 11-

243 1660 341 1701 lyrici
352 1660 584 1704 Metropolitas
594 1687 605 1702 ,
632 1673 767 1696 necnon
780 1661 821 1696 ad
833 1662 950 1696 Siciliae
962 1662 1138 1696 Antistites

243 1709 395 1754 Epistola
406 1711 447 1744 fic
466 1711 583 1745 habet:
612 1715 645 1745 51'
667 1719 717 1754 qul
739 1724 777 1745 ex
798 1711 978 1745 militaribus
1006 1717 1138 1744 numeris

245 1766 279 1793 in
302 1760 485 1800 Monasteriis
505 1767 638 1794 converti
652 1761 826 1802 festinant,
853 1773 910 1794 non
932 1759 1006 1803 sunt
1029 1762 1138 1795 temere*

241 1807 268 1853 s
261 1810 425 1854 uscipiendl
435 1834 446 1850 ‚
471 1810 527 1852 mfi
531 1822 630 1844 eorum
640 1818 707 1844 vita
711 1811 811 1853 fuerit
817 1810 969 1853 subtiliter
981 1810 1134 1853 inquisita.

245 1861 396 1900 Etjuxta
417 1872 555 1893 normam
571 1862 749 1905 Regularem
773 1860 881 1895 debent
906 1867 938 1893 in
957 1859 1011 1903 suo
1035 1860 1139 1894 babitu

244 1917 300 1951 per
311 1915 473 1948 triennium
480 1911 605 1951 probari
615 1935 626 1951 ‚
652 1912 766 1945 &tunc
782 1911 986 1944 Monacbicum
1002 1911 1140 1943 habitum

247 1963 312 1992 Deo
320 1959 440 1993 aut‘lore
446 1958 609 2002 suscipere.
637 1960 735 2004 ,Quisi
750 1967 794 1993 ita
809 1960 886 2002 sunt
908 1961 1028 2002 probati
1050 1970 1141 2003 atque

242 2007 396 2052 suscepti,
422 2011 456 2044 (tt
464 2018 522 2051 pro
531 2016 634 2043 anima
639 2010 698 2053 sua
707 2012 918 2053 poenitentiam
929 2012 966 2044 de
985 2019 1142 2053 perpetra-

243 2065 289 2091 tis
301 2061 394 2100 culpis
404 2058 632 2102 agerestudent‚
654 2069 710 2101 pro
723 2072 822 2095 eorum
839 2066 908 2094 vita
930 2062 964 2095 (9·
989 2062 1067 2094 lucro
1088 2073 1142 2094 coe-

244 2107 308 2147 lesti
330 2119 389 2141 non
410 2108 449 2148 est
470 2121 569 2142 eorum
588 2110 730 2152 conversio
751 2112 920 2144 renuenda.
950 2112 1024 2154 ‚Qua
1051 2111 1089 2143 de
1110 2122 1142 2144 re

244 2163 341 2191 etiam
360 2157 554 2201 serenffmus
581 2161 615 2195 (5
641 2160 900 2201 Christianiffimus
942 2165 1107 2202 Imperator
1131 2184 1142 2201 ,

246 2206 324 2240 mihi
345 2209 456 2243 credite
477 2233 489 2250 ‚
513 2216 594 2243 omni
619 2212 703 2244 modo
734 2212 876 2253 placatur
896 2236 907 2251 ‚
946 2211 979 2243 (5
1016 2210 1142 2244 libenter

244 2268 350 2294 eorum
373 2258 585 2300 conversionem
605 2258 733 2303 suscipit
748 2286 758 2302 ‚
797 2273 870 2302 quos
906 2266 939 2293 in
978 2259 1142 2294 rationibus

243 2307 375 2349 publicis
401 2309 570 2350 implicatos
599 2321 658 2343 non
684 2310 735 2354 effe
761 2310 901 2354 cognoscit
924 2334 931 2342 .
968 2310 1013 2344 Et
1040 2311 1076 2344 in
1103 2310 1145 2344 E·

247 2358 366 2400 pistola
393 2359 435 2392 ad
461 2359 680 2394 Fortunarum
708 2360 972 2403 Neapolitanum
1010 2360 1143 2404 Episco-

242 2417 323 2452 pum
337 2421 347 2440 .·
373 2409 464 2441 Miles
484 2408 515 2450 si
535 2416 669 2443 convert!
694 2412 822 2444 voluerit
837 2435 847 2451 ,
873 2408 930 2455 nisi
947 2411 1034 2451 prius
1058 2411 1141 2444 nobis

241 2455 451 2499 renuntietur,
482 2460 582 2492 nullus
607 2470 676 2494 eum
695 2459 758 2501 fine
778 2461 868 2502 nostro
895 2458 1032 2503 consensu
1069 2472 1140 2502 qua-

241 2507 314 2544 libet
319 2506 490 2551 praesumat
505 2515 620 2543 ratione
630 2508 779 2553 suscipere
792 2536 798 2542 .
827 2512 1005 2553 Imperator
1015 2511 1142 2545 Mauri-

241 2558 305 2591 tius
318 2559 440 2593 tulerat
458 2557 587 2602 legem,
613 2571 655 2594 ne
674 2563 746 2603 quis
771 2560 910 2604 publicis
935 2560 1141 2595 administra-

241 2606 390 2643 tionibus
409 2607 583 2643 Praefestus
603 2634 614 2650 ,
650 2621 707 2643 aut
736 2622 836 2645 manu
862 2612 1007 2655 signatus
1028 2611 1138 2652 miles,

242 2656 303 2689 nisi
313 2659 442 2700 expleta.
456 2658 575 2693 militia
587 2683 598 2700 ,
623 2668 680 2693 aut
693 2671 747 2704 per
757 2661 880 2695 divales
890 2661 1012 2695 litteras
1024 2661 1138 2695 solem-

242 2707 330 2739 niter
347 2706 671 2744 absolums&manu
693 2711 824 2750 missus,
851 2712 1136 2754 promovereturin

242 2755 405 2796 Clerum,
430 2767 488 2791 aut
511 2756 733 2794 admitteretur
755 2762 791 2795 in
811 2762 1034 2795 Monasteria.
1066 2762 1138 2796 Nec

243 2805 375 2850 penitus
395 2806 462 2840 fine
474 2806 692 2843 fundamento
706 2836 713 2843 .
740 2810 1078 2852 Etenim&milites,
1104 2813 1137 2846 ὃς

244 2855 420 2900 praesertirn
432 2855 557 2899 publici
568 2859 735 2894 Officiales
755 2860 952 2904 quandoque
971 2863 1137 2906 peculatus

244 2913 302 2939 aut
313 2905 453 2939 aliorum
464 2906 640 2941 criminum
654 2910 729 2943 sunt
741 2910 786 2943 rei
799 2934 810 2950 ‚
837 2910 978 2952 ideoque
988 2912 1134 2956 Principi

246 2954 439 3000 obligantur
449 2956 489 2989 ad
503 2957 622 2991 multas
643 2958 797 2993 rationes.
825 2960 1035 3006 Qandoque
1057 2963 1135 2997 item

243 3005 323 3039 sunt
344 3005 548 3049 Reipublicae
560 3008 742 3042 necessarii.
772 3009 866 3044 Hinc
892 3011 982 3044 enim
1008 3011 1134 3047 Comiti

246 3053 425 3090 Bonifacio
450 3056 695 3092 Monachatum
723 3059 850 3093 strenue
889 3060 1029 3095 diffuafit
1066 3062 1135 3096 Ma·

247 3113 334 3147 gnus
358 3104 605 3141 Monachorum
632 3108 728 3142 Pater
754 3111 889 3143 Sanetus
910 3110 1134 3155 Augustinus.

246 3153 372 3198 Legem
399 3155 566 3201 infigniter
592 3159 731 3201 exponit
759 3159 793 3192 in
822 3158 994 3202 publicatis
1008 3172 1060 3203 per
1074 3162 1136 3196 Lu-

243 3214 319 3240 cam
348 3202 548 3241 Dacherium
576 3208 693 3242 litteris
720 3209 760 3243 ad
800 3208 959 3244 carolum
995 3211 1134 3248 Calvum

245 3254 448 3291 Francorum
460 3256 588 3300 Regem
609 3259 811 3295 Hincmarus
834 3259 1051 3303 Metropolita
1073 3261 1137 3297 Re-

243 3305 383 3338 menfis:
411 3309 577 3347 Imperator
608 3311 770 3343 Mauritius
814 3310 951 3343 decrevit
973 3334 983 3349 ‚
1019 3320 1052 3344 ut
1077 3317 1104 3344 et
1124 3336 1135 3353 ,

249 3360 304 3396 qui
323 3352 420 3398 s‘emel
442 3361 474 3388 in
499 3365 613 3390 terrena
639 3359 755 3392 militia
777 3358 910 3403 Jt'gnatus
944 3360 1059 3404 suerit,
1085 3362 1139 3402 nist

246 3412 302 3443 aut
324 3405 448 3447 expleta
470 3408 583 3439 militia
597 3431 607 3447 ,
633 3416 685 3440 aut
707 3417 764 3450 pro
790 3411 943 3450 debilitate
950 3409 998 3454 sut
1010 3418 1133 3454 corports

350 3455 456 3496 Christ.
469 3460 549 3500 Lupi
561 3460 779 3500 oper.T0m.1V.

1190 129 1700 173 Secuunuu.
1910 138 2011 179 291·

1193 208 1323 254 repulsus
1338 234 1348 250 ,
1374 214 1406 243 in
1417 207 1625 249 Monastertum
1651 210 1740 250 recipi
1758 229 1769 246 ,
1804 207 1838 240 ό·
1862 204 1977 248 christo
1999 209 2076 242 milk

1191 268 1257 293 tare
1276 272 1334 293 non
1350 261 1436 294 liceat
1455 285 1462 292 .
1492 260 1585 303 ,Quod
1609 256 1747 302 Religiofi
1777 261 1973 299 Imperatores
1991 283 2001 299 ‚
2040 260 2074 292 <w

1192 310 1317 343 Sanetus
1329 314 1486 354 Gregorius
1513 309 1685 342 aanoritate
1709 307 1865 349 apostolica
1889 308 1923 341 (ν
1939 309 2076 352 generali

1195 359 1405 402 Episcoporum
1428 358 1582 404 consensu,
1607 357 1798 400 Ecclestastico
1810 364 1929 401 vigore,
1964 369 1999 392 ac
2009 362 2078 392 Rei·-

1191 411 1318 452 publicae
1328 410 1506 450 christianae
1521 409 1669 443 cohibente
1679 410 1828 452 Religione
1853 407 2059 448 destruxerunt
2067 432 2078 442 .

1196 461 1423 495 Ecclefiasticae
1433 460 1576 494 libertati
1597 471 1635 493 ac
1666 459 1871 503 Evangelicae
1895 458 2010 501 pietati
2039 459 2082 492 le-

1195 522 1269 555 gem
1295 511 1451 546 adversari
1461 509 1619 552 judicavit
1642 510 1845 554 Gregorius,
1872 508 2083 553 impugnauic

1194 561 1306 595 multis
1316 560 1539 606 argumentis,
1566 559 1710 602 ipsorum
1732 560 1875 602 palmare
1895 559 2018 603 scripfit
2042 557 2086 593 ad

1195 610 1417 646 Theodorum
1443 609 1606 652 Principis
1642 608 1842 644 Medicum:
1882 614 1968 645 Hanc
1993 611 2085 653 legem
2100 627 2163 660 Lib:
2191 629 2223 659 5·

1191 663 1322 703 primum
1335 686 1345 701 ,
1364 659 1435 702 ficut
1459 665 1480 692 ii
1507 661 1609 692 dicunt
1644 664 1694 700 qui
1731 659 1805 702 leges
1844 667 1959 693 veteres
1997 670 2087 694 nove·
2100 669 2162 700 [nd.
2190 678 2238 698 11.

1196 721 1285 750 runt,
1305 714 1459 754 Julianus
1481 709 1630 751 protulit,
1672 709 1708 740 de
1740 719 1794 749 quo
1826 708 1924 751 sciunt
1962 721 2087 750 omnes,
2102 713 2152 749 Ep,
2172 709 2224 745 ⁶5·

1196 769 1339 803 quantum
1365 763 1424 793 Deo
1449 757 1596 801 adversus
1617 757 1735 799 fuerit.
1773 760 1971 802 Sacrilegam
1996 761 2088 803 Apo-

1197 811 1281 844 statae
1294 809 1486 845 violentiam
1508 809 1616 842 noluit
1640 806 1796 841 Pontifex
1822 808 1863 841 ab
1885 808 2088 844 Orthodoxo

1198 860 1350 904 Principe
1371 861 1485 894 ass'urni
1508 860 1542 893 in
1565 858 1691 904 legem.
1720 856 1798 891 Post
1819 859 1924 892 multa
1947 870 2091 892 conven-

1198 922 1268 946 tum
1278 910 1410 946 tandem
1423 912 1466 944 est
1481 911 1565 944 inter
1577 909 1777 943 Pontificem
1789 908 2067 953 &Imperatorem
2076 932 2088 949 ,

1199 972 1235 996 ut
1258 962 1367 995 nullus
1385 961 1521 1004 Imperii
1543 959 1690 1004 publicus
1707 959 1861 994 Minister
1883 985 1895 1000 ,
1923 959 1979 992 nisi
2002 959 2089 1003 prius

1199 1012 1332 1047 redditis
1345 1011 1549 1052 rationibus,
1576 1010 1803 1044 admitteretur
1830 1011 1864 1043 in
1883 1010 2090 1049 Novitium,

1199 1064 1281 1097 &ut
1293 1062 1432 1103 milites,
1456 1061 1547 1104 juxta
1562 1060 1877 1105 Justinianilegem‚
1904 1061 2091 1101 tototrienf

1201 1113 1259 1146 nio
1279 1114 1314 1146 in
1340 1124 1440 1156 parvo
1464 1111 1580 1145 habitu
1600 1111 1812 1155 probarentur
1835 1137 1841 1143 .
1881 1112 1930 1145 Ita
1957 1111 2090 1144 interim

1200 1162 1344 1207 Principi
1358 1162 1472 1196 mansit
1483 1161 1682 1196 reclamandi
1697 1162 1833 1195 facultas
1846 1186 1853 1192 .
1883 1161 1927 1196 Et
1939 1173 2004 1205 quo
2020 1161 2093 1195 nul-

1202 1214 1252 1247 lus
1287 1212 1514 1246 reclamationi
1552 1212 1718 1246 obnoxius
1754 1212 1957 1254 obreperet>
1984 1211 2094 1245 sanxit

1203 1263 1384 1308 Gregorius
1412 1264 1540 1297 nullum
1568 1263 1684 1306 suscipi
1722 1263 1790 1297 fine
1826 1261 1906 1295 fasta
1932 1262 1973 1295 ad
1998 1263 2029 1294 se
2050 1271 2095 1294 re-

1201 1314 1325 1348 latione
1341 1338 1350 1354 ,
1378 1314 1411 1348 &
1433 1315 1490 1347 suo
1519 1312 1559 1346 ad
1582 1314 1689 1356 ipsum
1712 1313 1887 1355 Rescripto
1909 1338 1917 1346 .
1949 1312 1991 1345 Et
2014 1322 2099 1355 quo-

1202 1364 1290 1397 niam
1304 1364 1491 1398 Orientales
1503 1364 1674 1406 praesertim
1693 1362 1817 1405 lllyrici
1833 1362 2007 1396 Antistites
2029 1362 2098 1395 exi-

1202 1414 1412 1447 stimaverant
1425 1414 1655 1447 Mauritiuma
1678 1416 1732 1446 sua
1760 1423 1941 1455 numquam
1970 1413 2042 1456 lege
2055 1422 2099 1444 re-

1201 1465 1378 1503 cessurum,
1405 1462 1533 1496 addidit
1554 1463 1590 1495 in
1614 1462 1754 1496 laudatis
1779 1463 1820 1496 ad
1846 1463 1933 1504 ipsos
1955 1462 2096 1498 litteris:

1202 1516 1276 1555 ,Qua
1288 1514 1324 1544 de
1344 1525 1376 1545 re
1387 1517 1552 1552 Imperator
1564 1517 1639 1544 omni
1651 1513 1735 1544 modo
1741 1512 1880 1552 placatus
1907 1511 1965 1551 est.
1994 1511 2100 1544 Addi-

1202 1562 1252 1595 dit
1265 1575 1275 1594 :
1288 1561 1366 1595 Mihi
1376 1563 1483 1595 credite
1494 1586 1502 1593 .
1532 1562 1634 1607 Qod
1647 1562 1739 1594 sciret
1751 1560 1768 1593 a
1781 1562 1812 1595 se
1822 1560 1917 1595 scribi
1931 1573 1999 1595 rem
2011 1561 2100 1604 quali

1201 1611 1447 1646 incredibilem.
1476 1608 1609 1645 Ethinc
1623 1611 1711 1645 vides
1739 1611 1825 1645 duo.
1847 1609 1961 1645 Primo
1976 1635 1987 1651 ,
2009 1610 2101 1654 quod

1204 1661 1392 1703 Imperiales
1403 1662 1443 1694 de
1455 1661 1686 1695 Ecclefiasticis
1696 1659 1789 1694 rebus
1812 1661 1901 1704 leges
1923 1661 2101 1695 Romanus

1205 1711 1388 1754 Episcopus
1401 1712 1496 1754 poffit
1509 1711 1650 1745 limitare
1665 1735 1675 1751 ,
1700 1711 1769 1745 imo
1789 1712 1822 1744 ὃς
1848 1710 2024 1755 abrogare.
2048 1713 2101 1746 Se-

1204 1758 1315 1794 cundo
1336 1785 1346 1800 ,
1384 1761 1473 1804 quod
1510 1761 1706 1795 triennalem
1738 1760 1954 1795 Novitiatum
1987 1762 2095 1795 Graeci

1205 1811 1327 1853 semper
1338 1811 1594 1845 constantissime
1618 1812 1801 1845 tenuerint.
1826 1811 1915 1845 Nam
1938 1812 1971 1845 &
1993 1812 2100 1854 ipsum

1204 1860 1239 1894 in
1256 1862 1309 1894 sua
1320 1860 1403 1904 apud
1423 1854 1660 1904 Apostolorum
1674 1861 1845 1895 Basilicam
1856 1861 2020 1895 celebrata
2039 1863 2100 1904 Sy-

1206 1909 1296 1945 nodo
1309 1910 1497 1945 Patriarcba
1511 1911 1651 1945 Photius
1661 1912 1834 1946 affirmavit
1849 1936 1855 1943 .
1875 1910 1924 1945 At
1947 1909 2023 1946 vero
2037 1912 2103 1946 La-

1205 1960 1275 1994 tina
1298 1961 1409 1994 omnis
1434 1961 1573 1995 Ecclesia
1604 1961 1670 2003 jam
1704 1961 1830 1995 dudum
1852 1960 1948 2003 plene
1968 1961 2099 1996 admisit

1206 2011 1313 2044 Sanssi
1334 2010 1503 2044 Benedicti
1527 2011 1713 2056 Regulam,
1739 2011 1881 2055 ideoque
1903 2021 2019 2045 omnes
2045 2022 2104 2055 ge·

1207 2061 1344 2094 neratim
1358 2061 1516 2097 Novitios
1541 2061 1679 2097 deduxit
1702 2061 1742 2096 ad
1763 2072 1908 2096 annuam
1932 2062 2100 2105 probatio-

1207 2121 1305 2144 nem.

1256 2162 1400 2204 Septima
1422 2162 1554 2204 quaestio
1569 2163 1614 2197 est
1627 2186 1639 2203 ‚
1665 2162 1812 2208 Quando
1824 2174 1933 2198 annua
1947 2161 2012 2196 haec
2025 2174 2099 2206 pro·

1206 2210 1297 2245 bario
1334 2212 1467 2254 coeperit
1495 2213 1633 2255 spectare
1660 2212 1701 2246 ad
1727 2214 1931 2257 proseffionis
1957 2213 2100 2247 substan-

1207 2261 1309 2294 tiam?
1336 2261 1535 2305 Respondeo
1560 2263 1617 2297 sub
1633 2262 1832 2298 Innocentio
1844 2264 1943 2298 tertio
1954 2263 2099 2297 necdum

1207 2312 1355 2354 spectasse
1369 2337 1376 2343 .
1406 2313 1512 2346 Lucet
1522 2324 1564 2346 ex
1577 2312 1644 2354 ejus
1653 2314 1738 2356 apud
1752 2315 1955 2359 Gregorium
1968 2325 2100 2347 nonum

1207 2362 1376 2396 subtitulo
1388 2361 1428 2395 de
1455 2362 1673 2407 Regularibus
1698 2364 1873 2408 Rescripto
1898 2365 1938 2399 ad
1963 2363 2101 2397 Archie-

1206 2413 1373 2455 piscopurn
1399 2413 1572 2446 Pisanum.
1603 2413 1771 2448 Annalem
1796 2415 2023 2458 probationem
2045 2414 2102 2447 ad-

1204 2462 1312 2496 firmat
1324 2463 1387 2496 effe
1398 2472 1566 2505 paternam
1592 2464 1724 2509 legem,
1752 2467 1786 2499 &
1811 2465 1942 2499 Novitii
1964 2465 1998 2497 ὅς
2024 2465 2102 2500 Mo-

1205 2511 1333 2546 nasterii
1357 2513 1462 2556 gratia
1491 2514 1684 2555 iudufflrrn,
1710 2515 1801 2549 addit
1826 2516 1882 2558 ipsi
1909 2527 1962 2558 per
1986 2514 2100 2547 utrius-

1204 2573 1267 2605 que
1294 2564 1492 2597 consensum
1521 2565 1609 2607 poffi:
1636 2563 1838 2605 renuntiari,
1866 2565 2006 2609 ideoque
2019 2576 2100 2600 tunc

1204 2611 1306 2646 valere
1339 2614 1453 2646 fastam
1477 2614 1572 2648 antea
1595 2615 1825 2658 professionem
1853 2639 1864 2656 ‚
1882 2616 1915 2649 &
1938 2615 2102 2659 prosequi-

1203 2672 1278 2696 tur:
1304 2665 1391 2706 ,Quia
1412 2665 1508 2697 multa
1526 2664 1595 2705 fieri
1610 2665 1805 2706 probibentur
1829 2691 1841 2707 ‚
1879 2677 1946 2707 quae
1965 2663 1995 2705 fi
2008 2664 2101 2704 fac‘Ja
2120 2660 2194 2698 cap*
2216 2663 2259 2692 ¹⁶-

1183 2730 1184 2735 =
1197 2713 1316 2753 fuerint
1331 2738 1340 2753 ‚
1362 2713 1495 2746 obtinent
1520 2714 1628 2747 roboris
1649 2715 1847 2756 firmitatem.
1877 2714 2099 2747 Prohibendam

1202 2761 1239 2802 est
1266 2771 1364 2796 autem
1392 2763 1578 2803 abatibus,
1606 2776 1642 2797 ne
1664 2767 1765 2806 paffim
1790 2774 1863 2799 ante
1888 2773 2003 2806 tempus
2027 2772 2099 2809 pro-

1204 2814 1334 2846 bationis
1362 2814 1502 2855 quoslibet
1527 2815 1572 2846 ad
1591 2814 1788 2855 prqfeffionem
1814 2820 1977 2856 recipiant.
2006 2816 2052 2846 Et
2070 2813 2101 2855 fi

1202 2872 1305 2897 contra
1336 2862 1469 2904 formam
1504 2863 1716 2907 praescriptam
1765 2864 1906 2908 quoslibet
1942 2862 2097 2907 indiscrete?

1182 2919 1365 2960 inceperint
1381 2938 1392 2954 ,
1418 2914 1672 2956 animadverfione
1706 2915 1780 2958 sunt
1818 2915 1921 2949 debita
1954 2921 2098 2958 corrigen-

1205 2965 1253 2997 di.
1283 2967 1361 2995 Cum
1387 2969 1419 2995 in
1440 2963 1599 3007 subfidium
1627 2965 1817 3008 fragilitatis
1854 2965 1996 2998 humanae
2027 2962 2098 3006 spa·

1207 3020 1281 3047 tium
1300 3014 1487 3054 probationis
1510 3014 1547 3055 fit
1573 3015 1747 3056 regulariter
1759 3014 1941 3055 institutum.
1969 3013 2096 3048 Verum

1182 3062 1185 3094 Ι
1205 3074 1273 3098 non
1286 3064 1444 3096 cessarunt
1456 3063 1602 3098 Abbates
1624 3075 1790 3106 paternam
1805 3066 1912 3110 legem
1937 3065 2097 3108 dispensa-

1203 3125 1256 3147 re.
1277 3112 1530 3147 Grassabatur&
1552 3113 1635 3147 alius
1660 3114 1792 3149 abusus.
1812 3115 1965 3163 .Qidatn
1985 3113 2099 3149 Abba-
2130 3155 2142 3161 ἢ

1203 3174 1249 3197 tes
1260 3161 1548 3197 multorumetiam
1570 3175 1734 3199 annorum
1760 3165 1923 3202 Novitios
1948 3176 2018 3199 non
2043 3177 2098 3199 co·
2118 3157 2190 3191 (ΑΡ
2225 3164 2256 3184 ²*

1203 3212 1634 3258 gebantadprofeffionem.
1659 3213 1777 3259 Aliqui
1807 3215 1888 3250 item
1914 3216 2096 3251 multorum

1202 3273 1365 3298 annorum
1378 3262 1540 3297 Monachi
1554 3263 1713 3299 nolebant
1740 3264 1987 3302 Monachaliter
2011 3264 2094 3297 vive-

1203 3325 1258 3353 re,
1279 3312 1349 3347 imo
1372 3313 1407 3346 δε
1431 3313 1535 3348 redire
1559 3313 1715 3350 volebant
1737 3314 1778 3350 ad
1792 3315 1943 3351 saeculum
1954 3315 2094 3360 garrien-

1203 3374 1248 3397 tes
1280 3363 1313 3397 se
1334 3374 1404 3396 non
1437 3364 1594 3406 professos
1626 3387 1636 3403 ‚
1673 3366 1707 3399 ὅ(
1741 3366 1831 3408 quod
1861 3365 1990 3400 habitus
2021 3371 2091 3395 non

1202 3413 1322 3449 faceret
1344 3412 1573 3458 Monachum,
1603 3414 1656 3449 sed
1681 3415 1749 3453 sola
1770 3415 1947 3463 Regularis
1965 3411 2093 3454 vprofes·

1513 3464 1545 3498 O
1571 3476 1594 3498 o
1646 3477 1667 3502 2
1975 3461 2040 3498 fio.
