2352 3736
613 120 895 189 Quantum
929 128 1237 174 Romanus-1
1271 128 1653 173 C0Ncrt1u1v1.

214 220 235 252 ἃ
247 216 447 253 Prudenttbus
462 240 473 256 ‚
496 215 554 261 sed
562 225 667 251 tamen
680 227 805 261 gratum
812 217 880 259 fuit
891 218 1015 250 Clericis
1024 226 1095 257 gra—

212 266 259 302 aa
280 268 510 301 commodorum.
537 271 597 301 Res
609 266 743 309 defertur
766 269 811 301 ad
819 265 1020 309 Epist-opum,
1047 270 1096 307 qui

208 315 392 360 fiatimfalst'
400 320 540 357 Martyris
551 317 677 362 insignia
684 318 865 361 profanavit
878 341 884 349 .
907 317 951 350 Et
962 316 1003 349 de
1014 315 1097 349 Gui-

214 368 306 402 berto
328 367 494 412 Antipapa
517 369 614 402 refert
637 369 669 402 in
694 367 838 402 Mariani
861 366 952 400 Seoti
977 365 1096 408 supple—

213 421 328 451 mento
364 415 581 452 Dodechinus
608 417 720 451 Abbas
759 417 866 449 Saneii
900 414 1053 449 Disibodi

216 469 354 511 ,Quidam
380 469 417 502 de
433 467 604 511 fautoribus
624 469 687 508 ejus
710 477 853 499 rumorem
868 464 1046 508 sparserunt
1066 469 1098 496 in

212 512 374 559 populum,
400 512 446 551 ad
458 517 645 562 sepulchrum
667 518 732 557 ejus
752 514 786 558 J}
800 516 902 558 vidiffe
926 517 1034 548 divina
1046 519 1098 547 mi-

42 577 78 605 A.
95 585 179 610 1099·
215 568 295 611 cuisse
319 569 482 602 luminaria
507 594 513 599 .
548 570 741 610 ‚Quapropter
774 563 926 608 Paschalt's
951 563 1097 608 sit-undas

217 618 360 660 Pontifex
370 642 380 657 ‚
393 620 455 652 zelo
466 622 522 650 Dei
534 617 735 657 inflammatus
750 616 846 655 ,juffit
856 625 888 649 ut
899 614 1073 655 effoderetur
1087 637 1097 652 ,

217 670 252 702 Θ·
280 674 313 702 in
338 669 469 707 Tyberim
483 668 674 708 projiceretur
697 691 704 698 .
732 667 828 708 ,Quod
855 667 889 698 ἐν
905 663 1022 704 [ιιέῖιιηι
1043 662 1096 703 est.

218 719 329 752 Etiam
342 716 507 760 cujusdam
520 716 555 749 in
567 715 721 749 ebrietate
731 715 829 750 occisi
840 715 1033 757 nescioquae
1041 713 1098 746 mi-

218 768 324 802 racula
338 791 348 807 ‚
376 767 601 809 &impensum
621 765 666 800 ob
680 766 735 799 illa
757 764 885 798 cultum
895 762 1046 799 damnari
1059 761 1100 796 ab

69 852 73 856 ,
171 853 175 856 ,
219 814 411 850 Alexandro
430 817 528 850 tertio
543 817 630 860 leges
642 815 728 858 apud
740 814 942 859 Gregorium
954 823 1097 848 nonum.

38 852 110 885 ω’
121 860 200 887 3-111·
218 870 364 901 Omnem
378 866 467 900 enim
481 865 746 909 iniqueoccisum
761 864 897 908 simplex
916 862 1006 907 plebs
1017 863 1099 898 olim

43 902 90 929 ‘⁹⁵'
100 901 124 924 ε’
139 903 161 922 ¹'
215 916 351 962 putabat
362 916 546 959 Martyrem
560 939 567 947 .
589 914 634 948 Et
643 913 685 949 de
697 914 875 949 Bonifacio
885 916 1003 949 ostavo
1014 913 1100 948 Pon-

38 974 77 1004 A.
98 980 181 1010 ¹302·
216 965 305 1001 rifice
326 965 438 1000 scribit
463 965 630 999 Henricus
652 966 747 1000 Stero
770 978 777 997 z
804 967 922 1006 Corpus
945 963 1101 1008 cujusdam

214 1022 330 1051 nomine
340 1021 484 1048 Armanni
502 1040 513 1055 ‚
540 1016 620 1058 quod
639 1020 750 1059 viginti
772 1026 829 1048 uno
838 1020 930 1048 annis
949 1023 1102 1056 tamquam

209 1065 348 1111 sancium
364 1072 396 1099 in
406 1064 532 1107 Ecclesia
547 1064 736 1106 Feri-ariensi
741 1065 897 1105 exstiterat
907 1074 1084 1099 veneratum
1092 1090 1101 1105 ‚

206 1117 276 1158 suit
299 1116 495 1150 exhumatum
521 1117 556 1150 ὁ·
588 1114 761 1155 combustum
786 1124 939 1157 tamquam
965 1116 1103 1149 damnati

215 1172 359 1201 Haeretici
373 1191 383 1207 ‚
410 1168 444 1200 e·
457 1168 522 1208 ejus
544 1178 602 1198 ara
618 1163 753 1208 pretiosa
775 1164 920 1204 destruc‘la
942 1165 995 1205 est.
1023 1165 1104 1199 Uti-

213 1228 277 1259 que
298 1217 379 1260 jussu
406 1216 574 1250 Bonifacii
604 1239 611 1246 .
639 1213 823 1248 Adversum
848 1215 966 1248 similes
985 1215 1103 1248 abusus

213 1268 383 1301 neminem
404 1265 558 1309 deinceps
570 1264 763 1300 defunctum
790 1265 848 1298 nisi
860 1277 901 1299 ex
915 1265 1102 1308 Episcopali

213 1316 408 1351 austoritate
428 1316 495 1350 coli
521 1316 632 1350 statuit
648 1316 784 1350 Sanctus
798 1315 996 1355 Anselmus,
1023 1315 1103 1348 &in

214 1366 351 1401 laudato
362 1365 515 1412 Gregorii
527 1367 609 1400 noni
621 1364 779 1410 Capitulo
794 1364 982 1400 Alexander
993 1365 1106 1402 tertius

215 1416 426 1451 confirmavit
439 1442 446 1448 .

265 1465 394 1501 Veram
417 1465 618 1510 &Episcopi
645 1464 843 1509 quandoque
865 1466 1023 1500 excessere
1036 1476 1105 1498 rno-

215 1515 295 1550 dum
308 1542 319 1558 ,
344 1526 443 1560 atque
463 1525 608 1550 errarunt
620 1541 628 1548 .
655 1515 832 1549 Etenimin
845 1515 955 1549 Sanfii
964 1515 1105 1548 Martini

217 1567 284 1600 vita
308 1566 421 1600 scribit
442 1565 601 1609 Sulpitius
621 1561 754 1599 Severus
775 1576 783 1595 ε
815 1568 898 1597 Erat
919 1563 1004 1596 baud
1022 1565 1107 1607 longi?

216 1615 258 1649 ab
272 1616 378 1658 oppido
392 1614 552 1657 Turonenſs
553 1619 709 1656 proximus
727 1613 895 1654 Monasteru
905 1614 981 1646 locus
993 1638 1003 1654 ,
1021 1625 1107 1656 quem

211 1663 301 1709 falsa
320 1664 471 1698 bominum
491 1670 588 1707 opinio
608 1663 693 1698 velut
712 1662 840 1707 sepultis
864 1663 906 1697 ibi
926 1663 1107 1702 Martyribus

214 1711 391 1759 sacraverat
405 1739 412 1747 .
439 1718 526 1747 Nam
547 1715 690 1748 &altare
715 1713 757 1746 ibi
770 1715 790 1746 ἆ
810 1712 1008 1755 supenoribus
1033 1716 1109 1754 Epi-

215 1762 309 1808 scopis
322 1763 502 1804 constitutum
513 1762 680 1797 habebatur
695 1787 702 1793 .
731 1761 857 1797 Verum
882 1760 971 1807 quod
981 1761 1108 1804 Marty-

220 1817 262 1848 ris
283 1825 406 1848 nomen
427 1815 462 1848 &
482 1823 631 1856 tempora
662 1812 764 1847 essent
784 1813 922 1846 obscura
950 1836 962 1852 ,
997 1809 1086 1846 haefit
1099 1835 1110 1852 ‚

220 1862 388 1909 inquisivit
402 1889 413 1905 ,
439 1861 697 1906 defunctumque
710 1862 844 1897 tandem
858 1862 1018 1904 adjuravit
1031 1862 1111 1896 San-

220 1917 290 1949 &us
313 1915 494 1954 Martinus,
523 1914 647 1947 &mox
667 1923 823 1957 apparens
845 1911 975 1950 sordida
996 1912 1109 1946 umbra

40 1779 117 1817 (πρέ
134 1779 163 1807 8.

43 2119 105 2149 lib.
125 2129 152 2152 7.

41 2167 108 2198 cap·
120 2170 163 2196 ¹4·

220 2115 284 2147 illos
293 2115 391 2158 glorta
401 2138 411 2154 ‚
433 2112 467 2156 se
476 2122 567 2155 poena
589 2119 738 2147 retineat.
768 2114 811 2147 Et
823 2113 865 2147 de
877 2113 992 2146 Sanno
1004 2111 1111 2154 Cyril-

220 2164 256 2198 lo
276 2163 462 2198 Patriarcha
490 2163 724 2198 Alexandrino
747 2187 758 2204 ,
786 2163 1013 2197 Ammonium
1034 2162 1112 2196 Mo-

221 2212 365 2247 nachum
374 2213 523 2258 populari
535 2213 692 2249 seditioni
706 2213 849 2247 mixtum
874 2214 910 2247 &
922 2211 1045 2246 ibidem
1055 2223 1112 2245 oc-

220 2264 325 2298 cisum
355 2264 576 2298 canonizante
598 2288 609 2304 ‚
636 2263 747 2297 scribit
783 2264 956 2297 Socrates:
985 2262 1110 2300 cyrillus

219 2315 284 2347 ciam
309 2319 342 2346 in
369 2311 496 2355 Ecclefia
534 2314 772 2358 magnitudinem
807 2317 901 2346 animi
942 2315 1109 2351 Ammona,

219 2372 319 2405 utpote
343 2374 446 2407 grave
462 2369 612 2397 certamen
631 2371 688 2405 pro
707 2369 822 2405 pietate
843 2362 964 2404 perpeffi
986 2387 997 2403 ,
1022 2362 1109 2396 laude

219 2415 255 2447 (a
272 2412 491 2455 praedicatione
511 2413 660 2455 extulisset
686 2436 697 2453 ‚
715 2413 797 2455 jussit
827 2416 987 2451 Martyrem
1011 2412 1109 2454 appel-

218 2463 279 2497 lari
293 2487 300 2494 .
329 2463 437 2496 Verum
467 2462 714 2505 quimodestiores
736 2472 823 2496 erant
837 2487 848 2503 ‚
871 2468 962 2495 etiam
981 2463 1019 2496 de
1041 2461 1108 2504 ’‘PfiJ

218 2509 399 2552 christianis
413 2535 423 2551 ,
449 2514 549 2551 cyrilli
564 2511 695 2552 studium
714 2523 785 2556 erga
807 2516 993 2546 Ammonium
1020 2517 1108 2545 mini-

219 2563 267 2597 m?
288 2562 511 2604 approbarunt.
543 2565 632 2596 Nam
653 2562 840 2604 exploratum
870 2561 1020 2596 habebant
1043 2566 1108 2594 Am·

221 2617 351 2646 monium
373 2612 487 2650 nonin
511 2618 667 2646 tormentis
700 2613 839 2655 interiisse
862 2637 873 2653 ‚
900 2623 936 2646 ne
961 2611 1108 2651 christum

222 2661 365 2703 denegare
388 2670 552 2704 cogeretur,
581 2661 633 2701 sed
650 2667 829 2695 temeritatis
850 2660 915 2704 suae
932 2670 1040 2704 poenas
1059 2663 1108 2695 de-

219 2709 292 2751 disse
307 2733 314 2740 .
343 2712 487 2752 ,Quocirca
509 2711 634 2750 cyrillus
651 2709 713 2754 ipse
739 2712 816 2745 illud
838 2712 925 2754 ipfius
941 2711 1063 2753 facinus
1070 2711 1108 2754 fi-

222 2760 314 2794 lentio
341 2764 373 2791 in
398 2758 570 2793 oblivionem
594 2762 776 2804 pedetentim
801 2768 903 2795 venire
926 2762 1027 2805 passus
1049 2762 1105 2803 est.

227 2807 349 2852 Neque
371 2808 462 2841 enim
498 2819 555 2852 pro
577 2810 727 2854 *Christo
754 2812 908 2846 Domino
938 2836 948 2852 ,
975 2812 1028 2846 sed
1048 2824 1107 2855 pro

223 2858 399 2902 temporali
423 2857 657 2893 Alexandrinae
670 2860 821 2895 Ecclefiae
844 2863 1026 2905 principatu
1039 2863 1108 2896 fue-

223 2918 275 2943 rat
286 2918 376 2942 mota
389 2907 505 2941 seditio
521 2931 532 2947 ,
558 2908 592 2942 δε
604 2907 688 2942 foede
701 2919 901 2955 pugnatum.
930 2912 1040 2946 Etiam
1054 2912 1107 2954 Ju-

224 2958 404 2993 stinianum
418 2957 607 3002 Augustum
621 2981 632 2998 ,
657 2958 698 2992 de
707 2960 800 3002 cuius
811 2971 928 2995 aeterna
950 2961 1053 2995 salute
1063 2962 1108 2996 ob

224 3007 360 3041 defensa
372 3007 673 3050 incorruptibilium
683 3006 824 3043 haeresim
843 3009 961 3045 merito
979 3009 1107 3046 dubitat

1088 237 1115 620 l

225 3058 372 3091 universa
394 3056 623 3091 Christianitas
647 3081 657 3097 ‚
683 3057 809 3092 dudum
832 3061 926 3095 fuisse
946 3060 988 3095 ab
1001 3059 1107 3103 Ephe·
1127 3052 1131 3057 ¹

228 3106 297 3140 sina
319 3106 734 3151 &Constantinopolitana
758 3108 901 3145 Ecclesia
921 3111 1050 3145 cultum
1075 3111 1107 3145 &

230 3155 463 3190 canonizatum
508 3157 641 3192 testatur
687 3155 895 3201 Nicephorus
932 3160 1084 3194 Calixtus
1099 3186 1107 3193 .

230 3206 392 3249 Ioannem
410 3207 489 3240 irem
510 3207 699 3242 Cassianum
719 3207 947 3249 Massiliensis,
973 3210 1006 3243 ὃς
1032 3210 1104 3253 Epi·

229 3256 364 3299 scopum
387 3256 480 3290 suum
499 3257 689 3292 Luciferum
709 3259 903 3293 Sanitorum
923 3258 1044 3293 tabulis
1055 3260 1106 3295 ad-

230 3305 349 3348 scripsit
365 3305 507 3340 Ecclesia
528 3305 737 3342 Calaritana.
765 3308 809 3342 Et
831 3307 871 3343 de
884 3306 1007 3343 Photio
1019 3310 1107 3344 Cone

231 3354 534 3398 ssantinopolitanae
545 3357 690 3392 Ecclesiae
701 3357 842 3394 moecho
861 3358 968 3393 scribit
986 3359 1020 3393 in
1032 3360 1107 3394 San·

230 3404 274 3439 ffl
294 3404 487 3439 Patriarchae
508 3407 629 3450 Ignatii
660 3409 726 3441 vita
751 3409 886 3444 Nicetas
916 3408 1106 3455 Paphlago:

330 3455 438 3498 cbnst.
445 3460 523 3498 Lupi
536 3459 758 3499 Oper.Tom.IV.

221 1970 341 1999 Nomen
363 1965 483 2004 edixit,
509 1965 547 1997 de
557 1969 678 1997 crimine
699 1962 821 2006 conftffa
831 1963 869 2003 est
891 1987 902 2002 ‚
926 1964 1072 1995 latronem
1078 1960 1111 2004 se

213 2014 323 2064 sufflo,
347 2013 381 2047 ob
400 2011 511 2058 fi‘elera
533 2013 696 2057 percussum
721 2037 732 2053 ,
758 2013 843 2058 vulgi
865 2023 962 2047 errore

220 2073 307 2105 tum,
326 2063 382 2106 fibi
415 2063 493 2097 nihil
514 2075 580 2097 cum
589 2063 829 2106 Martyribuseffe
848 2074 1019 2104 commune,
1047 2063 1111 2095 cum

1863 135 1928 173 26
1936 136 1956 185 ς

1157 212 1263 255 Bafilio
1283 218 1460 256 Imperatori
1465 214 1549 254 filius
1570 212 1770 253 &cariffimus
1790 213 1913 246 &natu
1934 216 2034 246 maxi·

1156 275 1220 296 mus
1246 264 1456 304 Constantinus
1477 263 1514 308 est
1526 272 1644 307 ereptus
1658 288 1669 303 ‚
1695 274 1779 306 quem
1788 263 1893 296 audax
1905 260 2034 295 Pbotius

1158 318 1328 357 ingratiam
1341 319 1530 357 Imperatoris
1536 322 1593 356 per
1610 313 1639 357 se
1652 315 1716 349 fine
1728 313 1867 358 Synodo
1878 318 1910 346 in
1917 312 2036 346 Sando-

1157 374 1223 396 rum
1246 362 1360 406 censum
1382 366 1507 398 relatum
1529 367 1658 407 Templls
1679 365 1713 398 (Ὗ
1726 362 1876 397 Caenobiis
1893 364 1939 396 ad
1948 373 2037 407 aucae.

1155 414 1292 455 pandam
1304 414 1452 448 hominum
1461 421 1594 458 gratiam
1607 416 1694 448 colere
1705 413 1784 447 nibil
1802 412 1839 454 est
1850 418 1967 447 veritus
1977 437 1985 444 .
2031 434 2033 437 -

1209 464 1263 497 Ad
1285 463 1346 498 hos
1365 476 1486 499 errores
1509 465 1541 498 &
1555 477 1700 499 errorum
1723 463 1863 508 pericula
1882 461 2037 497 evitanda

1161 512 1346 548 Alexander
1365 515 1478 548 tertius
1496 515 1600 548 emisit
1618 514 1745 548 >salubre
1767 514 1920 548 Edistum
1933 538 1943 554 ‚
1969 512 2039 546 lau-

1158 562 1272 598 datum
1282 564 1323 599 ab
1336 564 1498 608 incogniti
1512 564 1681 607 scriptoris
1693 564 1862 598 Historica
1883 562 2040 606 compila-

1158 614 1270 647 tione:
1298 621 1355 650 Hic
1366 617 1454 656 Papa
1466 613 1629 655 constituit,
1646 624 1679 647 ut
1689 616 1787 648 nullus
1802 625 1899 647 novus
1911 612 2039 647 sanetus

1159 669 1191 696 in
1206 670 1390 697 veneratione
1401 664 1557 697 haberetur
1569 687 1579 702 ‚
1605 663 1661 705 mfi
1669 676 1705 697 ex
1717 664 1890 697 auc‘loritate
1905 662 2043 706 Apostoli-

1159 725 1194 746 ca
1207 736 1217 752 ,
1244 717 1277 748 (Ὗ
1292 713 1349 755 mfi
1360 713 1396 756 fit
1426 718 1619 747 canonizatus
1632 737 1642 753 ,
1669 714 1688 744 ἂ
1710 716 1797 754 Papa
1817 723 1918 746 tamen
1931 739 1938 746 .
1967 717 2042 745 Ante

1159 764 1280 806 quilibet
1292 763 1457 807 Episcopus
1475 761 1563 806 suum
1583 763 1724 795 sancium
1741 762 1907 805 solemniter
1928 767 2045 796 canoni-

1160 820 1263 846 zavit.
1290 813 1373 847 Non
1395 813 1452 847 soli
1469 812 1615 856 populo,
1642 813 1694 847 sed
1715 812 1814 846 etiam
1837 811 2043 854 quibuscum·
2063 825 2097 855 Α,
2117 832 2204 858 ¹174·

1160 874 1223 907 que
1242 864 1414 908 Episcopis
1434 864 1649 897 canonizandi
1676 863 1871 907 potestatem
1892 860 2047 904 deinceps

1162 913 1349 948 interdixit.
1379 916 1559 948 Decretum
1581 913 1685 947 exstat
1711 914 1743 947 in
1759 913 1917 947 Romano
1939 911 2048 946 Bulla-

1162 964 1211 998 rio
1231 990 1239 997 .
1270 964 1345 998 Nec
1367 964 1433 999 fine
1466 964 1685 998 fundamento
1708 989 1713 995 .
1745 963 1882 997 Etenim
1915 961 2052 1002 litterae,

1163 1014 1281 1058 quibus
1294 1014 1460 1049 Secundus
1472 1013 1678 1059 Tigisitanus
1692 1013 1869 1058 Episcopus
1880 1024 1917 1047 ac
1930 1013 2052 1046 Numi-

1164 1064 1224 1099 diae
1238 1065 1363 1100 Primas
1387 1065 1485 1098 fassas
1498 1064 1530 1097 in
1545 1064 1721 1098 Provincia
1744 1065 1799 1097 sua
1810 1063 2051 1107 persecutiones

1165 1115 1199 1148 &
1220 1115 1382 1149 variorum
1410 1114 1571 1158 Martyria
1599 1114 1772 1148 Mensurio
1800 1111 2053 1158 Carthaginensi

1168 1166 1331 1209 Episcopo
1352 1178 1389 1199 ac
1412 1165 1514 1198 totius
1528 1164 1690 1198 Africanae
1712 1164 1892 1198 Dioecefios
1914 1162 2051 1196 Primati

1167 1216 1277 1249 retulit
1289 1240 1299 1256 ,
1326 1216 1359 1250 <Sc
1372 1215 1513 1259 gloriosa
1534 1216 1568 1248 in
1594 1215 1665 1259 ipsis
1682 1224 1789 1249 morte
1807 1213 1991 1258 perfunCios
2004 1212 2055 1247 uti

1166 1265 1331 1309 Martyres
1357 1265 1534 1307 honorari,
1562 1266 1616 1299 seu
1637 1265 1825 1299 canonizari
1846 1260 2057 1298 commenda-

1168 1316 1240 1356 vit,
1265 1315 1350 1349 lenae
1378 1316 1508 1350 fuerunt
1530 1315 1564 1349 in
1578 1314 1828 1360 Carthaginensi
1850 1313 2056 1353 collatione,

1170 1367 1370 1409 ipsarumque
1383 1364 1578 1409 compendia
1601 1365 1778 1399 retinemus
1801 1364 1887 1408 apud
1901 1365 2059 1398 Sanctum

1170 1417 1395 1459 Augustinum
1413 1415 1445 1447 in
1459 1415 1550 1448 dictae
1561 1415 1762 1448 Collationis
1775 1413 1952 1448 Breviculo
1969 1438 1976 1444 .
2006 1413 2061 1446 Ex
2078 1431 2179 1469 Uva-3·

1171 1465 1243 1508 ipsis
1270 1465 1356 1498 lucet
1368 1476 1435 1497 non
1462 1465 1594 1507 quosvis
1608 1464 1639 1497 in
1655 1463 1766 1497 Africa
1790 1463 1969 1506 Episcopos
1983 1486 1993 1502 ‚
2021 1462 2064 1495 li·
2078 1482 2142 1513 cap*
2158 1481 2201 1508 13·

1170 1523 1221 1548 cet
1244 1514 1493 1554 provinciarum
1514 1513 1673 1547 Primates
1694 1536 1705 1552 ,
1731 1514 1868 1556 potuisse
1890 1514 2066 1546 canoniza-

1171 1574 1225 1602 re,
1253 1563 1306 1596 sed
1329 1562 1531 1596 eminentem
1557 1560 1642 1596 hanc
1665 1565 1857 1597 facultatem
1881 1562 2065 1596 primatiali

1172 1612 1482 1657 Carthaginensium
1506 1612 1571 1646 sedi
1594 1613 1686 1647 fuiffe
1723 1615 1915 1647 reservatam
1940 1637 1946 1644 .
2013 1623 2065 1645 ua-

1171 1672 1299 1706 propter
1319 1663 1421 1706 longe
1443 1664 1562 1704 potiori
1590 1663 1662 1705 jure
1687 1664 1790 1706 ipsam
1817 1663 1878 1697 fibi
1908 1664 2067 1697 reservare

1174 1712 1283 1756 potuit
1305 1712 1401 1745 Sedes
1428 1712 1601 1746 Romana.

1225 1763 1380 1796 Attamen
1406 1762 1538 1796 laudato
1561 1761 1745 1797 Alexandri
1774 1764 1921 1797 Decreto
1944 1762 2068 1805 ubique

1174 1824 1243 1846 non
1266 1812 1328 1849 fuit
1364 1812 1472 1846 statim
1497 1813 1668 1846 obeditum
1696 1838 1703 1845 .
1732 1814 1868 1847 Etenim
1894 1814 1935 1847 ad
1958 1813 2068 1855 quarti

1172 1862 1294 1897 decimi
1316 1861 1422 1896 saeculi
1473 1874 1597 1896 annum
1625 1864 1892 1907 septuagesimum
1933 1862 2071 1897 tertium

1175 1912 1284 1946 scribit
1310 1910 1505 1946 Chronicon
1537 1914 1775 1956 Episcoporum
1802 1913 2031 1946 Mindensium
2049 1924 2059 1944 ε

1174 1964 1290 1996 Eodem
1310 1974 1388 1995 anno
1400 1963 1525 1994 Sandlus
1541 1963 1710 1995 Felicianus
1722 1961 1889 2004 Episcopus
1906 1965 2061 1996 miraculis

1173 2011 1320 2057 coruscare
1342 2019 1428 2054 erepit
1445 2037 1455 2052 ‚
1483 2014 1594 2046 &ideo
1615 2011 1778 2055 Episcopus
1790 2013 1997 2046 Wedekt‘ndus
2014 2012 2068 2053 fe-

1169 2062 1247 2105 stum
1257 2064 1321 2103 ejus
1332 2070 1389 2104 per
1402 2072 1495 2095 totam
1510 2062 1653 2104 Dioecefim
1666 2062 1853 2106 Mindensem
1863 2063 2004 2096 celebrari
2016 2068 2067 2095 in-

1168 2112 1284 2153 stituit.
1312 2112 1459 2160 Qidam
1475 2123 1584 2147 tamen
1596 2113 1783 2147 existimant
1799 2114 1884 2147 inter
1900 2112 2065 2147 beatifica-

1174 2163 1302 2196 tionem
1321 2163 1356 2195 ὅ(
1377 2163 1665 2208 canonizationem
1687 2165 1811 2206 semper
1836 2163 1931 2197 fuiffe
1951 2161 2064 2198 distin-

1174 2214 1262 2246 &um
1276 2236 1286 2252 ,
1313 2213 1346 2245 &
1360 2211 1444 2245 hanc
1465 2212 1563 2245 solam
1586 2212 1627 2246 ab
1640 2212 1832 2247 Alexandro
1854 2214 1952 2248 tertio
1975 2213 2065 2256 Apo-

1173 2263 1295 2296 stolicae
1309 2262 1385 2295 Sedi
1396 2262 1486 2295 fuisse
1500 2264 1689 2297 reservatam
1705 2289 1711 2295 .
1739 2264 1783 2298 Et
1796 2263 1879 2297 certe
1892 2265 1976 2297 inter
1989 2264 2062 2297 duo‘

1173 2311 1360 2354 istajudicia
1373 2312 1418 2345 es'r
1430 2312 1529 2346 hodie
1544 2313 1664 2356 duplex
1684 2312 1850 2358 &grande
1861 2313 2033 2347 discrimen
2051 2339 2059 2345 .

1174 2362 1374 2396 Beatificatio
1397 2362 1440 2395 est
1453 2361 1626 2397 dumtaxat
1639 2364 1867 2404 interlocutio,
1895 2363 2059 2397 unidumv

1172 2422 1261 2446 taxat
1280 2412 1427 2445 Ecclesiae
1441 2437 1451 2452 ‚
1463 2412 1662 2454 Provinciae,
1692 2415 1814 2459 Regno
1827 2438 1837 2454 ,
1850 2424 1905 2448 aut
1918 2413 2062 2458 Regula-

1172 2464 1197 2496 ri
1211 2461 1318 2496 ordini
1332 2463 1520 2505 impartiens
1539 2464 1671 2498 colendi
1688 2464 1831 2498 defuncti
1842 2464 2031 2497 facultatem
2045 2476 2055 2506 ;

1172 2513 1219 2546 At
1232 2512 1308 2545 vero
1318 2513 1526 2546 canonizatio
1538 2513 1584 2547 est
1606 2525 1663 2556 pro
1677 2515 1823 2548 universa
1838 2513 1978 2548 Ecclesia
1990 2514 2057 2547 tale

1169 2563 1327 2605 judicium
1353 2563 1584 2597 irretractabile
1610 2573 1707 2606 atque
1742 2564 1950 2597 definitivum
1975 2588 1981 2595 .
2012 2564 2058 2596 Et

1170 2611 1247 2647 hinc
1258 2614 1338 2646 olim
1350 2635 1359 2651 ,
1386 2612 1464 2647 dum
1479 2624 1535 2656 pro
1561 2615 1616 2647 sua
1630 2614 1801 2648 dumtaxat
1828 2613 1994 2648 Parochia
2007 2626 2058 2647 ca-

1171 2662 1324 2696 nonizare
1345 2673 1473 2705 poterat
1501 2664 1635 2707 quisque
1656 2664 1837 2707 Episcopus
1862 2689 1872 2703 ‚
1900 2663 2055 2696 existimo

1169 2711 1411 2745 distinctionem
1436 2712 1528 2746 istam
1554 2725 1623 2747 non
1647 2713 1759 2748 fuisse.
1787 2715 1841 2747 Sic
1864 2713 1950 2746 enim
1977 2714 2057 2755 ipso·-

1170 2774 1242 2797 rum
1255 2762 1364 2796 nullus
1383 2763 1576 2796 canonizare
1602 2764 1776 2805 potuisset.
1805 2760 1979 2809 Qidquid
1994 2763 2029 2795 sit
2045 2787 2055 2802 ‚

1170 2813 1272 2847 etiam
1292 2811 1570 2846 beatificationem
1595 2812 1748 2848 Romana
1766 2814 1906 2847 Ecclefia
1918 2813 1975 2846 fibi
1989 2812 2056 2854 jam

1171 2862 1296 2906 pridem
1320 2862 1436 2895 merito
1461 2864 1634 2897 reservavit
1656 2889 1663 2895 .
1692 2865 1828 2898 Sandius
1850 2862 2054 2902 Bernardus‚

1171 2914 1278 2948 Sanffi
1293 2910 1468 2953 Malachiae
1491 2913 1655 2947 Dunensis
1682 2915 1716 2947 in
1727 2912 2056 2957 Hiberniapriscopi

1170 2973 1306 2998 cantans
1319 2958 1769 3007 exequias,miffamincoepit
1780 2963 1821 2997 de
1832 2966 1992 3005 Requiem‚
2018 2964 2053 2997 ὃς

1171 3013 1256 3056 quast
1282 3022 1372 3046 extra
1395 3014 1426 3046 se
1448 3013 1596 3055 abreptus
1631 3014 1810 3048 Collestam
1842 3014 1988 3047 cantavit
2011 3013 2055 3047 de.

1172 3063 1278 3097 sandio
1289 3061 1454 3095 Pontifice
1477 3064 1511 3096 &
1525 3064 1720 3097 Confeffore
1734 3088 1741 3095 .
1770 3060 1984 3097 Adstantiurn
2000 3061 2054 3096 ad-

1173 3112 1302 3147 monitu
1321 3110 1362 3146 ad
1398 3112 1601 3155 semetipsum
1624 3113 1771 3147 reduetus
1807 3122 1972 3147 recantare
1994 3124 2052 3146 no-

1171 3163 1233 3196 luit
1247 3186 1258 3202 ‚
1269 3161 1320 3194 sed
1331 3161 1464 3196 Missam
1477 3173 1545 3195 non
1560 3174 1618 3206 pro
1630 3163 1824 3203 Defunstis,
1852 3161 1906 3197 sed
1917 3162 1958 3197 de
1973 3162 2054 3196 San-

1172 3214 1224 3247 ‹sto
1245 3210 1411 3245 Malachia
1432 3212 1557 3256 peregit
1577 3235 1588 3252 ‚
1625 3214 1788 3247 affirmans
1811 3214 1873 3248 esse
1909 3213 2053 3246 omnine>

1173 3263 1313 3297 sanssum
1336 3286 1346 3302 ‚
1373 3271 1471 3304 atque
1508 3264 1554 3296 ita
1580 3263 1684 3306 ipsum
1711 3264 1797 3307 quasi
1822 3263 2050 3298 canonizavit.

1170 3312 1306 3356 Spiritus
1317 3311 1425 3346 §anei
1435 3323 1517 3355 opus
1529 3311 1594 3347 hoc
1616 3312 1788 3348 manifeste
1799 3313 1884 3355 fuit,
1913 3313 2050 3354 ideoque

1172 3362 1249 3395 tales
1269 3385 1281 3402 ‚
1308 3361 1385 3396 licet
1414 3373 1474 3395 nec
1498 3362 1516 3395 a
1537 3362 1702 3398 Pontifice
1724 3375 1784 3399 nec
1818 3363 1860 3399 ab
1882 3359 2051 3404 Episcopis

1171 3411 1268 3447 fasta-5
1303 3435 1315 3453 ‚
1357 3412 1633 3448 canonizationes
1678 3414 1822 3450 Ecclesia
1868 3417 2049 3451 numquam

1569 3464 1598 3499 L
1626 3464 1637 3496 l
1883 3461 2003 3503 improq
