2352 3736
131 783 168 844 ζ’·
217 790 281 828 ,λιιι
305 799 370 822 cum
390 789 577 831 Luitprando
602 789 855 832 Langobardorum
877 791 956 838 Rege
975 811 984 826 ,

220 840 318 881 filium
331 836 418 881 suum
435 841 596 881 Pippinum
619 837 691 879 mifit
702 863 712 878 ,
734 847 772 873 ut
783 837 1004 878 morefideltum
1017 837 1099 870 Chri,

73 3283 132 3329 Lib.
163 3296 184 3315 r.

73 3332 118 3352 tlt·
139 3329 167 3354 6.

72 3372 137 3403 ‘³³1’-
161 3375 190 3401 4

470 171 559 202 DE

214 239 394 288 'gentilium
417 239 504 274 filiis
519 240 651 275 secuisse
669 265 680 282 ,
714 240 750 275 &
771 241 848 275 Deo
869 241 945 276 vivo
968 251 1006 274 ac
1019 249 1100 272 vero

222 291 373 328 obtulisse
394 291 512 333 primos
523 291 646 333 cirros,
666 290 806 336 ideoque
823 290 868 328 ab
887 291 1030 335 ipsorum
1052 299 1103 333 pa-

214 341 367 380 „rentibus
375 340 470 377 fuisse
478 342 619 376 occisus.

275 390 329 424 Ad
343 390 431 425 hunc
441 393 539 425 etiam
550 392 650 426 ritum
661 392 775 435 spestat
786 389 877 433 quod
890 389 968 424 liber
990 390 1102 425 Ponti-

223 440 327 474 ficalis
340 441 448 475 scribit
458 442 499 475 de
509 441 706 485 Imperatore
717 441 942 477 Constantino
964 450 1103 484 quarto,
1110 438 1114 481 ⁸,

223 490 258 523 ὃς
279 488 453 524 Βεηεάὶᾶο
463 493 535 525 secu
541 490 606 525 ndo
617 491 799 525 Pontifice:
827 494 880 524 Hic
890 488 1015 534 fiefteptt
1029 490 1100 522 Mal-

224 541 302 574 lones
319 541 488 582 capillorum
509 544 631 574 Domini
642 540 820 584 Justtntani
841 543 880 575 ,Θ
894 542 1022 586 Heraclii
1034 564 1043 580 ,
1066 539 1102 581 fi-

224 591 328 624 liorum
348 591 561 631 Clementifflmt‘
580 592 751 631 Prtnctpts,
770 589 861 631 fimul
879 591 912 623 (θ’
928 591 1101 630 juffidnem,

219 649 278 683 per
299 652 388 683 quam
400 638 545 683 significat
560 637 674 681 eosdem
692 641 813 681 capillor
823 639 977 682 direti-affe.
1007 639 1048 672 Et
1061 638 1101 671 de

224 689 347 724 Carolo
358 689 513 724 Martello
526 688 622 722 habet
635 690 668 722 in
681 689 888 723 Centulensis
910 688 1101 721 Monasterii

224 738 397 774 Chronico
418 740 529 772 Frater
548 738 748 776 Richarius:
772 741 901 772 Carolus
919 743 1039 780 pepegit
1043 737 1100 779 fae

1023 793 1105 829 eique

214 886 385 929 *sturnorum
404 891 470 930 ejus
490 889 630 929 capillum
634 893 752 928 primus
771 888 958 927 attonderet,
988 899 1022 921 ac
1049 890 1104 920 Pa—

214 934 269 971 ‘ter
287 940 331 971 tllt
349 936 518 980 spiritualis
538 936 691 976 existeret.
734 938 836 984 Qod
865 938 973 979 ipsum
991 937 1104 971 testan-

226 997 278 1021 tur
297 988 330 1021 δε
351 986 407 1020 alii
427 986 629 1020 Francorum
650 987 845 1029 Scriptores.
874 987 983 1021 Etiam
1002 987 1019 1020 ὲ
1032 986 1106 1030 Pip-

224 1039 306 1080 pino
317 1034 412 1080 Rege
423 1036 526 1069 filium
538 1036 695 1070 Carolum
708 1038 801 1070 fuisse
813 1036 930 1070 eodem
954 1037 1017 1071 fine
1037 1037 1106 1070 mis-

224 1087 294 1120 sum
319 1086 361 1120 ad
387 1087 527 1120 eundem
556 1087 682 1131 Regem
703 1110 714 1126 ,
746 1088 885 1128 affirmat
911 1086 1104 1123 Chronicon

223 1136 420 1170 Monasterii
441 1135 707 1176 Novaliacenfis.
737 1137 780 1169 Et
807 1137 848 1170 de
859 1134 1025 1171 Michaele
1035 1136 1108 1170 Bul-

223 1196 378 1230 garorum
398 1186 489 1230 Rege
499 1185 654 1219 scribitin
665 1186 926 1225 ostaviConcilii
951 1188 1106 1230 praefatio-

225 1247 269 1269 ne
289 1234 474 1270 Anastasius
494 1233 782 1271 Bibliothecarius:
810 1241 847 1270 In
872 1246 992 1270 tantum
1013 1243 1108 1270 crevit

221 1291 323 1328 pietas
336 1289 483 1327 Principis
494 1311 503 1325 ‚
527 1287 561 1319 <9⁶
570 1285 743 1319 abundabat
754 1292 831 1320 circa
842 1289 971 1319 Beatum
985 1290 1107 1320 Petrum

224 1332 571 1376 venerationis‘afflc‘tu‚
598 1346 630 1369 ut
648 1337 778 1378 quadam
802 1338 849 1369 dte
871 1348 964 1375 >manu
982 1343 1107 1379 propria

220 1384 291 1428 ficos
302 1387 424 1427 capillos
434 1385 671 1427 apprehenderet
686 1412 696 1427 ‚
721 1388 755 1419 6*
765 1387 1031 1429 contemplantibus
1042 1397 1107 1420 cun-

225 1435 282 1467 His
294 1436 426 1474 traderet
437 1439 582 1476 Romanis
596 1437 682 1475 Miffis
692 1461 701 1475 ,
730 1438 850 1479 dicen53
866 1442 974 1470 Omnes
991 1440 1107 1470 Prima-

225 1494 274 1518 tes
284 1485 424 1519 &cunas
431 1486 534 1527 populi
548 1487 747 1530 Bulgarorum
769 1495 858 1520 terrae
881 1485 1050 1530 cognoscant
1070 1486 1107 1518 ab

225 1534 371 1569 hodierna
380 1536 428 1569 die
435 1546 483 1570 me
487 1534 615 1580 firrvuml
615 1535 684 1577 fore
693 1536 755 1578 post
768 1540 862 1569 Deum
877 1539 968 1568 Beati
981 1539 1063 1568 Petri
1077 1536 1110 1567 (θ

226 1587 293 1627 eJ'us
314 1588 441 1619 Vicarti.
469 1585 555 1619 Non
574 1585 674 1628 igitur
694 1585 755 1618 soli
776 1584 884 1618 fideles
898 1583 1001 1617 Graeci
1018 1608 1029 1625 ,
1055 1584 1108 1617 sed

224 1635 328 1668 etiam
347 1646 409 1668 nos
420 1634 502 1667 olim
522 1629 635 1667 Latini
658 1633 775 1667 nostris
794 1634 900 1677 pueris
920 1633 1058 1667 solemni
1078 1634 1111 1665 &

224 1684 317 1718 sacro
337 1684 403 1717 ritu
422 1682 621 1723 abscidimus
641 1684 740 1717 cirros
761 1707 771 1723 ,
798 1684 832 1716 &
859 1682 990 1716 Divinae
1011 1681 1111 1722 Maje-

224 1733 302 1767 stati
322 1732 544 1767 dedicavimus
566 1756 573 1763 .
613 1732 704 1765 Nam
725 1731 758 1765 &
781 1732 866 1774 ipsos
890 1731 948 1764 sibi
976 1729 1110 1764 abscidit

224 1781 377 1816 Michael
400 1783 494 1824 Rex,
521 1780 611 1826 quod
633 1782 712 1815 licet
734 1791 802 1814 non
823 1780 895 1824 post
921 1790 1043 1814 veteres
1069 1775 1121 1813 exv

224 1833 348 1867 Matris
366 1841 484 1871 utero,
510 1839 621 1866 tamen
642 1831 713 1877 post
727 1837 832 1865 horos
842 1842 884 1865 ex
896 1831 1015 1865 Sancto
1028 1831 1112 1864 Fon-

225 1892 261 1917 te
282 1882 406 1917 natales
424 1882 527 1916 essent
547 1881 642 1925 primi
664 1906 672 1913 .
712 1880 816 1915 Poffit
848 1881 934 1924 apud
972 1880 1111 1926 gentiles

227 1932 388 1977 Bulgatos
410 1931 546 1976 viguisse
557 1931 815 1988 mosgentilium
830 1930 1049 1972 Batavorum,
1070 1931 1109 1963 de

228 1992 370 2026 quorum
393 1980 546 2024 Principe
564 1981 701 2015 Gentile
726 1966 867 2015 scribit
857 1993 892 2015 in
915 1992 1030 2022 quarto
1065 1978 1114 2014 hi-

47 2028 125 2067 ιςέιΡ·
135 2030 188 2063 ⁶¹
228 2033 402 2066 storiarum
422 2031 507 2064 libro
518 2030 693 2065 Cornelius
704 2031 864 2065 Tacitus:
887 2033 999 2064 Civilis
1012 2030 1116 2064 barba-

228 2094 262 2116 ro
272 2091 362 2120 voto,
384 2080 446 2121 poss
457 2087 552 2121 coepta
562 2081 726 2114 adversum
747 2083 893 2114 Romanos
915 2092 1021 2121 arma,
1044 2089 1116 2122 pro-

227 2141 341 2175 pexum
362 2132 396 2164 (a
418 2130 575 2163 rutilatum
595 2135 725 2169 crinem,
745 2133 876 2172 patrata
898 2132 1015 2165 demum
1035 2133 1117 2164 caede

232 2184 397 2227 legionum,
422 2178 573 2223 deposuit.
601 2180 703 2215 Poffit
715 2180 863 2216 Michael
878 2179 1117 2225 votum‚quod
1143 2186 1145 2189 ⁴

232 2241 310 2265 ante
322 2231 385 2264 suis
396 2230 470 2264 Diis
482 2241 625 2274 paganus
635 2230 830 2274 quandoque
850 2231 967 2267 fecerat
981 2256 992 2271 ,
1017 2231 1116 2265 etiam

232 2283 353 2316 Sanno
384 2280 483 2314 Petro
494 2279 700 2315 Christianus
722 2281 912 2324 explevisse.
942 2280 1116 2329 quuid

233 2331 294 2371 sit,
321 2330 507 2368 Graecorum
529 2330 684 2375 juvenes,
708 2328 789 2364 dum
812 2332 913 2374 usque
933 2331 974 2365 ad
996 2331 1118 2376 trigesi-

233 2392 326 2415 mum
339 2391 462 2414 annum
475 2379 593 2417 radunt
605 2379 737 2419 barbam
748 2405 759 2421 ‚
785 2378 998 2425 Apostolicos
1010 2381 1116 2416 Cano-

242 2442 302 2465 nes
311 2442 380 2465 non
394 2430 640 2474 praevaricantur
649 2456 658 2464 .

284 2479 409 2515 Eadem
445 2481 580 2517 varietas
599 2480 664 2515 fuit
683 2480 767 2524 apud
790 2481 928 2516 Latinos
948 2507 955 2515 .
984 2481 1116 2526 Nequa-

234 2530 334 2573 quam
355 2541 470 2564 omnes
488 2530 571 2564 olim
595 2532 726 2566 fuerunt
745 2529 840 2565 barba
854 2531 927 2565 rasi.
955 2532 1057 2566 Lucet
1074 2544 1116 2566 ex

235 2578 482 2624 Longobardis.
507 2579 611 2626 Qod
631 2583 721 2615 enim
742 2582 842 2617 etiam
853 2580 1033 2616 Christiani
1048 2582 1116 2616 bar·

235 2628 296 2663 bas
316 2631 386 2663 suas
406 2630 490 2668 alere
499 2630 716 2676 perrexerint,
741 2631 943 2668 demonstrat
956 2632 989 2665 in
1002 2631 1117 2666 Adria-

236 2679 274 2711 ni
299 2679 395 2720 primi
417 2681 483 2713 vita
504 2680 588 2714 liber
607 2680 813 2715 Pontificalis
834 2707 841 2714 .
869 2682 1055 2724 spoletinos
1073 2694 1115 2716 ac

238 2727 423 2765 Reatinos,
450 2738 530 2770 quos
549 2729 568 2761 a.
588 2731 677 2763 civili
701 2730 860 2766 Romanae
874 2732 1022 2766 Ecclesiae
1046 2733 1115 2767 Do-

237 2777 347 2812 minio
380 2776 413 2809 &
435 2776 622 2815 obedientia
641 2779 856 2815 abstraxerant
879 2782 1092 2826 Longobardi
1106 2807 1116 2822 ,

239 2828 381 2861 affirmat
400 2829 418 2858 a
440 2826 532 2870 Rege
555 2826 722 2862 Desiderio
741 2831 866 2866 rediisse
887 2831 927 2866 ad
949 2832 1116 2866 laudatum

240 2877 443 2913 Pontificem
466 2901 475 2915 ,
501 2877 535 2910 &
562 2876 737 2921 adjungit:
774 2883 884 2912 Omne:
910 2893 988 2915 more
1012 2886 1118 2915 Roma-

243 2937 347 2961 norum
370 2924 514 2968 tonsurati
530 2924 602 2967 sunt
627 2950 634 2957 .
673 2927 798 2962 Eadem
824 2929 859 2961 in
886 2929 953 2964 vita
981 2933 1118 2973 exponit

241 2976 461 3010 ciacconius.
490 2977 628 3017 spoletini
648 2977 682 3010 (ν
700 2980 823 3010 Reatini
842 2981 967 3013 Romam
983 2987 1119 3022 perrexe-

244 3036 336 3066 runt,
358 3025 391 3074 se
401 3026 444 3059 ad
450 3028 543 3067 pedet
557 3025 706 3067 Pontificts
716 3026 961 3069 prostraverunt,
987 3038 1076 3072 atque
1087 3038 1119 3066 in

241 3077 308 3116 ejus
320 3076 414 3112 verba
419 3084 592 3118 perpetuam
605 3080 746 3110 Romana
757 3076 888 3118 Ecclefiae
894 3079 989 3121 fidem
1001 3082 1035 3113 (et
1045 3080 1119 3124 obse-

242 3130 345 3167 qurum
346 3135 553 3166 juraverunt
580 3126 701 3168 depofito
720 3128 824 3169 capillo
847 3130 881 3162 ό·
903 3129 1017 3168 barba,
1042 3132 1122 3172 quod

242 3176 329 3216 apud
337 3185 524 3218 eamgentem
535 3176 694 3213 ded1ttonis
715 3188 799 3210 verae
821 3184 988 3212 maximum
1004 3178 1120 3224 fignum

241 3232 328 3261 erat.
358 3224 400 3257 Et
413 3225 588 3271 ipsorump
589 3238 622 3260 er
633 3225 808 3261 Rotharim
819 3227 945 3273 Regem
966 3227 1121 3264 Christia-

244 3284 327 3307 num
338 3273 400 3308 lata
414 3273 467 3310 lex
480 3273 594 3310 habet·
622 3279 729 3320 Siquts
742 3277 888 3311 bominem
902 3278 1024 3316 liberum
1040 3278 1120 3323 subt-

245 3322 418 3367 resurgente
429 3331 500 3359 rtxa
507 3332 561 3366 per
570 3326 696 3363 barbam
705 3337 756 3360 aut
764 3337 816 3370 per
826 3328 946 3371 capillos
970 3335 1099 3364 traxerit
1110 3355 1121 3372 ,

244 3382 397 3416 componat
402 3372 510 3417 solidos
516 3374 591 3418 sex
613 3378 645 3410 sn·
659 3374 783 3418 servum
802 3378 1043 3419 mlntsterialem‚
1068 3389 1122 3413 aut

246 3423 365 3459 aarum
374 3448 386 3466 ,
405 3425 462 3471 Jeu
468 3423 592 3469 servum
598 3426 725 3461 alienum
738 3427 913 3468 rusticanum
920 3437 978 3473 per
996 3429 1122 3465 barbam

628 156 667 201 S.
735 155 1076 208 Leonls
1140 152 1377 203 Noui

1158 1888 1174 2268 ...τ-..μὴ

1441 153 1747 203 Αετιε.
1872 167 1974 214 3ς9

1171 247 1223 271 aut
1243 239 1362 280 capillos
1382 242 1515 271 traxerit
1534 262 1547 279 ,
1564 246 1723 283 ,componat
1740 241 1774 275 >et
1787 236 1916 282 surdum
1928 250 2039 276 lunum.

1169 288 1241 321 Nec
1252 297 1359 321 tamen
1374 289 1517 323 Romani
1529 300 1566 323 ac
1578 288 1633 322 alii
1649 288 1723 321 Itali
1733 299 1824 321 erant
1842 287 1943 324 barba
1969 290 2045 323 rasi.

1170 338 1273 372 Lucet
1285 350 1324 372 ex
1338 339 1487 372 Ratherii
1504 338 1701 375 Veronensis
1724 337 1874 382 Episcopi
1900 338 1983 373 libro
2005 340 2047 374 de

1169 398 1359 431 contemptu
1370 388 1630 427 Canonum.1n
1643 388 1780 423 secunda
1792 386 1860 429 ejus
1883 400 1969 432 parte
1987 389 2048 426 dis-

1171 438 1292 471 solutos
1306 438 1351 471 sui
1364 438 1452 472 Cleri
1477 450 1582 472 mores
1603 450 1797 483 exaggerat,
1816 439 1856 475 ὅ(
1878 437 2072 490 adjungit.-

1169 490 1218 520 Ad
1226 496 1344 521 tantam
1360 486 1531 530 consuetudo
1548 490 1670 530 impulit
1689 489 1932 530 impudentiam,
1951 498 1988 521 ut
2005 486 2050 531 sit-

1166 539 1310 571 lummodo
1324 536 1479 578 barbirasio
1491 539 1525 571 (τ
1537 543 1645 571 vertice
1653 549 1715 572 cum
1726 539 1916 581 aliquantula
1927 537 2050 577 vestium

1168 589 1398 627 difflmilitudine
1409 588 1485 620 nudo
1496 588 1599 627 distare
1608 599 1654 620 eos
1676 590 1782 622 videas
1805 591 1831 623 ἃ
1854 594 1915 621 ritu
1941 591 2048 621 Lateo.

1170 638 1271 684 Qod
1285 638 1388 680 ipsum
1401 639 1501 671 etiarn
1529 637 1562 670 in
1588 637 1733 680 Epistola
1755 636 1795 671 ad
1820 639 2050 672 Alexandrum
2068 659 2117 691 Lib
2149 671 2176 690 ¹

1167 687 1348 722 secundum
1359 687 1581 725 Pontificem,
1607 686 1670 720 &⁸
1661 698 1695 719 m
1722 688 1868 730 Epistola
1891 689 1931 721 ad
1953 688 2079 722 Cives.
2082 699 2143 736 pist.
2179 708 2223 735 ¹5,

1165 735 1376 775 Florentinos
1391 735 1549 775 scribit&
1571 735 1735 779 queritur,
1761 746 1857 779 atque
1878 739 1921 770 ita
1945 736 2052 771 lucide
2072 739 2127 770 lib·
2154 744 2182 771 3

1168 786 1303 819 affirmat
1315 784 1433 821 Laicos
1440 796 1524 822 tunc
1541 795 1614 823 non
1638 785 1730 819 fuisse
1752 784 1849 819 barba
1866 787 1955 822 rasos
1978 787 2052 821 San·
2068 783 2145 825 epist·
2177 791 2226 813 n.

1147 841 1149 843 '
1168 837 1233 869 stus
1250 835 1363 869 Petrus
1375 834 1535 870 Damiani
1547 859 1554 867 .

1220 884 1570 930 Eademformaviguit
1584 885 1667 919 olim
1690 885 1775 929 apud
1803 883 1949 930 Anglos.
1975 886 2054 923 'Ete-

1172 935 1240 969 nim
1253 936 1338 969 inter
1349 934 1446 970 Cives
1460 935 1688 969 Londinenses
1700 935 1875 970 Matthaeus
1901 935 2058 969 Parifien-

1172 986 1210 1018 fis
1222 995 1381 1021 memorat
1395 985 1579 1024 Robertum
1598 986 1632 1020 &
1654 986 1870 1022 Guilielmum
1888 997 1963 1019 cum
1987 985 2054 1019 bar-

1175 1035 1238 1075 ba,
1262 1035 1359 1069 &dat
1374 1036 1534 1070 rationem
1546 1037 1780 1083 cognominis:
1806 1037 1957 1070 Guilielmi
1961 1047 2055 1080 genus
2075 1054 2158 1082 Anno

1148 1124 1150 1132 ζ
1173 1091 1291 1118 avitum
1301 1086 1336 1118 ob
1347 1087 1581 1129 mdtgnationem
1592 1090 1850 1123 Nortmannorum
1861 1088 1967 1120 radere
1991 1086 2055 1119 bar
2080 1098 2159 1129 ¹196·

1172 1134 1241 1168 bam
1260 1134 1445 1178 contempfit.
1474 1136 1655 1179 Exponit
1647 1148 1680 1168 in
1708 1135 1945 1180 superioribus,
1986 1137 2058 1170 scri-

1172 1184 1251 1218 bens
1262 1185 1355 1219 deA
1362 1184 1509 1231 glicanis
1532 1185 1723 1227 Militibus,
1746 1198 1831 1231 quos
1855 1186 1896 1220 ad
1922 1185 2059 1220 Guiliel-

1174 1235 1218 1268 mi
1237 1234 1477 1279 Conquaestoris
1487 1235 1668 1270 exercitum
1679 1234 1917 1279 explorandum
1931 1236 2060 1270 miserat

1174 1285 1246 1319 Rex
1260 1283 1606 1326 Haroldu521lltserio
1617 1285 1807 1327 affirmabant
1824 1297 1925 1321 omnes
1949 1291 2060 1320 exerct-
2080 1286 2164 1314 Anno

1173 1345 1222 1368 tus
1244 1337 1325 1369 illius
1341 1337 1450 1369 Milites
1463 1337 1564 1369 videri
1578 1335 1762 1374 Presbytero:
1774 1361 1784 1377 ‚
1811 1347 1844 1370 eo
1855 1337 1938 1379 quod
1947 1335 2061 1378 factem
2085 1329 2166 1354 ¹¹⁶⁶·

1174 1394 1266 1418 totam
1276 1397 1339 1419 cum
1351 1396 1472 1428 utroque
1483 1386 1561 1419 lablo
1574 1385 1717 1420 baberent
1727 1384 1826 1429 rasam
1838 1412 1845 1419 .
1877 1387 1918 1420 Et
1941 1385 1974 1419 in
1990 1387 2063 1420 Fre·

1176 1435 1289 1468 therici
1304 1435 1518 1469 tertiidecimi
1533 1436 1572 1469 ad
1593 1437 1620 1469 S.
1645 1436 1813 1470 Albanum
1835 1434 1974 1470 Abbatis
1996 1435 2062 1469 vita

1177 1485 1278 1528 pergit
1289 1484 1479 1527 deejusdem
1495 1484 1669 1519 Guilielmi
1698 1486 1793 1520 novis
1816 1485 1963 1529 leg·bus:
1989 1488 2065 1517 Con·

1175 1533 1364 1566 calcabantur
1370 1532 1511 1575 spreti&
1532 1534 1623 1574 derisi
1643 1534 1767 1567 Nobiles
1796 1537 1903 1578 Angli,
1931 1536 1965 1568 Θ·
1987 1545 2064 1567 more

1176 1587 1432 1616 Nortmannorum
1443 1583 1555 1615 barbas
1569 1586 1675 1616 radere
1699 1586 1733 1617 Θ·
1753 1591 1901 1617 cincinnos
1929 1584 2066 1628 cogeban-

1174 1642 1226 1670 tur
1240 1656 1246 1663 .
1274 1633 1318 1665 Et
1332 1632 1414 1665 infra
1425 1646 1436 1665 .·
1462 1631 1528 1674 Ipsi,
1539 1638 1575 1664 N
1576 1636 1756 1667 armandicae
1765 1633 1973 1676 persecutionis
1996 1644 2067 1667 tem-

1172 1689 1245 1721 pore
1253 1681 1413 1712 exalarunt
1422 1680 1460 1712 ab
1477 1682 1583 1724 Anglia
1602 1683 1727 1715 Nobiles
1750 1694 1815 1715 tam
1835 1685 1949 1716 Milnes
1973 1686 2067 1725 quam

1180 1728 1502 1772 Praelativirisanc‘li‚
1523 1731 1673 1774 generosi,
1701 1744 1735 1764 ac
1750 1732 1874 1774 dapfiles
1890 1757 1900 1772 ‚
1927 1739 1977 1775 qut
1989 1744 2067 1766 more

1178 1782 1372 1813 Orientalium
1385 1803 1395 1819 ‚
1420 1781 1456 1815 ό·
1466 1782 1600 1814 maxime*
1611 1784 1808 1823 Trojanorum
1822 1806 1832 1821 ‚
1859 1783 1969 1815 barbas
1980 1784 2015 1816 Θ
2024 1794 2069 1817 co-

1177 1841 1243 1865 mas
1255 1830 1426 1862 nutriebant
1438 1854 1449 1869 ,
1472 1835 1569 1863 armis
1583 1832 1619 1864 <5
1635 1831 1698 1873 fide
1716 1832 1930 1873 probattffimt.
1961 1832 2068 1876 Angli

1180 1880 1278 1924 igitur
1290 1891 1370 1914 tunc
1383 1878 1514 1915 alebant
1538 1879 1669 1921 barbas,
1692 1881 1838 1925 adeoque
1860 1881 2068 1927 diligebant,

1179 1940 1214 1964 ut
1226 1931 1365 1973 ipsarum
1380 1929 1568 1964 fibianovo
1591 1929 1686 1974 Rege
1710 1931 1901 1973 imperatam
1927 1933 2068 1967 rasuram

1180 1980 1323 2014 dicerent
1336 1979 1500 2013 barbaram
1517 1980 1769 2022 persecutionem
1783 2004 1794 2020 ‚
1818 1980 1852 2016 ἀ
1863 1980 1966 2025 aliqui
1990 1993 2069 2015 exu-

1142 2042 1145 2065 ε
1182 2032 1246 2064 lare
1257 2028 1449 2068 maluerint,
1470 2028 1567 2072 quam
1581 2029 1712 2064 barbam
1725 2029 1895 2064 amittere.
1921 2031 1964 2064 Et
1986 2030 2066 2065 hinc

1171 2079 1470 2113 Londinenfisille
1482 2078 1670 2120 Roberrus,
1693 2078 1781 2124 quod
1806 2081 1921 2125 Regiis
1945 2080 2067 2116 Edietis

1179 2129 1282 2164 nollet
1293 2129 1451 2164 obaudire
1464 2154 1475 2170 ‚
1501 2130 1680 2173 appellatus
1690 2131 1753 2164 fuit
1776 2131 1941 2165 Robertus
1961 2131 1979 2164 a
2000 2132 2068 2166 bar-

1172 2181 1239 2220 ba,
1259 2181 1292 2214 &
1302 2178 1387 2222 apud
1402 2179 1509 2223 Reges
1521 2178 1563 2214 de
1577 2180 1662 2214 mala
1675 2180 1738 2215 fide
1748 2181 1870 2225 semper
1882 2183 2044 2224 suspestus
2057 2206 2066 2214 .

1179 2229 1414 2269 PorroSiciliae
1428 2229 1582 2274 Princeps
1607 2230 1846 2265 Boadmundus
1872 2240 1940 2265 erat
1966 2231 2067 2265 Nort-

1180 2292 1339 2319 mannus‚
1365 2279 1675 2325 ideoque&ipse&
1690 2292 1806 2316 omnes
1828 2281 1897 2326 ejus
1921 2279 2069 2316 Commi·

1180 2331 1302 2371 litones
1313 2331 1445 2364 fuerunt
1458 2331 1515 2365 rasi
1525 2356 1534 2367 ..

1233 2381 1275 2414 Et
1288 2379 1418 2424 quidem
1432 2379 1514 2415 intra
1527 2382 1652 2416 Gallias
1674 2382 1733 2416 soli
1761 2391 1841 2416 tunc
1865 2381 2069 2417 Nortmanni

1178 2430 1330 2469 videntur
1349 2429 1443 2467 fuisse
1466 2430 1523 2466 rasi
1545 2455 1552 2463 .
1586 2431 1722 2466 Etenim
1747 2431 1839 2475 quod
1866 2432 2069 2467 Francorum

1179 2481 1288 2525 Reges
1309 2480 1433 2519 crinem
1456 2481 1622 2525 profusum
1648 2482 1683 2516 ἃ.-
1716 2481 1900 2516 submissam
1937 2481 2071 2516 barbam

1177 2541 1347 2576 gererent,
1380 2542 1482 2573 eaque
1507 2532 1584 2566 esset
1616 2531 1820 2566 dominantis
1842 2533 1983 2574 species,
2022 2531 2071 2565 di-

1179 2580 1259 2615 serte
1278 2580 1412 2614 testatur
1434 2582 1470 2614 in
1492 2581 1605 2626 magni
1627 2582 1739 2616 Caroli
1763 2583 1829 2616 vita
1862 2582 2046 2626 Eginardus
2060 2606 2068 2613 .

1180 2631 1222 2665 Et
1240 2629 1281 2665 de
1302 2630 1449 2665 Dodone
1473 2631 1629 2666 Diacono
1655 2656 1666 2672 ,
1699 2631 1789 2675 quod
1811 2630 1851 2665 'ad
1877 2632 2003 2674 Judaeos
2025 2632 2070 2665 fa·

1179 2682 1246 2715 stus
1277 2679 1434 2723 Apostata
1471 2680 1529 2715 sibi
1561 2682 1667 2715 crines
1698 2682 1732 2716 &
1772 2680 1903 2715 barbam
1930 2682 2070 2715 crescere

1183 2730 1380 2775 permiserit,
1404 2729 1567 2764 affirmant
1589 2731 1980 2766 BertinianiFrancorum
2003 2730 2072 2763 An·-

1183 2781 1287 2815 nales.
1311 2779 1413 2827 Quod
1439 2780 1555 2823 nempe
1575 2782 1678 2814 cuncti
1707 2782 1740 2813 in
1755 2781 1875 2825 Regno
1886 2780 2071 2815 Laicitunc

1181 2831 1224 2864 ita
1244 2830 1448 2865 consuessent
1467 2855 1473 2862 .
1500 2831 1705 2875 eginardus,
1731 2831 1914 2868 submissam
1935 2830 2070 2866 barbam

1182 2881 1320 2915 scribens
1342 2882 1405 2914 effe
1429 2880 1635 2917 dominantis
1654 2881 1812 2923 speciem,
1836 2878 1976 2914 omnino
1987 2881 2072 2914 affir-

1181 2942 1246 2965 mat
1265 2931 1348 2965 inter
1384 2931 1510 2974 Regem
1546 2932 1580 2965 δε
1609 2929 1755 2965 subditos
1793 2930 1902 2974 quoad
1936 2930 2070 2964 barbam

1183 2981 1274 3015 fuisse
1299 2980 1382 3014 istud
1401 2979 1594 3021 discrimen,
1625 2981 1714 3024 quod
1736 2981 1844 3022 quoad
1862 2981 1967 3014 crines
1993 2980 2073 3020 fuis-⁴

1183 3032 1212 3065 se
1235 3029 1340 3064 scribit
1366 3029 1527 3073 Agathias
1552 3044 1559 3062 :
1595 3033 1722 3064 Solemne
1747 3030 1785 3071 est
1812 3035 1995 3064 Francorum
2017 3033 2073 3063 Re-

1177 3082 1263 3125 gibus
1286 3082 1439 3122 nunquam
1456 3081 1573 3114 tonderi
1594 3105 1603 3119 ,
1633 3079 1690 3123 sed
1711 3084 1732 3113 ἃ
1748 3086 1852 3122 pueris
1875 3079 1982 3122 intonsi
2006 3090 2071 3112 ma-

1183 3140 1253 3165 nent
1276 3154 1286 3171 ‚
1302 3129 1436 3172 caeJaries
1459 3139 1522 3162 tota
1544 3131 1677 3164 decenter
1701 3136 1786 3165 eisin
1800 3130 1933 3164 humeros
1943 3138 2069 3173 propen-

1184 3184 1254 3215 det.
1278 3184 1411 3213 Antertor
1432 3191 1511 3213 coma
1530 3181 1550 3212 ai
1566 3179 1670 3222 fronte
1690 3179 1897 3223 difirr’minata
1910 3186 1942 3214 tn
1954 3190 2070 3213 utrum·

1184 3243 1236 3274 que
1244 3232 1324 3264 latus
1334 3229 1470 3268 deflexa.
1499 3235 1607 3272 Neque
1618 3234 1688 3265 verb
1705 3255 1715 3271 ,
1735 3230 1981 3273 quemadmodum
1992 3233 2065 3262 Tur-

1183 3289 1223 3315 cis
1234 3283 1267 3315 ὁ·
1279 3279 1417 3313 barbaris
1429 3302 1440 3319 ,
1461 3285 1582 3322 impexa
1591 3286 1629 3313 tis
1642 3283 1677 3316 &¹
1683 3279 1835 3325 squallida
1851 3305 1862 3322 ‚
1881 3278 2065 3323 sordidaque

1186 3331 1222 3371 est
1242 3342 1320 3364 coma
1334 3354 1343 3370 ,
1365 3331 1417 3363 vel
1432 3331 1646 3372 complicatione
1663 3332 1832 3365 indecenter
1851 3335 1964 3364 cirrata
1977 3352 1986 3366 ,
2003 3326 2067 3371 sed

1181 3380 1342 3424 smigmata
1374 3386 1463 3413 varia
1498 3380 1553 3422 ipsi
1561 3379 1620 3423 fibi
1653 3380 1796 3415 adhibent
1810 3405 1820 3421 ‚
1851 3381 2063 3421 diligenterque

1187 3439 1292 3464 curant
1308 3454 1318 3472 ‚
1342 3431 1431 3473 idque
1453 3431 1536 3464 velut
1557 3429 1663 3474 tnfigne
1685 3431 1834 3473 quoddam
1855 3453 1866 3469 ,
1897 3429 2062 3507 emet'aque

1951 3484 2014 3507 ono-
