2352 3736
90 217 160 252 Cap.
186 223 230 250 ις.

88 477 158 515 Cap.
181 480 225 509 18.

86 862 122 893 C·
139 873 203 902 ¹04*

85 1407 215 1445 Lib.3.C·

88 1456 183 1484 15.16.

79 2099 155 2137 Cap.
165 2109 213 2135 :tor

88 2820 159 2859 Cap.
181 2830 223 2854 17·

652 119 1137 168 Ducite-rum

315 207 430 242 Tertia
451 206 585 252 quaestio
610 206 655 242 est
672 231 683 245 ‚
709 207 793 254 Qiae
813 203 895 238 olim
910 214 984 237 aetas
1005 201 1151 246 requisita

264 257 406 295 fueritin
420 257 647 302 profitentibus
660 257 676 288 ?
706 252 902 296 Respondeo
916 254 1078 297 Magnum
1094 252 1151 286 Ba-

262 309 370 343 filium
394 308 427 342 in
443 308 614 344 fufiorzbus
634 306 876 343 'stomachorum
898 304 1035 348 Regulis
1048 302 1147 345 requi-

261 370 330 392 rere
341 358 474 401 plenum
487 360 623 392 rations
637 367 731 391 ulum
744 381 753 395 ,
766 355 807 390 de
820 354 917 387 annis
930 365 1034 387 tacete
1045 377 1053 388 ,
1081 352 1150 385 Pri-

264 420 357 445 mum
372 408 486 451 repetit
499 409 532 441 in
557 408 744 444 Canonicis
755 405 792 440 ad
807 404 960 437 Sanctum
978 402 1148 446 Amphiloe

260 458 373 494 chium
397 460 512 493 litteris
535 483 546 498 ,
572 468 671 500 atque
694 455 843 498 adiungit
868 465 874 485 :
907 455 1041 487 Pueriles
1063 463 1148 488 voces

260 511 376 543 omnino
390 515 423 542 in
439 508 485 542 bis
498 519 584 542 ratas
603 508 770 548 existimare
794 515 851 537 non
865 511 979 543 oportet
990 528 1000 542 ‚
1016 501 1149 546 sedeam

259 571 326 602 quae
340 559 435 602 supra
454 558 583 603 sedecim
595 566 649 590 aut
664 554 877 598 septemdecim
897 565 991 586 annos
1004 561 1077 585 nata
1081 551 1149 592 fue-

258 620 330 649 rat,
355 607 532 650 rationisque
560 614 673 647 compos
695 629 705 645 ‚
731 614 844 646 oportet
867 611 900 637 in
917 603 1072 647 sacrarum
1083 605 1149 633 Vir-

256 666 361 705 ginum
385 660 546 700 catalogum
569 655 680 697 referre
702 681 713 696 ‚
740 653 857 697 ejusque
876 653 1067 696 confefflonem
1075 663 1149 684 com-

256 709 400 753 probare.
428 708 484 740 An
499 707 582 740 idem
608 706 648 740 de
662 706 814 739 masculis
836 705 973 742 statuat,
998 713 1065 734 non
1080 703 1149 746 pos·

260 761 317 793 (im
340 768 444 791 cerrus
473 758 630 791 affirmare
655 781 662 789 .

260 807 452 842 Monachus
473 808 506 839 in
521 807 572 839 sua
586 808 723 851 Synopn
738 804 831 839 habet
849 804 938 836 hunc
950 802 1127 837 Canonem
1139 827 1146 835 .

259 862 382 899 Oportet
406 868 471 890 eune
496 882 506 897 ,
532 862 583 898 qui
605 855 711 898 saeculo
736 860 873 888 nuntium
892 858 1042 893 remittit,
1069 851 1148 894 &fit

259 908 422 942 Monachus
438 931 447 945 ‚
473 918 530 938 non
554 911 652 941 minus
675 906 765 947 qutim
794 907 891 937 decem
913 914 1009 936 annos
1032 903 1084 946 esse
1095 915 1152 935 na-

259 968 338 991 tum.
365 955 490 996 Lucide
504 956 649 1000 loquitur
661 955 779 989 Canon
795 955 836 988 de
849 953 1042 996 profeffione
1054 978 1066 994 ,
1080 964 1148 997 quai

258 1007 338 1042 citra
352 1007 555 1050 Apostafiam
568 1017 635 1039 non
645 1005 737 1048 poffit
750 1004 866 1039 violari
880 1028 888 1036 .
915 1003 1062 1042 Eandem
1073 1015 1144 1037 aeta-

259 1051 326 1091 tem
351 1057 486 1099 requirit
509 1058 543 1090 in
567 1055 657 1088 libris
691 1053 837 1091 adversus
858 1053 1052 1092 Monasticae
1075 1055 1146 1090 vitae

259 1110 494 1151 vituperatores
532 1108 664 1140 Sandius
695 1106 835 1152 Joannes
868 1103 1144 1146 Chrysostomus.

259 1157 443 1191 Adversum
463 1168 518 1190 eos
531 1180 541 1196 ,
567 1155 624 1198 qui
638 1166 705 1188 non
717 1155 775 1190 nisi
790 1154 859 1196 post
878 1156 1026 1190 exadium
1037 1155 1144 1189 matri-

265 1207 418 1244 monium
438 1208 522 1240 acin
547 1206 618 1239 vitae
628 1205 694 1238 fine
705 1204 883 1242 censebant
903 1205 1144 1247 suscipiendum

259 1257 502 1294 Monachatum
516 1280 526 1295 ,
552 1267 627 1289 cum
642 1252 804 1297 Propheta
825 1254 923 1292 docet
942 1255 1085 1290 Domini
1098 1255 1144 1297 ju-

258 1318 340 1352 gum
351 1307 547 1351 portandum
561 1306 601 1339 ab
613 1303 829 1343 adolescentia
844 1330 854 1345 ,
875 1305 907 1337 &
920 1305 1122 1348 prosequitur
1136 1319 1146 1338 .-

259 1357 412 1400 Nempefi
418 1358 484 1398 effer
513 1362 545 1388 in
552 1355 695 1397 potestate
709 1355 804 1392 nostra
815 1361 987 1389 certaminis
1008 1363 1123 1397 tempus
1135 1379 1144 1393 ‚

257 1408 337 1442 rell?
369 1406 480 1450 forsan
496 1404 676 1450 senellutem
697 1404 866 1449 exspeeJare
888 1407 1030 1447 poffemus
1056 1430 1064 1437 .
1091 1407 1145 1437 Sin

258 1462 330 1494 vero
340 1466 396 1500 per
410 1468 525 1490 omnem
539 1462 636 1489 vitam
647 1456 730 1487 nobis
752 1455 953 1488 dimicandum
964 1454 1001 1492 est
1011 1478 1022 1493 ‚
1049 1457 1070 1488 ἃ
1081 1460 1145 1495 pri-

260 1520 311 1541 ma
327 1508 432 1547 statim
451 1517 542 1539 aetate
563 1505 777 1543 inchoandum,
804 1515 868 1539 cum
890 1506 988 1538 decem
997 1515 1143 1538 annorum

257 1560 307 1601 effe
331 1562 500 1599 coeperimus
513 1581 520 1587 .
543 1559 596 1591 Ex
621 1566 654 1587 ea
665 1561 776 1595 quippe
790 1562 880 1589 aetate
887 1563 983 1586 eorum
993 1559 1121 1584 omnium
1132 1576 1142 1591 ,

257 1618 323 1649 quae
348 1613 536 1650 peccavimus
564 1628 573 1643 ,
602 1610 747 1639 rationem
775 1604 922 1638 reddituri
949 1627 958 1641 ,
982 1600 1141 1644 poenasque

254 1657 357 1693 daturi
379 1655 477 1697 sumus
502 1680 509 1687 .
539 1654 581 1688 Et
608 1654 691 1687 hanc
717 1654 804 1689 suam
839 1652 999 1696 Regulam
1029 1652 1142 1687 multis

255 1707 430 1740 confirmat
443 1731 450 1738 .
479 1704 622 1739 Videtur
648 1715 714 1737 non
738 1711 864 1739 certum
877 1702 978 1734 aetatis
994 1712 1140 1741 annum,

256 1757 309 1791 sed
322 1757 454 1800 plenum
480 1755 651 1788 dumtaxat
676 1752 813 1786 rationis
834 1754 926 1785 usum
955 1751 1140 1793 exquirere.

256 1806 300 1839 Et
315 1807 400 1840 hanc
419 1806 487 1848 ejus
506 1804 668 1848 Regulam
692 1802 835 1835 omnino
859 1800 997 1844 respexit
1011 1800 1141 1836 Trulla-

255 1867 297 1893 na
318 1857 490 1900 Synodus,
517 1853 663 1898 &Magni
690 1852 821 1891 Basilii,
849 1851 966 1892 quaein
983 1851 1140 1894 profiten-

254 1918 287 1940 te
304 1907 446 1951 Virgine
471 1903 698 1947 septemdecim
722 1912 777 1935 aut
802 1901 943 1937 sedecim
964 1901 1138 1944 exquisivit

253 1967 359 1992 annos
373 1981 383 1997 ,
410 1954 580 2000 disciplina
600 1954 772 1992 recedens,
801 1952 833 1986 &
848 1952 881 1984 in
906 1963 1046 1997 utroque
1062 1952 1139 1985 sexu

254 2008 419 2049 requirens
443 2017 548 2039 annos
571 2005 741 2037 dumtaxat
768 2001 900 2038 decem,
928 2001 1076 2044 ipsosque
1098 2000 1140 2038 ab

255 2056 409 2100 Episcopi
434 2054 567 2088 arbitrio
585 2052 773 2096 permittens
796 2052 846 2087 vel
868 2050 985 2084 differri
1001 2051 1053 2085 vel
1067 2062 1138 2095 prae-

255 2106 379 2140 veniri.
406 2105 528 2147 Utique
554 2115 611 2147 pro
633 2114 702 2139 rata
726 2100 839 2144 judicii
864 2126 874 2141 ,
901 2099 990 2143 quod
1012 2101 1046 2134 in
1070 2113 1135 2145 pro-

254 2155 375 2191 fess'uro
401 2156 581 2197 Episcopus
599 2153 772 2187 adverterit
796 2176 803 2187 2
833 2151 875 2184 Et
896 2149 956 2184 hac
989 2151 1060 2195 lege
1083 2150 1138 2186 ho-

255 2206 360 2239 dierni
374 2207 474 2243 etiam
486 2204 590 2238 Graeci
600 2204 716 2237 vivunt
729 2227 736 2235 .
766 2201 813 2237 Ita
826 2201 960 2238 testatur
983 2201 1016 2234 in
1029 2211 1136 2235 cente·

256 2255 328 2289 fimi
350 2255 499 2299 vigefimi
526 2253 652 2297 septimi
687 2251 837 2288 Africani
870 2250 1018 2284 Canonis
1037 2251 1135 2284 Com·

254 2305 419 2342 mentatio
438 2303 636 2340 Theodorus
661 2303 835 2336 Balsamon
861 2325 871 2340 ,
907 2310 1004 2344 atque
1024 2301 1154 2344 adjum-

255 2355 306 2399 git
328 2367 335 2386 :
361 2357 392 2388 51·
412 2356 488 2389 velis
506 2352 686 2397 praesentem
710 2355 861 2388 Cononem
874 2350 914 2393 fic
937 2352 1037 2384 valere
1059 2376 1070 2391 ‚
1095 2361 1130 2384 ut

251 2406 429 2449 praejudicio
443 2416 501 2437 non
514 2404 680 2445 afficiantur
694 2400 834 2445 Episcopi
847 2426 858 2440 ,
884 2409 937 2443 qut
957 2410 1069 2442 praeter
1086 2403 1136 2443 ju-

250 2454 332 2495 stam
353 2453 472 2497 causam
489 2455 602 2496 aliquos
614 2458 707 2487 etiam
717 2462 787 2485 ante
800 2453 971 2487 decennium
984 2450 1110 2490 vestiunt
1123 2476 1134 2492 ‚

255 2515 340 2538 nemo
349 2504 387 2544 est
398 2503 626 2547 quiprohibeat.
654 2503 818 2545 Loquitur
834 2502 873 2535 de
886 2513 1025 2547 utroque
1038 2503 1132 2535 sexu.

256 2553 382 2588 Eadem
406 2555 458 2588 lex
470 2555 552 2588 olim
570 2554 675 2597 viguit
698 2552 777 2585 item
791 2553 875 2595 apud
889 2552 1044 2588 Latinos.
1072 2551 1135 2586 Lu-

257 2613 308 2638 cet
328 2616 370 2638 ex
400 2604 527 2649 Regula
552 2603 660 2637 Sancti
689 2601 859 2637 Aureliani
890 2601 1134 2646 Archiepiscopi

258 2653 471 2689 Arelatensi&
499 2658 609 2687 Minori
633 2662 723 2687 aetate
740 2659 774 2684 in
787 2652 960 2691 Monasterlo
981 2664 1037 2685 non
1058 2658 1136 2685 exci-

256 2709 406 2748 piantur,
432 2703 486 2744 m‘fi
503 2704 541 2735 ab
564 2709 654 2736 annis
679 2703 777 2736 decem
801 2712 854 2734 aut
875 2703 1029 2735 duodecim
1049 2727 1059 2743 ,
1086 2706 1149 2744 qui·

259 2755 294 2787 &¹
307 2758 416 2785 nutriri
441 2764 498 2785 non
520 2762 645 2798 egeant,
670 2754 704 2790 Θ·
725 2763 831 2790 cavere
851 2757 990 2786 noverint
1013 2753 1150 2794 culpas.2

261 2801 407 2849 Qidam
428 2812 538 2837 tamen
560 2800 626 2837 haec
647 2814 715 2835 non
737 2802 779 2836 de
799 2802 992 2839 admissione
1012 2802 1052 2836 ad
1065 2779 1151 2846 pro-l

259 2852 429 2887 feffionem
444 2877 455 2893 ,
483 2851 536 2888 sed
549 2851 588 2886 de
599 2851 790 2888 admistione
810 2852 852 2885 ad
864 2852 1075 2888 Novitiatum
1090 2843 1150 2888 in-f

259 2903 416 2947 telligunt
427 2928 437 2943 ,
460 2901 500 2936 de
511 2911 573 2945 qua
586 2900 694 2934 statuit
708 2905 741 2934 in
754 2902 1058 2939 Sanstimonialium
1071 2889 1149 2945 Rei

259 2953 335 2997 gula
356 2954 454 2990 etiam
468 2952 601 2987 Sanetus
623 2950 794 2986 Caesatius.
824 2954 855 2984 si
871 2951 936 2992 fieri
943 2952 1056 2993 potest,
1082 2946 1149 2987 auti

260 3004 374 3044 difficile
399 3012 452 3036 aut
475 3002 557 3034 nulla
579 3012 721 3045 umquam
744 3007 777 3034 in
788 3001 960 3041 Monasterio
982 3001 1135 3042 infantula

254 3055 410 3096 parvula,
439 3051 495 3094 nisi
511 3052 548 3084 ab
558 3056 648 3084 annis
668 3049 725 3093 sex
748 3059 800 3085 aut
817 3049 951 3093 septem,
979 3062 1047 3093 quae
1063 3054 1134 3090 jam

258 3104 375 3137 litteras
398 3102 504 3146 discere
529 3126 539 3141 ‚
566 3103 600 3136 Θ·
622 3100 793 3135 obedientiae
811 3101 894 3143 poffit
916 3101 1134 3144 obtemperare,

255 3151 431 3196 suscipiatur
450 3177 457 3185 .
485 3151 630 3200 Qidam
654 3150 841 3186 existimant
862 3160 1136 3194 paternas-parvu-

257 3203 363 3236 larum
378 3202 520 3245 prolium
542 3201 729 3236 oblationes
754 3200 794 3235 ab
817 3198 906 3234 hisce
929 3201 1007 3237 item
1019 3201 1131 3236 sanetis

258 3251 409 3285 Patribus
432 3262 500 3286 non
512 3252 604 3286 fuisse
626 3251 793 3286 admissas.
823 3249 993 3297 Qidqmd
1015 3250 1072 3292 fit,
1096 3252 1136 3286 de

258 3302 453 3345 professione
469 3300 611 3336 omnino
629 3301 775 3345 loquitur
786 3301 819 3334 in
834 3300 948 3336 litteris
961 3299 1136 3337 adAnthe-

258 3353 364 3386 mium
384 3351 627 3385 Subdiaconum
645 3376 655 3391 ‚
687 3350 873 3396 Apostolici
897 3349 927 3382 in
953 3351 1134 3394 Campania

259 3399 455 3438 Patrimonii
492 3401 665 3436 Red'torem
700 3425 712 3443 ,
758 3400 904 3447 Magnus
939 3400 1134 3446 Gregorius:

691 755 864 801 Qudquid
887 754 921 789 sit
952 778 962 793 ,
988 753 1147 790 Arsenius
1167 757 1171 762 “

1207 117 1709 166 SECUNDUM.
1930 121 2029 180 287

1214 205 1298 245 ,Quia
1322 203 1400 235 dura
1423 201 1462 242 est
1474 207 1506 234 in
1527 199 1637 244 Infulis
1658 205 1840 244 congregatio
1864 201 2208 245 Monachorum,1,ib.1,

1209 259 1300 284 etiam
1306 261 1412 294 pueros
1425 258 1457 287 in
1469 251 1638 293 Orphtaeriae
1652 251 1836 291 Monasteriis
1862 261 1933 284 ante
1947 255 2042 285 decern
2063 255 2097 286 (9
2116 249 2219 285 13p.43.

1211 302 1271 335 030
1295 314 1437 337 annorum
1448 311 1580 344 tempora
1596 300 1705 345 suscipi
1714 301 1905 343 prohibemus
1921 326 1931 341 ,
1959 305 2010 336 vel
2015 303 2040 341 ff
2046 310 2097 345 qui

1212 350 1385 395 nuncsunt‚
1412 363 1465 386 tua
1487 364 1533 386 eos
1559 356 1753 393 Experientia
1780 352 1903 393 aufhrat
1919 378 1927 389 ‚
1955 354 2029 388 &in
2039 357 2096 387 Ro-

1211 414 1332 436 manam
1344 403 1445 436 urbem
1454 401 1645 445 transmittat
1657 429 1662 434 .
1693 410 1752 438 Hoc
1764 409 1855 440 etiam
1868 410 1899 433 in
1915 405 2071 437 Palmaria
2081 429 2094 446 ‚

1210 451 1333 495 aliisque
1361 451 1470 496 Infulis
1496 464 1526 490 te
1544 463 1598 494 per
1635 458 1733 486 omnia
1768 454 1900 491 volumus
1938 454 2098 493 custodire.

1209 503 1302 550 Qid
1319 504 1356 535 fit
1368 504 1447 536 dura
1462 498 1708 539 Monac-horum
1731 503 1944 547 congregatio
1958 528 1967 542 ‚
1996 517 2096 547 expo-

1211 553 1258 586 nit
1275 554 1307 585 in
1327 552 1445 587 litteris
1466 551 1506 585 ad
1521 551 1753 599 Symmathum
1775 553 2005 587 Drfensotem:
2037 562 2095 591 l-Jo-

1207 601 1280 647 risco
1302 601 1411 639 Abbati
1437 605 1644 643 injunximus.
1674 613 1706 635 ut
1730 610 1760 635 in
1776 607 1936 646 Gorgonem
1959 603 2094 647 Insulam

1203 661 1313 696 pergat
1332 677 1343 694 ,
1368 664 1432 686 cum
1454 664 1511 694 quo
1522 662 1575 686 tua
1595 656 1798 693 Est-persentio
1818 662 1936 697 pariter
1961 665 2031 696 eat,
2058 658 2093 689 ό·

1207 706 1289 735 mala
1299 709 1398 735 omnia
1410 727 1420 742 ,
1448 714 1516 744 quae
1528 704 1587 739 illic
1596 710 1784 746 cognovimus
1799 705 1920 745 admissa
1935 729 1944 742 ,
1966 711 2010 737 ita
2024 712 2093 739 vin-

1207 754 1305 786 dicate
1320 777 1330 792 ‚
1350 762 1382 787 ut
1388 761 1445 793 per
1455 754 1591 784 ultionem
1603 753 1731 791 vestram
1741 752 1877 792 praefata
1888 753 1990 794 Insula
1998 763 2092 788 etiam

1206 801 1378 844 inposterum
1400 810 1520 837 maneat
1540 802 1667 835 correcta
1690 827 1696 837 ,
1726 801 1761 834 ln
1786 801 2009 844 adjacentibus
2030 805 2093 839 Ita·
2109 799 2158 834 Ep.
2176 803 2220 831 50·

1207 853 1256 887 liae
1265 853 1385 886 lnsulis
1397 853 1504 889 laxata
1517 864 1583 888 erat
1594 851 1781 888 Monastica
1793 851 1963 895 disciplina
1977 879 1987 893 ‚
2009 853 2093 888 ideo-

1206 914 1269 947 que
1280 903 1423 947 optimus
1435 902 1590 939 Pontifex
1605 902 1738 942 nolebat
1749 914 1865 946 pueros
1884 903 1955 940 istic
1969 904 2096 949 pericli-

1208 954 1269 993 tati
1296 979 1302 984 .
1333 953 1386 986 Ex
1403 954 1517 993 eadem
1545 954 1673 999 Regula
1701 954 1819 995 scripsit
1841 952 1880 986 ad
1900 954 2093 990 Candidum

1209 1003 1437 1048 Presbyterum
1455 1028 1467 1044 ,
1494 1004 1680 1047 Apostoliri
1705 1005 1736 1036 in
1763 1003 1871 1039 Gallia
1895 1003 2093 1038 patrimonii

1210 1055 1384 1093 Rectorem
1399 1068 1410 1089 .-
1436 1056 1575 1086 Volumus
1599 1064 1633 1087 ut
1657 1054 1781 1087 Dilec‘i‘io
1803 1064 1856 1087 tua
1868 1066 1906 1091 ex
1914 1053 2008 1097 soldis
2018 1067 2093 1097 quos

1206 1110 1348 1147 acceperit
1363 1129 1374 1145 ,
1392 1112 1500 1146 pucros
1523 1106 1652 1149 Anglos,
1679 1111 1730 1146 qui
1747 1103 1819 1146 fient
1839 1104 1876 1140 ab
1889 1116 1979 1138 annes
1991 1107 2092 1143 decem

1207 1157 1241 1188 (τ
1246 1153 1366 1197 septem
1390 1155 1442 1188 vel
1453 1157 1551 1187 decem
1574 1154 1700 1194 ontio,
1727 1160 1802 1190 utin
1816 1154 1999 1196 Monasterjis
2023 1157 2092 1187 dati

1206 1206 1265 1238 Deo
1283 1205 1440 1247 proficiant
1453 1230 1463 1244 ,
1490 1213 1637 1248 comparet
1653 1230 1661 1238 .
1690 1207 1851 1248 ‚Quatenus
1869 1203 1955 1248 solidi
1974 1205 2096 1238 Gallia-

1207 1267 1272 1287 rum
1284 1279 1293 1294 ,
1320 1262 1371 1298 qui
1386 1261 1418 1288 in
1430 1265 1511 1287 terra
1524 1255 1620 1296 nostra
1631 1256 1761 1296 expendi
1773 1267 1829 1287 non
1841 1255 1958 1297 possunt
1970 1279 1980 1294 ‚
2007 1256 2094 1296 apud

1206 1306 1295 1341 locum
1314 1311 1466 1347 proprium
1485 1306 1598 1342 utiliter
1620 1307 1832 1347 expendantur
1844 1330 1851 1337 .
1882 1305 1922 1338 Et
1941 1316 2017 1338 cum
2030 1305 2091 1338 Im·-

1207 1366 1352 1397 peratore
1363 1356 1525 1390 Mauricio
1538 1380 1550 1395 ,
1575 1356 1610 1390 ἀ
1621 1367 1697 1389 cum
1709 1355 1922 1399 regnantibus
1945 1355 1979 1387 in
1995 1356 2091 1389 ltalia

1206 1406 1436 1449 Longobardis
1449 1406 1647 1444 Francorum
1664 1406 1772 1449 Reges
1785 1404 1895 1448 paffim
1919 1417 1986 1439 non
2009 1404 2091 1439 bene

1205 1464 1450 1492 convenerunt,
1476 1465 1571 1496 atque
1593 1455 1636 1488 ita
1649 1455 1725 1487 licet
1744 1454 1915 1491 Gallicana
1931 1455 2091 1489 Romanae

1207 1504 1358 1540 Ecclefiae
1370 1504 1573 1537 Patrimonia
1599 1516 1666 1537 non
1680 1503 1856 1538 invaserint
1868 1528 1878 1543 ‚
1904 1516 1944 1536 ex
1959 1505 2030 1547 ipsis
2042 1517 2090 1539 ta-

1204 1564 1279 1587 men
1292 1554 1459 1590 collectam
1472 1577 1482 1592 ,
1505 1553 1551 1586 uti
1563 1553 1596 1586 ὅτ
1607 1553 1756 1596 quamvis
1770 1553 1885 1591 aliam,
1915 1555 2090 1596 pecuniam

1205 1614 1374 1636 vetuerunt
1396 1604 1559 1645 exportari
1573 1603 1685 1648 Regni
1710 1602 1849 1637 finibus.
1878 1603 1972 1637 Hinc
1986 1605 2090 1647 ipsam

1204 1653 1356 1695 providus
1377 1653 1556 1696 Gregorius
1572 1652 1719 1696 impendi
1733 1652 1818 1695 juffit
1841 1653 1989 1688 emendis
2004 1655 2091 1690 intra

1203 1701 1347 1738 Galliam
1370 1701 1569 1746 Anglicanis
1586 1701 1782 1745 mancipiis,
1808 1704 1873 1736 erni
1896 1704 1983 1738 solos
2002 1707 2090 1740 osto-

1201 1752 1311 1788 decim
1323 1762 1378 1785 aut
1391 1750 1618 1795 septemdecim
1634 1763 1797 1791 annorum
1820 1752 1974 1796 juvenes,
2002 1755 2092 1798 ipsos

1201 1801 1316 1839 donari
1351 1802 1562 1836 Monasteriis
1582 1827 1594 1843 ,
1619 1813 1717 1846 atque
1751 1802 1820 1836 illic
1844 1804 1878 1837 in
1914 1802 2091 1847 neophytae

1201 1853 1262 1886 suae
1283 1852 1391 1897 gentis
1416 1851 1597 1895 Apostolos
1619 1851 1768 1887 educari.
1798 1853 1875 1892 Emi
1902 1851 1988 1895 juffic
2002 1853 2091 1891 solos

1200 1903 1296 1941 istos,
1325 1902 1383 1945 qui
1405 1903 1464 1937 sub
1490 1901 1551 1936 illo
1571 1915 1676 1937 onore
1699 1903 1910 1941 admitterent
1922 1903 2090 1947 Apostoli-

1198 1963 1274 1986 cum
1299 1952 1459 1990 libertatis
1481 1950 1697 1990 beneficium.
1727 1953 1770 1989 Et
1797 1964 1838 1986 ne
1861 1953 1969 1996 postea
1992 1965 2090 1990 aucu-

1199 2003 1266 2045 pari
1291 2002 1418 2046 possent
1439 2002 1599 2037 refiliendi
1623 2002 1734 2040 fucos,
1757 2003 1820 2036 effe
1850 2001 1934 2044 juffit
1951 2003 2088 2047 septem-

1196 2051 1305 2086 decim
1327 2062 1384 2086 aut
1405 2052 1591 2086 cstodecim
1614 2063 1796 2088 annorum.
1825 2053 1906 2098 Qae
1929 2065 2046 2089 omnes
2066 2058 2087 2090 a

1197 2103 1370 2136 communi
1393 2102 1523 2146 Regula
1543 2102 1754 2145 exceptiones
1777 2101 2000 2137 demonstrant
2025 2105 2088 2139 mi-

1198 2163 1311 2191 norem
1323 2163 1449 2191 aetatem
1461 2163 1541 2186 tunc
1564 2153 1605 2186 ad
1617 2152 1839 2202 profitendum
1862 2153 1956 2190 fuifle
1969 2154 2084 2198 paffim

1196 2203 1384 2241 admistam.

1247 2252 1356 2289 Variae
1367 2262 1479 2292 tamen
1492 2253 1687 2289 Latinorum
1702 2264 1818 2303 gentes
1837 2252 2021 2289 babuerunt
2032 2266 2084 2292 va-

1196 2303 1261 2339 rios
1275 2313 1383 2337 mores
1395 2328 1402 2335 .
1430 2304 1566 2337 Etenim
1577 2303 1746 2339 Toletana
1769 2303 1828 2338 sub
1838 2304 2011 2339 Montano
2023 2304 2085 2342 At·

1196 2353 1405 2397 chiepiscopo
1425 2353 1581 2396 Synodus
1600 2352 1729 2388 oblatos
1741 2354 1759 2391 ὸ.
1773 2354 1958 2399 parentibus
1978 2354 2087 2390 infan-

1196 2415 1243 2437 tes
1254 2415 1291 2437 ac
1305 2414 1416 2446 pueros
1429 2404 1537 2439 sanxit
1546 2403 1676 2440 educari
1690 2403 1730 2438 ad
1743 2415 1867 2441 annum
1886 2406 1987 2448 usque
1998 2407 2082 2440 osta·-

1197 2465 1274 2487 vurn
1288 2454 1454 2490 decimum
1467 2479 1478 2494 ‚
1504 2454 1537 2487 ἀ
1549 2464 1629 2489 tunc
1639 2454 1773 2492 demum
1787 2455 1853 2489 illis
1865 2455 1933 2491 fieri
1947 2455 2084 2491 faculta-

1197 2515 1263 2539 tem
1289 2504 1341 2537 vel
1363 2503 1533 2540 recedendi
1560 2504 1601 2538 ad
1625 2504 1776 2542 saeculum
1804 2530 1815 2545 ,
1844 2505 1896 2539 vel
1922 2503 2082 2542 stabiliter

1195 2554 1393 2598 profitendi.
1416 2553 1513 2589 Nulli
1537 2554 1637 2599 igitur
1659 2564 1736 2589 ante
1752 2554 1851 2589 istum
1873 2566 1998 2592 annum
2014 2567 2084 2599 per-

1195 2604 1279 2638 misit
1292 2603 1523 2647 profeffionem
1536 2629 1543 2636 .
1572 2605 1619 2642 At
1640 2604 1719 2638 vero
1730 2603 1858 2639 decima
1882 2605 2024 2647 ejusdem
2038 2606 2083 2639 ci-

1197 2654 1306 2688 vitatis
1331 2652 1483 2697 synodus
1508 2654 1694 2691 offerendos
1714 2655 1732 2693 ὲ
1756 2655 1943 2698 parentibus
1966 2667 2081 2698 pueros

1196 2703 1329 2741 mandat
1354 2706 1416 2738 effe
1428 2705 1572 2737 minores
1593 2715 1683 2739 anno
1694 2716 1809 2749 quarto
1831 2705 1976 2740 decimo.
2006 2705 2083 2739 Ma-

1196 2755 1280 2798 iores
1293 2753 1387 2798 ligari
1400 2765 1469 2787 non
1484 2755 1552 2788 vult
1566 2778 1576 2792 ,
1600 2755 1657 2788 nisi
1671 2756 1799 2798 propria
1811 2754 1980 2789 voluntate
1991 2778 1999 2786 .
2023 2754 2082 2789 Er-

1197 2804 1242 2850 go
1254 2804 1295 2837 ad
1306 2803 1449 2841 validam
1459 2804 1687 2847 profeffionem
1696 2805 1867 2848 exquisivit
1876 2816 1981 2842 annos
1993 2815 2083 2842 com-

1198 2855 1303 2898 pletos
1318 2854 1489 2888 dumtaxat
1512 2853 1759 2897 quatuordecim
1771 2880 1779 2888 .
1808 2854 1855 2890 At
1867 2853 1943 2891 vero
1964 2854 1998 2888 in
2011 2853 2082 2889 Ro·

1197 2916 1294 2939 mana
1319 2906 1374 2939 sua
1391 2902 1529 2947 synodo
1546 2904 1717 2949 Eugenius
1738 2905 1897 2940 secundus
1920 2905 2079 2941 Pontifex

1198 2955 1327 2989 statuit:
1355 2960 1503 2989 Foeminae
1517 2979 1527 2995 ‚
1553 2966 1621 2997 quae
1644 2955 1783 2991 habitum
1802 2953 2001 2999 Religiosum,
2025 2964 2079 2995 aut
2095 2972 2166 3010 Cap¹
2186 2983 2232 3009 ²9·

1199 3007 1336 3039 velamen
1355 3004 1473 3038 obtentu
1494 3004 1700 3048 Religiofitatis
1714 3004 1902 3048 susceperunt
1914 3029 1925 3046 ,
1949 3006 2014 3040 cum
2033 3004 2078 3049 es-

1193 3054 1260 3102 sent
1272 3060 1476 3095 viripotentes
1488 3078 1499 3095 ,
1526 3055 1663 3096 deinceps
1686 3060 1752 3090 viro
1758 3053 1866 3099 sociam
1889 3065 1949 3090 non
1953 3062 2078 3098 permit·

1200 3114 1303 3138 tantur
1313 3129 1323 3144 ,
1345 3102 1403 3145 sed
1411 3105 1547 3147 eligentes
1560 3104 1735 3145 Monasteria
1744 3107 1919 3148 regulariter
1938 3113 2053 3145 vivant
2064 3130 2076 3148 ,

1198 3164 1250 3188 aut
1270 3159 1303 3186 in
1314 3153 1448 3189 domibus
1464 3151 1630 3197 susceptum
1649 3154 1785 3191 habitum
1806 3156 1880 3198 caste
1901 3154 2054 3200 observent
2066 3181 2076 3189 .

1199 3206 1309 3251 Qem
1326 3203 1499 3240 Canonem
1520 3203 1661 3239 firmavit
1683 3204 1755 3240 Leo
1774 3215 1927 3249 quartus,
1952 3206 2077 3241 addens

1201 3257 1269 3299 ipso
1295 3255 1396 3289 etiam
1417 3253 1543 3297 puellos
1569 3255 1683 3300 ligari.
1711 3255 1826 3295 Ambo
1847 3256 1999 3293 videntur
2017 3257 2077 3289 sta-

1201 3304 1293 3338 tuisse
1320 3304 1409 3346 juxta
1437 3303 1591 3348 antiquos
1616 3305 1770 3343 Canones
1794 3315 1851 3341 aut
1877 3316 1983 3343 mores
2007 3304 2076 3337 Ro-

1201 3366 1303 3389 manae
1325 3354 1477 3391 Ecclesiae
1496 3379 1503 3386 .
1535 3355 1579 3388 Et
1598 3355 1689 3398 juxta
1715 3356 1880 3401 Magnum
1901 3354 2075 3392 Basilium,

1202 3405 1258 3449 qui
1305 3404 1341 3438 in
1390 3403 1588 3442 brevioribus
1634 3402 2077 3486 Monachorumsssbqgulis

1914 3462 1957 3486 cri
1984 3461 2026 3488 it:

2107 1290 2158 1323 zib
2188 1303 2216 1330 ς.

2109 1337 2155 1373 Ep·
2172 1344 2215 1365 ιο.
