2352 3736
63 1190 126 1225 Lib.
149 1204 181 1228 ⁴21
195 1204 220 1224 c.

67 1243 113 1270 ¹4·
136 1256 146 1272 o

178 3054 179 3057 ’
239 3044 319 3078 sium
331 3047 567 3090 Episcoporum
592 3048 658 3080 vita
680 3046 785 3081 scribit
806 3050 975 3084 Gervafius
994 3052 1118 3086 ibidem

68 3363 128 3405 sol.
158 3384 222 3406 ποι.

473 139 790 170 εεευΝυυΜ
823 122 1086 169 ROMANU
1108 137 1139 165 M
1174 119 1373 166 C0N01
1394 134 1448 166 LI
1471 135 1573 165 uM.

233 209 425 254 idems'alvus
437 220 472 243 ac
481 210 621 252 integer?
648 208 702 243 Ad
723 207 806 241 hanc
827 207 1038 252 quaestionem
1062 208 1116 240 Sa-

233 271 349 297 monas
359 261 507 304 reponit:
535 262 714 300 Campanis
730 257 934 301 sanilificatus
961 263 991 289 in
1006 264 1113 299 partes

233 311 386 344 dividitur
399 334 409 351 ‚
436 316 488 352 qui
501 307 722 351 Sacrosanc‘lum
734 308 842 347 christi
865 313 979 349 Corpus
991 307 1029 346 est
1043 331 1053 346 ,
1078 317 1114 338 ne

231 359 376 400 existimes
389 361 468 402 quod
473 359 685 402 particulatim
697 360 853 391 diducatur
866 366 919 388 aut
942 359 1089 390 avellatur
1101 380 1109 394 ,

233 420 287 444 aut
297 421 374 443 more
384 410 576 443 membrorum
588 411 608 441 ἃ
615 408 648 452 se
659 406 829 451 avulsbrum
840 407 1000 439 dividatur
1017 412 1112 438 incon·

233 465 417 494 ruminatum
442 461 519 494 illud
543 464 658 501 Corpus
680 481 690 497 ‚
725 469 796 490 nam
821 457 983 489 immortale
1016 456 1053 495 est
1081 457 1114 489 (θ’

235 511 475 552 incorruptibile,
500 510 633 553 quodque
646 518 796 549 nunquam
812 505 968 539 exhauriri
990 507 1024 539 (5
1051 517 1113 538 con·

232 559 309 604 sumi
318 560 408 603 potest
413 559 486 603 ,sed
496 560 576 602 quod
577 561 705 600 partitio
715 567 749 588 ea
760 555 798 596 est
809 557 1000 589 accidentium
1010 580 1019 595 ,
1046 566 1112 597 quae

233 609 413 654 subsensum
432 611 563 647 cadunt,
589 608 754 639 dumtaxat
770 604 833 647 post
849 604 1114 649 sanHificationem

238 662 282 693 ad
295 661 371 702 fidei
390 659 477 692 robur
496 659 530 690 &⁴
549 655 758 690 exhibitionem
771 655 848 698 figni
870 655 992 697 vrfibilis
1015 665 1114 687 rerum

237 723 304 754 quae
311 716 488 751 permanent
500 731 510 746 ,
530 704 661 747 fimul&
673 712 705 739 in
713 705 906 739 arrhabonem
918 706 953 738 (9⁶
973 710 1005 736 in
1024 709 1114 736 viati-

235 758 457 800 camparandae
468 756 549 789 nobis
573 763 650 790 vitae
671 764 808 789 aeternae.
837 754 1025 787 immortale
1047 754 1115 786 Do-

233 809 319 845 mini
332 805 610 850 Corpuseffeillic
620 806 723 840 modo
746 804 902 849 spirituali
926 814 1033 838 totum
1059 803 1116 837 sub

236 867 311 893 toto
324 881 335 896 ,
361 858 396 892 ὅτ.
414 866 522 891 totum
551 856 609 889 sub
629 854 777 899 quolibet
797 853 950 888 elementi
974 855 1093 897 punsto
1107 877 1118 894 ‚

237 907 418 951 insignibus
428 908 544 941 saneto
555 905 654 939 etiam
669 905 857 949 Augustino
871 904 995 938 usitatis
1012 915 1118 937 exem-

236 957 298 1002 plis
309 956 528 991 demonstrat.
556 955 768 999 Eandemque
791 954 884 988 fuisse
907 954 1014 988 saneti
1041 955 1119 987 Ger·

237 1007 352 1045 mani,
379 1007 520 1050 septima:
538 1004 686 1049 synodi,
712 1006 972 1048 cundiorumque
994 1004 1121 1038 Graeco-

238 1068 311 1091 rum
322 1055 454 1090 Patrum
464 1055 788 1090 unanimemsensurn
802 1079 812 1094 ,
838 1065 963 1089 certum
984 1054 1029 1088 est
1044 1078 1054 1094 ‚
1084 1065 1121 1088 ac

240 1106 348 1142 lucide
359 1107 454 1150 poffit
476 1106 621 1139 ostendi.
649 1104 875 1138 lconoclastici
894 1103 1119 1138 Conciliabuli

242 1157 417 1191 Refutator
437 1156 583 1199 loquitur
601 1167 642 1188 ex
662 1156 779 1189 Sansto
802 1155 927 1197 Joanne
950 1155 1121 1188 Damasce-

241 1218 307 1241 no:
336 1207 431 1249 ,Quod
441 1204 472 1248 fi
484 1206 614 1238 nonnulli
631 1212 743 1246 panem
764 1216 799 1237 ac
821 1210 928 1237 vinum
938 1207 1076 1246 Corporis
1088 1215 1122 1237 ac

241 1259 401 1299 Sanguinis
422 1259 542 1288 Domini
560 1255 692 1298 figarum
711 1255 762 1296 effe
781 1256 923 1287 dixerunt
945 1279 956 1295 ‚
981 1255 1120 1296 quemad-

242 1308 362 1339 modum
382 1306 430 1338 t'lle
454 1307 605 1338 divinitus
633 1304 756 1346 afflatus
793 1303 921 1345 Bafilius
946 1329 956 1343 ,
990 1316 1047 1336 non
1075 1304 1124 1336 boc

239 1356 302 1399 post
322 1353 560 1399 consecrationem
583 1357 726 1388 dixerunt
751 1379 762 1394 ,
793 1353 848 1396 fid
869 1363 1028 1396 antequam
1046 1353 1122 1387 obla-

244 1412 284 1439 tio
302 1418 338 1439 ea
361 1402 571 1447 consecraretur
595 1429 606 1445 ‚
642 1403 693 1436 boc
714 1404 887 1437 vocabulum
919 1403 1121 1445 usurparunt.

243 1454 349 1504 Qod
373 1466 482 1489 tamen
507 1465 573 1487 non
600 1453 694 1497 plene
722 1452 861 1487 subsistit
883 1478 890 1485 .
929 1453 1061 1487 Etenim
1090 1453 1123 1486 in

243 1508 297 1539 sua
310 1530 321 1546 ,
347 1505 387 1539 de
396 1504 487 1548 cujus
497 1503 685 1538 auctoritate
697 1503 876 1536 orientalis
887 1501 1028 1537 Ecclesia
1042 1513 1121 1536 nun-

243 1566 342 1599 quam
363 1554 546 1593 dubitavit‚
573 1554 724 1596 Liturgia
745 1553 878 1586 Sanctus
899 1552 1037 1585 Basilius
1047 1564 1123 1585 con-

242 1608 363 1640 secrata
390 1604 489 1647 ⁴panis
512 1603 545 1636 &
568 1602 636 1636 vini
656 1602 818 1636 elementa
844 1600 960 1635 diserte
985 1602 1123 1645 appellat

224 1660 382 1696 .Ant1typa
391 1657 529 1695 Corporis
548 1654 749 1695 &sanguinis
763 1655 882 1684 Domini
902 1650 988 1691 nostri
1011 1651 1122 1695 JESU

242 1703 352 1744 Christi
369 1729 377 1736 .
412 1703 514 1749 Qod
543 1703 648 1746 ipsum
672 1703 705 1735 in
729 1701 846 1736 sororis
870 1702 928 1735 suae
947 1701 1125 1745 Gorgoniae

238 1753 371 1790 fimebri
379 1753 533 1788 encomio
543 1752 620 1787 fecit
638 1752 770 1786 Sanstus
788 1751 967 1795 Gregorius
987 1752 1125 1785 Nazian-

243 1815 343 1838 zenus
358 1829 365 1835 .
390 1804 456 1839 Sub
478 1814 560 1848 typo
572 1803 623 1837 seu
646 1802 749 1847 specie
770 1801 860 1846 panis
878 1800 973 1836 nobis
999 1801 1126 1845 Corpus

242 1854 386 1889 Domini
411 1855 445 1887 δε
473 1854 674 1898 Sanguinem
700 1853 768 1887 dari
795 1853 933 1886 affirmat
960 1854 992 1885 in
1014 1863 1124 1896 quarta

243 1905 476 1948 Mystagogica
513 1901 683 1938 Catechesi
705 1904 803 1937 etiarn
826 1903 958 1937 Sanetus
980 1901 1125 1946 Gyrillus

242 1953 569 1996 Hierosolymitanus
582 1979 589 1985 .
618 1953 662 1987 Et
673 1953 707 1986 in
719 1952 870 1987 oratione
880 1953 922 1987 de
941 1952 1123 1987 Palmarum

243 2005 341 2038 ramis
362 2001 508 2036 Andreas
530 2003 714 2037 Cretensis.-
740 2002 875 2043 Christus
892 2000 950 2046 sub
976 2007 1121 2046 Antitypis

243 2053 379 2093 symbolis
411 2054 579 2086 immolatur
614 2053 648 2086 <5
659 2051 847 2096 sacrificatur
869 2077 877 2085 .
918 2054 961 2086 Et
987 2065 1125 2098 magnus

244 2103 465 2145 Euthymius:
494 2102 550 2135 sub
578 2107 723 2145 Antitypis
741 2102 780 2144 est
797 2102 946 2146 inclufias.
974 2102 1049 2138 Ubi
1070 2115 1125 2147 per

228 2152 693 2198 *Antitypaintelligifiguras
705 2153 856 2197 seusigna
870 2178 881 2193 ,
907 2151 990 2187 reete
1003 2154 1037 2187 in
1063 2155 1125 2187 suis

228 2209 229 2212 ’
243 2203 283 2235 ad
295 2201 482 2236 Graecorum
495 2201 732 2247 Euchologion
744 2203 843 2236 Notis
855 2203 997 2237 ostendit
1022 2203 1125 2238 erudi-

242 2261 295 2287 tus
313 2251 453 2295 Ioannes
469 2253 559 2287 Goar
582 2278 588 2284 .
615 2253 708 2286 Hinc
731 2265 869 2291 vocem,
895 2252 1045 2292 Symbola,
1072 2253 1123 2288 ad-

226 2301 350 2345 ijunxit
377 2301 525 2336 Andreas
551 2303 710 2337 Cretensis
731 2327 738 2333 .
765 2302 803 2335 In
826 2303 918 2336 fastis
938 2302 956 2335 ὲ
979 2303 1119 2338 Samona

225 2352 410 2395 ·Episcopo
432 2351 743 2396 interrogationibus
765 2363 844 2386 voce
867 2354 1021 2394 Antitypon
1045 2355 1120 2388 usus

239 2401 302 2435 fuir
313 2402 412 2435 etiam
423 2402 513 2445 supra
536 2410 733 2436 memoratus
755 2401 947 2436 Saracenus.
978 2402 1019 2436 Et
1040 2402 1118 2438 hinc

236 2450 273 2486 in
286 2452 459 2495 marginali
474 2451 512 2485 ad
525 2451 690 2486 laudatam
703 2451 929 2487 iconoclastici
953 2453 1120 2488 Concilia-

238 2501 308 2536 buli
320 2501 583 2536 confutationem
594 2501 819 2536 Scholioreble
840 2503 961 2546 scripsit
983 2501 1119 2538 Anasta·

238 2551 301 2585 fius
312 2548 584 2585 Bibliothecarius
596 2564 602 2584 :
631 2556 729 2585 Graeci
742 2554 849 2587 Patres
853 2554 924 2594 jam
928 2551 1117 2597 sanilificata

242 2610 299 2634 nun
309 2604 379 2635 rarii
390 2611 497 2636 vocant
508 2605 649 2645 Antitypa
661 2627 669 2635 .

368 2823 583 2887 Exponitur
606 2841 703 2869 error
737 2828 951 2891 Derengarii
965 2860 978 2872 .

241 2942 541 3028 PSeudomartyr
552 2947 694 2992 Erigena
705 2948 873 2983 viderurin
898 2949 1022 2996 Anglia
1044 2953 1118 2986 reli-

334 2996 436 3041 quisse
446 2997 639 3041 discipulos,
666 2997 707 3032 de
720 2999 837 3041 quibus
849 2999 883 3032 in
903 3001 1119 3037 Cantuarien·

240 3093 447 3131 Cathedralis
457 3096 663 3132 Monachus:
692 3099 755 3130 Odo
764 3100 983 3142 cantuariensis
999 3101 1122 3143 Episco-
1135 3079 1137 3116 Ι

236 3153 295 3188 pus
307 3149 385 3179 inter
408 3147 557 3190 Miffarum
574 3146 716 3190 sblemnIa
737 3148 774 3179 de
793 3147 998 3192 Eucharistia,
1026 3164 1117 3193 quam
1135 3143 1137 3157 ¹

239 3205 330 3229 manu
343 3196 462 3230 tenebat
478 3220 489 3235 ,
507 3197 643 3239 precibus
662 3199 777 3230 devotis
792 3195 971 3241 sanguinem
992 3212 1116 3234 manare

232 3244 310 3286 fecit
322 3271 332 3286 ,
359 3255 392 3278 ut
404 3247 454 3279 vel
466 3245 505 3287 fic
525 3248 688 3280 incredulos
709 3248 818 3279 ibidem
837 3247 989 3287 adstantes
1014 3253 1059 3283 ad
1078 3263 1122 3285 re-

1886 133 1979 177 251

1177 219 1241 239 nem
1255 208 1366 238 Altaris
1382 205 1501 249 versum
1511 211 1543 238 in
1555 217 1677 238 carnem
1690 230 1700 245 ‚
1726 206 1761 238 (9⁴
1772 211 1878 238 vinum
1899 206 2011 238 Calicis
2021 210 2055 238 in

1171 257 1346 299 sanguinem
1362 258 1519 298 propalam
1543 255 1701 296 ostenderet
1716 278 1725 292 ‚
1754 257 1787 288 ᾧ·
1799 256 1935 288 denuoin
1950 260 2057 302 genui-

1173 304 1377 347 namspeciem
1398 316 1509 340 retorta
1531 304 1595 349 usui
1617 305 1744 338 humano
1766 305 1956 338 conducibilia
1968 304 2058 346 face-

1173 364 1219 388 ret
1244 380 1251 387 .
1280 355 1368 389 Nam
1390 357 1422 389 &
1447 358 1585 400 Joannes
1614 356 1753 400 Erigena
1775 355 1930 389 dubitans
1958 353 2056 398 hujus

1176 405 1319 439 veritatis
1342 406 1553 450 investigator
1573 406 1671 439 videri
1686 406 1788 449 magis
1802 404 1905 439 voluit
1920 429 1930 444 ‚
1957 406 2057 448 quam

1175 456 1566 498 manifestus&pertinax
1591 467 1742 500 negator.
1771 455 1879 488 Etiam
1901 457 1919 488 ὸ.
1946 455 2057 489 nescio

1175 517 1239 548 quo
1268 505 1372 538 nobili
1401 506 1533 538 Frisone
1564 506 1796 540 Eucharistiam
1827 504 1883 539 sub
1911 503 2058 539 Albaldo

1174 555 1372 597 Trajeetenfi
1399 554 1564 597 Episcopo
1589 555 1683 588 fuisse
1708 553 1985 598 blasphematam,
2013 555 2060 588 se·

1173 606 1366 648 duetamque
1378 604 1570 638 rusticanam
1582 604 1707 646 plebem
1731 605 1839 638 scribit
1862 606 1895 638 in
1909 606 2061 640 Camera-

1175 655 1270 688 censis
1311 655 1458 688 Ecclesiae
1494 653 1665 687 Chronico
1691 655 1857 688 Baldricus
1881 656 2060 699 Episcopus

1175 705 1398 738 Tornacensis
1417 728 1423 735 .
1455 702 1580 736 Verum
1619 715 1694 736 cum
1732 702 1892 738 divinitus
1913 706 2061 749 percusso
2078 694 2135 726 Lib·
2156 703 2185 731 3·

1176 752 1364 796 blasphemo
1376 754 1509 787 cessavit
1531 753 1564 786 δε
1586 751 1808 794 blasphemia,
1838 766 1897 787 nec
1924 757 2062 798 pr0fecit
2076 747 2103 765 e.
2129 745 2165 766 ²²

1178 806 1210 837 in
1224 804 1364 837 sestam.
1395 802 1585 837 Cardinalis
1605 802 1709 836 Caesar
1731 803 1891 836 Baronius
1915 814 2007 839 notat
2028 806 2062 840 &

1177 852 1410 888 Leothericum
1457 853 1678 886 Senonensem
1728 850 2021 897 Archiepiscopum
2052 877 2064 894 ,

1177 915 1271 949 quern
1296 904 1335 937 de
1360 902 1480 936 exaffis
1513 914 1567 945 per
1589 900 1824 936 Eucharistiam
1845 904 2066 938 examinatio-

1180 954 1275 988 nibus
1295 953 1388 987 fuisse
1408 954 1426 986 a
1449 952 1599 988 Roberto
1619 955 1818 987 Francorum
1838 954 1934 998 Rege
1959 954 2066 999 gravi-

1180 1015 1227 1038 ter
1254 1003 1484 1048 redargutum‚
1513 1004 1603 1046 supra
1627 1003 1813 1037 audivimus
1834 1003 1874 1037 ab
1893 1004 2066 1048 Helgaldo

1182 1052 1356 1088 Monacho
1378 1053 1592 1087 Floriacensi.
1621 1053 1891 1087 Examinationes
1912 1054 1987 1088 istas
1998 1054 2068 1088 exi·

1183 1105 1292 1138 stimat
1318 1104 1412 1138 fuisse
1439 1103 1664 1138 dubitationes
1690 1103 1731 1137 de
1759 1104 1960 1139 Sacramenti
1987 1104 2070 1138 veri-

1183 1165 1247 1188 tate
1259 1179 1267 1186 .
1295 1153 1421 1188 Verum
1434 1155 1527 1188 fuisse
1538 1153 1704 1195 judiciales
1715 1178 1725 1194 ,
1739 1164 1810 1194 quae
1823 1153 1965 1188 veritatis
1978 1154 2068 1188 istius

1185 1205 1314 1248 plenam
1353 1204 1452 1239 fidem
1487 1204 1674 1247 supponunt
1697 1227 1707 1243 ‚
1735 1204 1996 1238 examinationes
2021 1203 2069 1238 est

1185 1254 1393 1288 manifestum
1414 1280 1421 1287 .
1467 1254 1604 1288 Interim
1634 1250 1849 1288 Leothericus
1875 1252 1939 1288 fuit
1965 1253 2072 1287 homo

1187 1315 1308 1343 vanuS‚
1333 1316 1370 1338 ac
1396 1304 1495 1338 etiam
1523 1303 1558 1337 in
1585 1303 1647 1337 fide
1673 1304 1707 1337 ὅ(
1733 1302 1889 1348 dogmate
1912 1303 2071 1338 laborasse

1185 1355 1342 1387 evincunt
1357 1353 1423 1388 haec
1436 1354 1574 1388 Roberti
1586 1352 1689 1397 Regis
1705 1353 1798 1391 verba
1813 1367 1824 1387 :
1836 1358 1899 1387 Cur
1913 1357 2077 1388 Divimta«

1185 1411 1209 1437 ti
1219 1404 1363 1437 attribuis
1385 1415 1535 1437 aerumnas
1558 1409 1705 1444 corporis,
1732 1405 1767 1437 <5
1788 1403 1940 1445 infirmum
1963 1405 2074 1438 doloris

1186 1454 1309 1487 humani
1320 1455 1445 1486 Divinae
1471 1453 1617 1486 conneffls
1647 1454 1787 1486 naturae?
1815 1453 1959 1488 Videtur
1996 1463 2073 1487 cum

1187 1502 1396 1546 Apollinario
1418 1513 1473 1536 aut
1497 1500 1684 1545 Eutychete
1710 1502 1859 1537 divinam
1881 1503 1916 1537 in
1938 1500 2075 1537 Christo

1186 1551 1336 1586 Domino
1348 1562 1497 1586 naturam
1510 1551 1661 1585 humanis
1673 1551 1869 1594 passionibus
1876 1564 1913 1587 ac
1937 1552 2076 1587 infirmi-

1186 1602 1308 1636 tatibus
1335 1602 1501 1645 subjecisse
1527 1627 1534 1633 .
1571 1601 1749 1650 Qidquid
1775 1603 1835 1644 sit,
1863 1601 2078 1637 Eucharistiz

1187 1652 1353 1686 veritatem
1367 1652 1421 1685 hic
1443 1662 1529 1686 error·
1551 1663 1618 1685 non
1639 1652 1766 1696 tangit.
1795 1653 1890 1688 Licet
1902 1652 2077 1688 Coaetanei

1187 1703 1305 1736 fuerint
1316 1700 1530 1735 Leothericus
1553 1712 1590 1735 ac
1613 1700 1845 1745 Berengarius,
1872 1702 1993 1737 nullibi
2019 1703 2077 1737 hic

1186 1764 1226 1785 ex
1262 1751 1349 1785 illius
1371 1751 1465 1785 diuis
1486 1777 1496 1792 ‚
1526 1750 1579 1785 sed
1601 1762 1642 1785 ex
1664 1751 1740 1786 solis
1765 1752 1899 1795 Joannis
1924 1752 2075 1798 Erigenae

1186 1801 1309 1846 scriptis
1321 1802 1439 1846 legitur
1450 1812 1487 1835 ac
1498 1803 1600 1836 fertur
1610 1801 1703 1835 fuisse
1725 1803 1887 1845 perversus
1896 1827 1904 1835 .
1931 1802 2078 1839 Leothe-

1185 1852 1286 1887 ticum
1300 1876 1311 1892 ,
1340 1852 1588 1895 Metropolitam
1599 1852 1693 1885 suum
1705 1874 1716 1891 ,
1743 1850 1785 1886 de
1796 1851 1892 1886 variis
1916 1853 2025 1898 arguit
2037 1853 2076 1886 iu

1185 1903 1278 1937 variis
1291 1902 1446 1946 Epistolis
1458 1902 1590 1935 sanstus
1600 1901 1772 1936 Fulbertus
1795 1902 2009 1938 Carnutensis
2032 1902 2076 1937 E-

1183 1954 1345 1997 piscopus,
1372 1952 1424 1986 sed
1437 1962 1606 1995 nunquam
1618 1950 1733 1985 deisto
1744 1962 1870 1986 errore.
1897 1954 1980 1998 Non
1993 1955 2076 1990 item

1183 2003 1310 2039 sedulus
1321 2013 1426 2037 rerum
1439 2001 1479 2036 ad
1492 2000 1714 2036 Senonensem
1725 2000 1900 2037 Ecclesiam
1925 2004 1979 2048 spe
1986 2005 2076 2039 stan·

1183 2055 1266 2088 tium
1279 2053 1470 2088 Adnotator
1481 2051 1610 2087 Clarius
1621 2049 1812 2087 Monachus
1835 2052 1870 2087 iu
1896 2052 2074 2090 Chronico

1183 2101 1288 2139 Sansti
1302 2103 1394 2138 Petri
1409 2104 1495 2137 vivi.

1233 2153 1363 2188 Primus
1372 2164 1451 2198 ergo
1463 2152 1599 2187 Scoticae
1611 2152 1770 2188 Haerefios
1783 2154 1988 2191 resuscitator
2001 2155 2071 2193 fuit

1183 2203 1396 2248 Berengarius
1408 2228 1419 2244 ‚
1444 2203 1486 2238 de
1498 2215 1565 2248 quo
1579 2202 1754 2246 Matthaeus
1775 2204 1958 2240 parisiensis
1973 2219 1980 2239 :
2008 2211 2071 2242 Eo-

1182 2255 1248 2287 dem
1257 2261 1384 2295 tempore
1405 2256 1602 2297 Berengarius
1625 2253 1796 2295 Turonensis
1829 2255 2070 2300 Arcbiepiscopus

1178 2303 1342 2346 prolabitur
1355 2310 1387 2336 in
1398 2306 1573 2337 Haereticam
1584 2310 1774 2346 pravitatem
1788 2329 1795 2336 .
1823 2311 1880 2339 Hic
1896 2315 2011 2349 panem
2034 2309 2071 2343 Θ

1181 2360 1285 2388 vinum
1296 2360 1329 2386 in
1340 2355 1438 2387 Altari
1445 2353 1539 2396 pofita
1557 2353 1618 2394 post
1631 2353 1885 2397 Consecrationem
1901 2359 2070 2392 sacerdotis·

1179 2404 1229 2447 effe
1244 2415 1350 2438 verum
1363 2403 1595 2447 &substantiale
1608 2407 1723 2445 Corpus
1739 2409 1880 2446 Domini,
1900 2406 1975 2449 ficm
1995 2410 2071 2441 San-

1180 2454 1228 2487 aa
1253 2455 1288 2488 ὁ·
1313 2452 1497 2497 universalis
1533 2455 1684 2495 praedt'cat
1701 2455 1828 2497 Eeclefia
1841 2481 1852 2496 ,
1880 2458 2070 2501 denegabat.

1181 2503 1284 2538 Addit
1297 2504 1402 2548 ipsum
1415 2505 1431 2538 ὲ
1446 2505 1560 2538 Leone
1572 2516 1663 2539 nono
1673 2530 1684 2545 ‚
1710 2506 1766 2548 qui
1780 2505 1909 2540 Vistori
1922 2507 2071 2544 secundo

1181 2553 1349 2595 successit,
1377 2554 1536 2589 Vercellis
1550 2554 1641 2588 fuisse
1651 2555 1865 2590 damnatum.
1892 2556 2011 2592 Paucis
2031 2559 2070 2594 in

1182 2603 1390 2639 verbismulti
1408 2615 1549 2639 errores.
1578 2604 1712 2638 Etenim
1723 2605 1779 2639 diu
1801 2617 1878 2641 ante
1901 2605 1992 2642 hunc
2013 2619 2070 2643 an·

1180 2665 1261 2689 num
1287 2653 1502 2698 Berengarius
1525 2655 1680 2695 insaniit,
1711 2668 1778 2690 non
1803 2658 1867 2690 fuit
1888 2656 2069 2691 Turonen-

1180 2702 1218 2739 sts
1244 2702 1518 2748 Archiepiscopus
1541 2729 1552 2745 ,
1588 2705 1622 2738 δε
1643 2704 1760 2739 Victor
1778 2706 1939 2740 secundus
1958 2706 2069 2742 Leoni

1181 2754 1274 2788 nbno
1294 2754 1438 2788 successit
1451 2779 1458 2786 .
1487 2753 1686 2789 Guilielmus
1706 2754 2002 2790 Malmesberiensis
2020 2768 2069 2791 re-

1181 2803 1263 2839 &ius
1289 2803 1399 2838 scribit
1426 2803 1658 2849 Berengarium
1694 2806 1787 2840 fuisse
1814 2805 2067 2842 Haerefiarcham

1181 2853 1432 2889 Turonensem.
1459 2854 1536 2888 Fuit
1560 2854 1650 2888 enim
1675 2865 1771 2889 natus
1796 2855 2013 2898 Turonibus,
2029 2857 2067 2892 δε

1183 2903 1291 2948 postea
1319 2902 1587 2938 Archidiaconus
1610 2904 1875 2950 Andegawnfis,
1902 2903 2066 2951 habetque

1183 2956 1349 2999 Magnum
1373 2954 1478 2999 Belgii
1498 2951 1693 2989 Chronicon
1714 2968 1725 2987 :
1752 2958 1797 2988 De
1815 2954 1868 2997 isto·
1883 2957 2067 3001 Berengario

1179 3006 1267 3047 vulgi
1301 3014 1447 3037 narratur
1460 3004 1552 3047 fuiffe
1579 3009 1611 3036 in
1635 3003 1831 3046 adolescentia
1856 3009 2066 3049 Nigromanti-

1179 3066 1259 3088 cum.
1288 3055 1392 3085 PrImo
1418 3078 1428 3093 ‚
1452 3059 1523 3095 quia
1550 3057 1674 3086 Turonis
1700 3051 1790 3096 usque
1815 3057 1941 3089 Romam
1965 3057 2065 3090 diabo-

1179 3105 1226 3137 lus
1249 3114 1316 3136 eum
1335 3114 1395 3134 una
1420 3102 1499 3135 mele
1518 3101 1662 3146 detulisset
1683 3127 1689 3135 .
1718 3105 1873 3146 secunda,
1896 3112 1967 3148 quia
1988 3115 2064 3148 puer

1181 3153 1331 3192 Clericus,
1357 3152 1464 3185 nobilis
1483 3163 1591 3195 genere
1612 3176 1622 3192 ‚
1648 3158 1674 3185 ei
1698 3156 1936 3196 commendatus,
1968 3160 2064 3201 Magi-

1173 3203 1232 3243 stro
1243 3200 1384 3246 absente,
1411 3203 1482 3234 dum
1490 3202 1582 3235 libros
1604 3206 1848 3246 Nigromanticos
1870 3206 1992 3250 legeret,
2021 3206 2065 3251 es-

1175 3251 1223 3295 set
1246 3255 1265 3284 ἅ
1290 3252 1403 3284 diabolo
1421 3249 1545 3294 occism.
1572 3254 1691 3295 Tertio,
1718 3260 1788 3296 quia
1808 3257 1886 3289 idem
1907 3258 2063 3298 diabolus,

239 3295 319 3328 Ham
334 3296 428 3338 fidem
446 3306 613 3331 revocaret.
643 3297 687 3330 Et
710 3296 906 3331 Guilielrnus
927 3299 1117 3335 Monachus
1179 3303 1291 3335 condius
1305 3304 1325 3334 ἃ
1339 3303 1522 3345 Berengario
1536 3328 1546 3343 ,
1570 3311 1672 3345 corpus
1680 3310 1765 3345 pueri
1783 3313 1890 3339 mertui
1908 3313 2031 3340 intrans
2051 3329 2062 3345 ,

239 3344 536 3380 Malmesberienfis
558 3359 565 3379 ε
591 3349 657 3379 Odo
677 3348 820 3388 plurimos
846 3349 883 3380 de
909 3356 1039 3383 veritate
1065 3354 1137 3383 Do·>
1176 3360 1229 3393 per
1255 3353 1380 3394 aliquod
1414 3361 1532 3394 tempus
1557 3351 1613 3385 huc
1637 3354 1671 3386 (a
1689 3355 1757 3387 illuc
1784 3357 1975 3389 deambulare
1992 3363 2067 3394 pue-

243 3401 341 3430 minici
366 3399 505 3436 Corporis
533 3396 703 3429 dubitantes
728 3403 773 3430 ita
796 3399 948 3433 roboravit
973 3424 984 3440 ,
1010 3408 1042 3433 ut
1061 3409 1136 3443 paq
1181 3414 1246 3436 rum
1267 3427 1278 3445 ‚
1314 3404 1350 3437 <a-
1383 3412 1449 3436 cum
1487 3410 1605 3436 caeteris
1642 3411 1765 3442 cantare
1785 3429 1798 3448 ,
1830 3407 1865 3442 ό·
1900 3411 1933 3437 in
1968 3404 2065 3439 choro

338 3446 443 3487 Christ.
460 3450 538 3489 Lupi
549 3451 634 3490 oper.
647 3449 725 3480 Tom.
737 3450 789 3481 IV.

1936 3451 2017 3495 flare

1523 3452 1649 3492 112

2086 2191 2119 2221 A.
2141 2200 2224 2229 1057.
