2352 3736
325 140 439 200 '318

265 220 360 266 salute
367 228 510 265 privaret
523 244 534 259 ‚
561 229 650 261 quam
672 219 758 253 nobis
782 220 826 252 ad
843 218 933 261 usque
948 215 1052 261 saeculi
1062 219 1155 263 finem

268 271 397 316 largitus
412 270 448 311 est
464 294 474 308 ‚
501 279 534 300 ac
544 270 716 312 dignatione
731 294 740 308 ,
766 279 827 311 qua
839 268 1050 308 Sandiffimum
1067 269 1156 315 suum

270 327 387 364 Corpus
414 319 654 352 manducandum
684 316 854 360 praeberet,
878 329 914 351 ac
928 327 985 360 per
1010 321 1086 354 illud
1107 329 1157 356 v}-

270 372 426 414 vificaret,
447 366 554 410 suique
563 374 784 411 comparticipes
788 367 924 409 faceret.
953 374 992 403 At
1005 382 1098 415 neque
1108 374 1157 406 de-

271 422 352 455 cebat
363 442 374 458 ‚
401 427 434 451 ut
444 418 479 450 id
488 425 629 461 temporis
635 417 801 459 perfht‘lum
805 425 922 460 panem
933 426 966 453 in
977 433 1086 455 manus
1109 434 1157 456 ac-

270 476 404 510 ciperet,
430 471 461 501 et>
473 471 552 511 quod
560 470 623 501 dies
635 467 679 501 illi
690 479 856 507 azymorum
867 469 954 513 efflent
966 494 977 511 ,
1003 480 1036 505 ut
1062 476 1157 519 teJu.

270 522 347 552 datis
370 516 474 561 ansam
486 517 624 559 praebere
649 517 809 561 accusandi
831 522 912 554 velut
932 527 1059 565 impium
1079 547 1091 564 ,
1125 535 1159 557 ac

265 567 422 613 solutorem
443 570 536 610 Iegis.
567 566 732 602 Christum
762 570 973 613 Dominum,
1012 585 1052 607 ne
1077 574 1159 618 legis

271 619 544 663 praevaricatorem
569 619 601 652 &
638 619 822 663 Judaeorum
859 623 1031 656 calumniis
1053 624 1159 658 obno-

269 671 364 703 xium
377 667 474 700 faciat
489 691 500 708 ,
526 669 643 703 fatetur
655 672 879 706 confecissein
902 685 1041 716 azymo,
1064 676 1096 708 ὅ(
1114 674 1159 707 ni-

269 715 451 752 hilominus
463 718 497 752 in
509 731 627 762 azymo
638 722 851 756 conficientes
865 724 1041 758 Armenios
1052 725 1157 767 appel·

268 769 315 804 lat
326 767 451 803 Christi
474 768 604 809 hostes,
631 772 666 805 δε
690 772 788 814 impie
810 772 1036 815 Judaizantes.
1065 775 1157 808 Affir-

269 830 340 855 mat
351 821 442 863 plura
464 818 586 854 Christi
604 822 744 856 Domini
768 823 852 857 Acta
873 835 935 858 nos
960 836 1020 858 nec
1041 823 1158 860 debere

269 871 414 911 imitari«,
441 882 502 908 nec
514 873 623 916 posse.
652 872 695 906 Et
710 872 1052 908 multisdemonstrare
1063 886 1159 909 cona·

268 931 322 955 tur
334 921 509 965 exemplis.
537 922 649 955 Tanta
662 922 822 966 opinandi
835 925 971 958 varietas
985 926 1110 960 evincit
1119 936 1157 959 ac

269 973 442 1016 praescribit
454 973 586 1007 Graecos
595 973 680 1006 circa
691 984 800 1007 verum
811 974 964 1017 cespitare
977 999 984 1006 .

322 1023 427 1070 Qod
445 1025 542 1066 porro
553 1033 619 1056 non
635 1024 719 1059 solus
732 1025 944 1058 fermentatus
957 1050 967 1065 ‚
994 1023 1158 1059 sedetiam

269 1084 407 1116 azymus
422 1074 511 1116 panis
532 1074 568 1106 sit
590 1075 683 1117 panis
704 1074 845 1108 omnino
868 1086 981 1116 veruS,
1008 1073 1159 1109 laudatus

270 1124 469 1157 Gennadius
482 1125 650 1168 insigniter
661 1126 758 1159 etiam
777 1124 995 1159 demonstrat.
1022 1125 1158 1160 Etenim

270 1176 303 1206 in
320 1174 472 1217 Judicum
494 1174 579 1208 libro
598 1173 683 1209 dixit
707 1174 859 1220 Angelus
879 1174 920 1210 ad
943 1175 1157 1210 Gedeonem:

271 1225 350 1258 Tolle
359 1236 485 1264 carnes,
512 1226 670 1265 &azymos
677 1234 791 1267 panes.
822 1225 865 1259 Et
880 1227 915 1259 in
939 1226 1050 1261 Exodi
1074 1224 1158 1259 libro

270 1275 325 1308 lex
347 1276 502 1309 mandat:
529 1277 607 1309 Tolle
634 1277 788 1316 vitulum,
810 1274 960 1319 panesque
983 1287 1098 1315 azymos
1125 1277 1159 1310 (ἐκ

269 1325 425 1366 crustulam
452 1324 561 1368 absque
566 1325 736 1368 fermento.
763 1326 806 1360 Et
816 1328 856 1361 de
873 1326 1051 1370 Discipulis
1073 1327 1157 1369 apud

271 1375 509 1410 Emmauntem
520 1387 595 1410 cum
608 1377 763 1411 Domino
786 1376 1065 1412 manducantibus
1086 1376 1157 1411 scri.-

269 1426 319 1460 bit
332 1428 462 1461 Sanctus
487 1426 594 1461 Lucas
608 1441 618 1460 .-
645 1430 856 1470 Cognoverunt
872 1439 940 1461 eum
960 1433 992 1460 in
1009 1427 1160 1469 frac¹lione

266 1485 377 1520 panis.
409 1478 541 1521 Utique
555 1479 699 1520 Azymi.
727 1477 906 1511 Eratenim
918 1475 1162 1517 tertiaPascha·

272 1529 313 1562 lis
340 1528 523 1562 festivitatis
544 1527 614 1562 dies
633 1552 644 1568 ,
665 1527 813 1570 adeoque
834 1527 1030 1561 fermentum
1052 1529 1087 1560 in
1109 1527 1157 1570 Ju-

272 1580 417 1612 dacorum
453 1578 608 1612 domibus
628 1589 694 1611 non
719 1587 843 1619 poterat
867 1577 1018 1619 reperiri.
1057 1576 1101 1610 Et
1124 1576 1157 1609 in

271 1631 382 1663 Sar-dii
406 1629 553 1663 Danielis
575 1626 747 1671 Prophetae
773 1626 1024 1660 Commentario
1049 1626 1157 1661 scribit

273 1678 510 1714 Theodoretus
527 1691 537 1711 :
565 1680 659 1710 Panis
683 1679 789 1709 dicitur
800 1675 1007 1716 fermentatus
1033 1677 1066 1707 Co*
1090 1679 1158 1712 Azy-

273 1741 359 1762 mus.
387 1728 551 1763 Laudaius
564 1725 756 1759 Gennadius
781 1725 946 1769 insigniter
970 1723 1039 1757 haec
1062 1734 1160 1767 exag-

270 1789 381 1824 gerat.
411 1780 514 1825 Qod
555 1777 659 1819 ipsum
695 1775 840 1818 pluribus
868 1774 944 1809 facit
974 1772 1160 1807 Cardinalis

274 1829 509 1869 Humbertus,
536 1828 568 1859 δε
604 1829 752 1869 adjungit
780 1835 877 1868 panes
902 1823 1157 1866 propositionis,

270 1891 350 1923 quos
363 1884 480 1920 Azymos
487 1877 576 1922 fuisse
587 1888 669 1910 nemo
681 1877 799 1910 dubitat
811 1900 822 1916 ,
847 1882 898 1918 qui
926 1873 1064 1918 Mosaicae
1088 1875 1157 1917 legis

272 1931 411 1974 aliquam
421 1936 558 1964 notitiam
578 1935 708 1961 retentat
722 1951 732 1967 ‚
755 1937 924 1969 tamquam
948 1935 1038 1958 veros
1063 1935 1160 1968 panes

273 1981 371 2014 :fuisse
391 1979 516 2015 Davidi
538 1979 633 2012 datos
649 1978 667 2011 a
690 1977 903 2012 Sacer-dotum
925 1975 1101 2018 Principe,
1127 1976 1161 2010 &

272 2032 391 2065 abisto
416 2029 630 2064 manducatos
646 2053 653 2060 .
682 2028 725 2062 Et
745 2027 785 2063 de
809 2028 1052 2074 AEgyptiorum
1077 2027 1163 2069 pani-

276 2082 336 2116 bus
349 2081 506 2116 scribitin
519 2079 627 2113 saneti
652 2078 794 2113 Antonii
807 2079 871 2112 vita
897 2080 1041 2122 Magnus
1062 2076 1162 2110 Atha-

277 2134 403 2167 nasius:
434 2136 580 2164 Antonius
596 2128 728 2172 sumptis
753 2131 796 2162 ad
812 2128 945 2172 semestre
960 2125 1057 2170 seeum
1075 2133 1166 2169 pam·-

275 2184 329 2216 bus
345 2209 355 2224 ,
380 2188 432 2226 qui
443 2193 505 2215 mos
532 2181 569 2222 est
595 2180 802 2214 Thebanorum
817 2204 837 2220 ,.
853 2181 1022 2220 durantque
1044 2177 1088 2211 illi
1107 2185 1164 2219 per

277 2240 427 2278 integrum
434 2231 514 2276 saepe
536 2242 649 2264 annum
671 2235 852 2272 incorrupti.
879 2229 924 2263 Et
946 2228 1048 2261 infra:
1078 2232 1166 2263 Anto-

277 2291 347 2318 nius
360 2290 443 2317 vixit
455 2281 575 2326 ascetice*
585 2307 595 2323 ,
623 2292 673 2314 nec
686 2280 741 2322 nisi
743 2280 830 2325 sexto
843 2291 954 2323 quoque
961 2276 1058 2322 mense
1067 2287 1166 2321 panes

277 2333 522 2376 attec‘lodemiffos
534 2338 663 2374 accepit.
692 2331 866 2366 Consonat
891 2331 927 2364 in
948 2331 1065 2373 quinta
1081 2327 1167 2371 apud

279 2386 439 2430 {oannem
452 2383 641 2418 Caffianum
652 2382 844 2416 Collatione
857 2380 970 2415 Abbas
991 2380 1146 2423 Serapion
1158 2402 1168 2418 ‚

276 2437 455 2471 adfirmans
490 2433 728 2478 Gastrimargiae
752 2433 869 2466 vitium
889 2432 925 2465 in
947 2430 1044 2464 nobis
1079 2440 1171 2463 nurn-

281 2499 381 2530 quam
397 2486 583 2530 exstingui,
609 2484 784 2526 nequidem
801 2491 857 2525 per.
878 2482 1044 2524 quotidiani
1072 2480 1170 2513 vic‘ius

277 2539 525 2580 providentiam,
551 2535 691 2566 &annui
712 2538 806 2575 panis
825 2537 1100 2574 praeparationetn.
1129 2530 1171 2562 Et

277 2589 312 2621 in
329 2587 455 2620 decima
470 2596 557 2618 nona
569 2584 760 2617 Collatione
772 2582 886 2615 Abbas
898 2582 1038 2623 ,loannes
1062 2578 1171 2612 laudat

282 2638 385 2672 viram
424 2633 692 2672 coenobiticam,
718 2631 807 2676 quod
832 2631 932 2664 libera
960 2630 995 2662 sit
1018 2629 1057 2663 ab
1077 2636 1170 2660 annui

280 2694 374 2731 parm
383 2686 552 2720 inevitabili
574 2695 663 2717 cura.
692 2684 735 2716 Et
757 2684 791 2715 in
818 2679 958 2714 secunda
981 2679 1172 2713 Collatione

285 2737 398 2773 Abbas
419 2735 555 2779 Moyses
577 2735 716 2768 affirmat
746 2730 973 2776 quotidianam
1010 2727 1171 2763 Monachi

111 2782 183 2817 C2's'·
206 2793 247 2817 Χ9·
283 2786 577 2823 refeffioncm-effe
597 2785 663 2818 duo
685 2782 862 2826 paximatia
885 2806 895 2822 ‚
928 2780 963 2814 id
987 2778 1031 2814 est
1053 2804 1064 2819 ‚
1101 2779 1172 2812 duos

283 2840 432 2882 parvulos
452 2846 550 2879 panes
565 2860 576 2876 ‚
603 2845 675 2877 quos
685 2839 740 2868 vix
751 2832 837 2866 librae
847 2837 935 2865 unius
943 2831 1061 2873 pondus
1084 2828 1172 2864 habe-

287 2902 318 2923 re
329 2890 504 2929 certiffimum
518 2885 569 2926 est.
600 2885 703 2930 Qod
716 2884 818 2927 ipsum
832 2884 864 2916 in
877 2881 1071 2915 duodecima
1096 2879 1173 2913 Col-

291 2940 413 2974 latione
429 2938 542 2973 Abbas
562 2932 756 2971 cheraemon
769 2956 779 2972 ‚
804 2932 838 2966 &
862 2933 897 2964 in
910 2940 1032 2974 <quarto
1053 2928 1169 2961 Mona-

291 2990 441 3024 sticarum
454 2983 797 3023 institutionumlibro
817 2983 949 3016 testatur
971 2980 1033 3023 ipse
1057 2977 1174 3012 Caffia-

292 3050 353 3072 nus
378 3065 384 3071 .
413 3040 455 3072 Et
477 3038 511 3072 in
549 3035 658 3071 Sanffl
679 3034 772 3068 Pauli
796 3031 946 3076 simplicis
976 3031 1043 3064 vita
1067 3027 1173 3062 stribit

294 3087 456 3122 Palladius
480 3087 659 3131 Episcopus
680 3083 1001 3125 Helenopolitanus:
1031 3083 1103 3112 Fert
1122 3087 1175 3120 pa-

296 3149 348 3171 ms
365 3144 501 3170 Antonius
514 3162 524 3177 ,
551 3140 718 3178 &imponit
731 3132 839 3176 mensae
849 3142 974 3175 quatuor
981 3131 1172 3173 paxt‘midia.

297 3185 402 3227 Etfibi
414 3190 530 3226 quidem
553 3199 643 3219 unum
663 3184 844 3226 madefecit.
873 3187 976 3215 Erant
999 3187 1078 3215 em'm
1093 3180 1174 3221 ficei.

298 3237 336 3272 In
360 3236 492 3269 librode
503 3235 682 3269 Catholicae
695 3236 841 3268 Eccleliae
864 3232 1007 3266 moribus
1028 3229 1118 3264 addit
1137 3231 1176 3262 de

297 3287 352 3322 his
367 3284 545 3319 Monachis
571 3286 701 3318 Sanetus
741 3283 964 3327 Augustinus:
994 3285 1079 3314 Pane
1098 3277 1177 3323 solo,

127 3340 198 3378 Cap.
214 3347 265 3376 3²·
300 3342 403 3380 qtti'eis
412 3343 469 3376 per
480 3342 560 3366 certa
573 3342 731 3373 temporum
753 3334 917 3365 intervalla
937 3331 1093 3373 adfertur,
1118 3340 1178 3363 con·

300 3392 376 3420 remi
398 3384 468 3427 sunt
488 3408 494 3415 .
533 3382 663 3423 Nempe
699 3394 764 3413 non
794 3382 850 3413 nis1
889 3382 985 3415 semel
1021 3382 1052 3413 in
1092 3391 1179 3413 anno

300 3434 509 3482 pinse-bantur
532 3431 591 3465 issa
615 3430 814 3475 paximatia,
836 3432 996 3473 &cuique
1011 3428 1179 3465 Monacho

89 1237 161 1273 Cap.
189 1239 217 1263 6.

89 1277 162 1315 Cap.
181 1287 225 1313 ²9·

106 2626 180 2663 Cap.
206 2627 233 2654 6.

115 2975 194 3013 Cap·
211 2985 254 3010 ις.

121 3130 196 3167 Cap.
214 3138 250 3163 14

1187 2413 1191 2464 l

1189 2504 1193 2534 l

862 140 1507 189 DlsseltTAT1o

1213 233 1286 258 turn
1297 222 1433 259 dabatur
1453 225 1557 260 totius
1579 230 1658 262 anni
1681 232 1839 274 provifio.
1863 235 1964 271 Erant
1986 248 2103 280 azyma

1215 275 1248 308 δε
1269 276 1370 316 ficca,
1400 275 1540 320 ideoque
1577 278 1663 311 intra
1683 290 1809 315 annum
1829 294 1898 317 non
1923 297 2105 332 corrumpe-

1214 325 1350 360 bantur.
1380 325 1424 359 Et
1434 326 1515 371 quin
1529 327 1594 360 veri
1607 330 1813 373 effentpanes
1827 355 1839 372 ‚
1849 343 1947 367 nemo
1959 346 2105 381 unquam

1213 375 1378 409 dubitavit
1399 400 1408 408 .
1446 376 1503 411 Ad
1526 378 1618 421 panis
1640 380 1808 414 essentiam
1836 392 1934 416 nemo
1960 395 2106 429 unquam

1215 426 1385 469 exquisivit
1400 426 1490 461 aliud
1503 451 1514 467 ,
1541 428 1640 472 quam
1653 429 1791 464 farinam
1808 432 1841 466 δε
1855 443 1974 476 aquam
1991 458 1999 466 .

1266 476 1362 510 Licet
1374 476 1449 511 vero*
1462 478 1630 512 Dominus
1656 478 1895 516 Eucharistiam
1918 483 1951 516 in
1972 483 2110 528 Azymo
2135 507 2138 509 >

1217 536 1298 569 pane
1310 525 1451 561 omnino
1471 529 1652 563 confecerit
1672 530 1717 564 ob
1740 531 1843 566 distas
1864 533 2027 574 tationes,
2055 546 2112 570 ne·

1217 587 1378 620 quaquam
1391 588 1500 613 tamen
1515 577 1579 613 hoc
1602 581 1694 614 suum
1718 580 1840 616 facium
1864 583 1937 617 fixit
1958 584 2054 618 nobis
2076 586 2112 619 in

1218 625 1324 672 legem
1341 655 1348 662 .
1379 628 1530 671 Reliquit
1545 628 1610 663 hoc
1621 630 1754 665 arbitrio
1780 633 1910 666 suorum
1932 633 2114 678 Apostolo-

1218 688 1313 718 rum,
1350 678 1383 711 &
1405 679 1475 721 ipfis
1507 680 1750 715 succedentium
1782 683 2042 728 Episcoporum.
2070 685 2112 718 E-

1219 729 1407 772 vangelium
1428 730 1517 763 enim
1540 729 1584 763 est
1613 731 1707 764 avitae
1741 731 1896 767 libertatis
1933 736 2112 778 reparatrix

1220 779 1291 811 lex:
1319 777 1375 812 Ab
1387 780 1481 813 omni
1503 779 1658 814 Mosaicae
1678 782 1843 816 servitutis
1864 784 1944 827 jugo
1968 796 2028 819 nos
2049 784 2112 819 sol-

1220 828 1265 862 vit
1281 853 1293 869 ‚
1317 829 1514 873 constringit
1536 830 1577 863 ad
1598 831 1665 864 sola
1687 832 1808 876 septem
1833 834 1990 877 simplicia
2002 834 2111 869 Sacra-

1220 889 1327 913 menta
1339 902 1350 918 ,
1376 889 1498 914 certam
1511 879 1741 916 Hierarchiam
1753 905 1763 921 ,
1789 894 1827 918 ac
1840 894 1960 918 naturae
1979 884 2086 929 legem
2099 908 2111 925 ,

1219 928 1304 963 circa
1327 927 1423 972 hujus
1444 941 1499 963 aut
1518 929 1653 964 istorum
1677 933 1809 967 rituales
1829 934 1930 968 vestes
1953 934 2113 978 permittit

1219 989 1383 1022 quemque
1408 989 1485 1012 cum
1516 980 1574 1013 suo
1611 982 1735 1023 populo
1761 982 1961 1027 Episcopum
1988 985 2024 1018 in
2051 986 2112 1018 suo

1219 1028 1310 1062 sensu
1337 1028 1518 1062 abundare.
1547 1029 1592 1062 Et
1617 1041 1677 1065 nos
1702 1033 1816 1067 Latini
1829 1045 1999 1076 nunquam
2014 1036 2112 1069 reces-

1221 1079 1318 1111 fimus
1340 1078 1382 1112 ab
1408 1078 1464 1112 illa
1489 1078 1673 1119 modestia,
1709 1092 1808 1123 quam
1834 1083 1869 1115 in
1897 1083 2111 1119 Commenta-

1220 1128 1332 1163 riode
1356 1129 1473 1163 Sansta
1512 1128 1761 1164 Communione
1799 1132 1924 1165 laudat.
1945 1134 2110 1179 Georgius

1221 1179 1435 1222 Metropolita
1462 1178 1688 1222 Corcyrenfis.
1717 1179 1818 1223 Apud
1847 1181 1996 1217 Leonem
2022 1183 2113 1218 Mla·

1221 1231 1303 1263 tium
1328 1228 1362 1262 in
1389 1228 1544 1263 Diatriba
1566 1229 1608 1262 de
1631 1230 1724 1264 claris
1750 1232 1907 1276 Georgiis
1936 1231 1990 1267 hic
2015 1233 2112 1267 estliq

1223 1280 1270 1313 bri
1297 1279 1414 1313 titulus
1435 1291 1442 1311 :
1471 1283 1709 1313 Commentarius
1732 1282 1771 1315 de
1795 1282 1907 1315 saneta
1927 1287 2132 1318 communio-2

1223 1342 1257 1363 ne
1273 1352 1283 1368 ,
1308 1335 1340 1362 in
1362 1341 1418 1372 quo
1442 1329 1479 1369 est
1496 1342 1534 1363 ex
1555 1329 1622 1371 ipfis
1646 1333 1747 1364 sacris
1771 1334 1931 1374 scriptum
1936 1332 2050 1373 sincera
2061 1336 2114 1367 de.

1222 1379 1389 1420 monstratio
1395 1388 1505 1421 panem
1510 1379 1727 1421 fermentatum
1738 1381 1870 1423 Ecclefiae
1883 1383 2028 1416 traditum
2033 1382 2113 1427 fuis-

1219 1429 1251 1473 se
1276 1430 1315 1463 ab
1343 1429 1481 1472 apostolis
1510 1431 1555 1462 ad
1577 1430 1773 1473 oblationem,
1790 1434 2051 1475 quemadmodum
2069 1435 2117 1467 ad

1221 1488 1352 1522 tempora
1377 1481 1479 1513 Sanc‘lt'
1508 1484 1640 1523 Gregorii
1665 1493 1849 1525 cognomento
1874 1484 1994 1528 Dialogi
2016 1490 2049 1517 in
2059 1487 2115 1516 Ro·

1222 1541 1314 1562 mana
1327 1530 1454 1571 Ecclesia
1465 1530 1643 1570 offerebatur
1657 1556 1664 1564 .
1696 1531 1885 1576 Profe—quitur
1895 1536 2043 1575 praetereti
2056 1532 2115 1576 dis-

1217 1586 1405 1620 putationem
1423 1581 1459 1612 de
1479 1580 1535 1611 hac
1559 1592 1590 1612 re
1614 1584 1758 1618 Byzantii
1780 1583 1915 1616 habitam
1939 1609 1950 1625 ‚
1986 1586 2020 1618 (ς
2045 1595 2116 1627 quo-

1221 1631 1304 1662 modo
1319 1629 1366 1661 illi
1388 1630 1585 1662 contradicere
1606 1631 1760 1665 noluerunt
1786 1636 1913 1672 Latini,
1937 1632 1995 1674 sed
2010 1635 2112 1675 potitis

1219 1677 1355 1719 satillum
1361 1685 1470 1717 panem
1491 1678 1707 1720 fermentatum
1727 1682 1909 1721 laudarunt,
1936 1685 1970 1716 (9¹
1990 1694 2055 1716 cum
2079 1684 2113 1716 il·

1223 1728 1280 1759 l1'us
1288 1732 1382 1768 panis
1395 1751 1405 1766 ‚
1433 1738 1520 1768 quem
1532 1728 1665 1768 christus
1677 1735 1708 1762 in
1718 1735 1811 1764 Coena
1833 1730 1993 1773 Diftipulis
2016 1734 2114 1766 tradi·

1223 1778 1269 1809 dit
1283 1801 1292 1817 ,
1314 1777 1460 1819 particula
1474 1782 1505 1809 in
1521 1783 1622 1821 magni
1634 1781 1748 1815 Palatii
1758 1780 1975 1822 scevophylaca
1985 1788 2114 1815 inventa

1224 1827 1290 1870 effet
1305 1850 1314 1865 ,
1343 1832 1435 1860 omnis
1448 1829 1664 1862 contradicendi
1673 1828 1762 1873 causa
1773 1831 1810 1864 de
1821 1832 1915 1865 medio
1921 1829 2044 1874 sublata
2055 1831 2093 1872 ef}
2104 1856 2113 1865 .

1226 1879 1281 1911 An
1295 1876 1353 1911 sub
1365 1878 1478 1921 magni
1500 1877 1652 1923 Gregorii
1675 1880 1801 1923 Papatu
1825 1882 1977 1916 Romana
2000 1882 2115 1916 Eccle-

1225 1928 1263 1961 fia
1280 1930 1312 1961 in
1336 1928 1531 1962 fermentato
1554 1929 1736 1969 obtulerit,
1764 1932 1821 1965 suo
1844 1932 1921 1965 loco
1941 1933 1986 1965 est
2008 1932 2114 1966 discu-

1224 1977 1373 2013 tiendum
1389 2003 1397 2010 .
1426 1978 1558 2012 Interim
1578 1980 1805 2015 fermentatam
1826 1982 1981 2015 confestae
2004 1980 2022 2014 Ξι
2045 1982 2117 2016 Do·

1225 2030 1318 2062 mino
1334 2027 1547 2063 Eucharistiae
1570 2030 1761 2072 particulam
1783 2031 1878 2065 fuisse
1897 2041 1980 2065 tunc
2002 2032 2116 2065 inven-

1225 2090 1291 2114 tam
1319 2079 1632 2123 Constantinopoli,
1658 2081 1692 2115 &
1721 2080 1890 2124 probatam
1915 2080 1934 2114 a
1959 2080 2117 2122 Latinis,

1224 2130 1269 2163 est
1281 2128 1422 2163 omnino
1449 2128 1654 2164 fabulosum.
1683 2130 1833 2165 Tantam
1857 2141 1922 2164 rem
1943 2132 2116 2173 quomodo

1226 2178 1374 2213 Michael
1399 2178 1607 2221 cerularius,
1635 2180 1877 2215 Constantinus
1903 2180 2117 2223 Sacellarius,

1229 2230 1262 2263 N
1268 2231 1369 2264 iceras
1381 2228 1568 2264 pectoratus
1582 2254 1592 2270 ,
1621 2242 1675 2264 aut
1689 2230 1760 2274 quis
1771 2230 1884 2264 fimilis
1897 2232 2047 2265 fermenti
2063 2242 2118 2274 pa·

1229 2290 1343 2314 tronus
1357 2280 1541 2324 ignorarit?
1570 2280 1667 2314 Levis
1680 2293 1716 2315 ac
1727 2281 1855 2317 infirma
1868 2281 1914 2315 est
1929 2281 2117 2316 Graecorum

1232 2330 1310 2365 fides
1336 2331 1420 2380 circa
1446 2330 1566 2364 multas
1593 2331 1765 2374 Reliquias
1787 2357 1794 2364 .
1831 2331 1968 2366 Interim
2004 2332 2118 2367 Latini

1233 2392 1402 2424 nunquam
1426 2379 1624 2416 damnarunt
1645 2391 1701 2416 aut
1723 2381 1952 2425 improbarunt
1978 2383 2119 2417 fermen-

1234 2442 1305 2465 tum
1318 2455 1328 2471 ,
1357 2430 1411 2465 sed
1424 2431 1545 2474 semper
1558 2431 1747 2465 laudarunt.
1776 2432 1820 2466 Et
1841 2430 1920 2467 hinc
1945 2431 1987 2466 de
2007 2429 2119 2466 Cardi-

1236 2481 1308 2516 nale
1319 2480 1508 2515 Humberto
1520 2479 1642 2516 habent
1653 2482 1721 2524 ejus
1738 2481 1819 2516 Asta
1840 2481 2118 2524 Constantinopo-

1237 2532 1335 2565 litana
1357 2545 1367 2564 :
1405 2531 1584 2564 flambertus
1611 2531 1772 2564 anathema
1794 2532 1878 2565 dedit
1899 2531 2009 2565 canelus
2029 2554 2041 2570 ‚
2065 2535 2118 2572 qui

1237 2583 1369 2623 deinceps
1381 2588 1624 2615 communicarent
1636 2594 1673 2615 ex
1689 2593 1778 2614 manu
1789 2585 1887 2614 Graeci
1900 2577 2121 2622 Romanumsa-

1235 2632 1372 2673 crificium
1387 2638 1591 2673 vituperantis
1604 2657 1610 2664 .
1639 2632 1712 2666 Nec
1724 2633 1875 2665 Graecum
1885 2640 1946 2663 nec
1958 2630 2120 2665 Latinum

1238 2683 1431 2715 sacrificium
1453 2682 1558 2715 voluit
1582 2681 1774 2722 vituperari.
1802 2680 1987 2721 Utrumque
2008 2678 2120 2713 defen-

1235 2732 1318 2766 dunt
1330 2731 1510 2775 Stephanus
1524 2731 1680 2763 Eduenfis
1691 2730 1888 2773 Episcopus,
1915 2728 2030 2763 Abbas
2053 2730 2120 2763 Ru·

1236 2793 1365 2825 pertus,
1392 2780 1605 2823 acininfigni
1618 2779 1765 2822 Epistola
1782 2778 1823 2813 ad
1835 2779 2040 2813 Germanum
2062 2779 2120 2813 Pa-

1235 2829 1408 2865 triarcharn
1430 2829 1840 2872 Constantinopolitanum
1862 2828 2040 2874 Gregorius
2062 2841 2121 2863 no-

1235 2892 1295 2914 nus
1310 2903 1317 2911 .
1345 2880 1477 2914 Asensu
1491 2878 1553 2913 hoc
1568 2880 1687 2913 Latina
1708 2878 1851 2914 Ecclesia
1874 2890 2042 2923 nunquam
2068 2878 2123 2912 de-

1237 2931 1342 2965 cessit.

1290 2979 1392 3026 Qod
1411 2979 1557 3013 nostrum
1577 2980 1771 3014 sacrificium
1791 2991 1860 3014 non
1883 2977 2027 3022 Judaizet
2047 3001 2058 3018 ,
2087 2979 2123 3011 in

1237 3030 1409 3074 Rescripto
1430 3030 1471 3063 ad
1492 3030 1731 3067 Walera'nnum
1753 3029 2057 3073 Naumburgensem
2084 3028 2125 3061 Ε-

1238 3082 1402 3124 piscopum
1439 3080 1606 3124 insigniter
1626 3081 1828 3114 demonstrat
1850 3080 1983 3113 Sanetus
2007 3076 2126 3111 Ansel-

1239 3142 1329 3164 mus:
1356 3131 1450 3174 ,Quod
1471 3133 1569 3163 Graeci
1592 3133 1680 3171 ajunt
1701 3142 1752 3162 nos
1766 3131 1946 3173 Judaizare
1969 3153 1979 3168 ,
2006 3138 2064 3161 non
2085 3127 2126 3167 cll

1239 3193 1342 3214 verum
1365 3206 1371 3214 .
1411 3183 1494 3224 ,Quia
1518 3191 1574 3213 non
1592 3179 1790 3224 sacrificamus
1816 3179 1853 3210 de
1877 3183 2001 3218 Ammo,
2028 3187 2061 3211 ut
2085 3178 2126 3211 le-

1234 3244 1301 3274 gem
1324 3241 1455 3265 veterem
1474 3229 1630 3274 servemus
1641 3254 1652 3270 ,
1673 3228 1732 3271 sed
1754 3237 1786 3260 ut
1798 3227 1848 3260 hoc
1861 3229 2034 3271 diligentius
2041 3228 2101 3271 fiat
2112 3250 2124 3266 ,

1241 3284 1273 3315 (τ
1286 3285 1444 3314 Dominum
1457 3306 1468 3321 ,
1491 3281 1668 3322 quthocnon
1685 3279 1891 3323 Judaizando
1904 3277 1981 3320 fecit
1994 3302 2005 3318 ,
2029 3281 2127 3309 imite-

1240 3344 1304 3364 mur
1327 3358 1334 3364 .
1362 3336 1439 3364 Cum
1466 3337 1543 3362 enim
1561 3329 1694 3371 facimus
1720 3330 1841 3370 aliquid
1859 3353 1869 3369 ‚
1905 3327 1985 3370 quod
2010 3325 2126 3370 Judaei

1241 3392 1273 3414 ut
1294 3379 1495 3426 judaismum
1517 3378 1678 3422 servarent
1696 3378 1852 3420 faciebant
1875 3401 1886 3417 ,
1922 3387 1979 3410 non
2006 3375 2126 3418 Judat'-

1242 3443 1367 3473 camus,
1394 3439 1463 3473 quta
1489 3441 1545 3463 non
1566 3437 1692 3472 propter
1710 3426 1939 3472 judaismum>
1968 3422 2026 3467 sed
2058 3432 2125 3463 pro-

2005 3483 2076 3517 pter
