2352 3736
70 301 120 340 ,Ei-*-
145 308 204 333 ¹97-

505 144 594 174 ΒΕ
665 129 703 173 S.
775 130 1108 174 LEONIS

248 222 269 252 ἃ
283 218 364 253 nobis
375 217 502 257 editaest
516 215 650 258 Epistola
663 240 674 256 ,
701 215 784 254 cujus
796 211 962 253 exemplum
972 219 1033 243 tuae
1055 211 1122 241 Pie-

243 274 300 301 tati
313 269 439 310 mifimus
457 293 463 299 .
486 267 541 301 Est
553 264 687 310 epistola
700 264 741 297 ad
752 261 900 296 nobilem
910 273 947 295 ac
958 259 1121 294 eruditum

245 318 367 353 Virum
389 317 597 352 Diodorum.
625 315 684 349 An>
706 313 786 347 duas
806 311 975 345 succeffive
1002 311 1123 343 sorores

245 369 317 412 quis
339 368 440 412 poffet
463 367 600 406 ducere,
630 364 686 398 hic
709 362 894 406 quaefierat‚
919 361 952 394 &
974 359 1123 402 placebat

245 419 301 462 ipsi
328 430 400 463 pars
422 418 583 451 affirmans
596 423 725 458 propter
735 412 958 447 audior-itatem
970 409 1123 442 Mosaicae

246 469 327 514 legis
349 493 360 509 ,
397 480 466 512 quae
486 466 562 502 talia
585 463 803 502 Matrimonia
825 472 895 496 non
917 457 1125 494 solummodo

245 519 449 563 permittitin
461 511 653 562 quibusdam
675 512 816 552 casibus,
842 511 896 546 sed
917 511 950 545 ὅ(
970 510 1124 564 imperat..

247 569 291 603 Et
305 570 414 603 nuilus
424 579 505 602 tunc
517 565 662 600 Ecclesxae
674 563 792 597 Canon
807 585 816 601 ‚
845 562 935 595 nulla
957 558 1126 601 Reipubli-

247 632 290 653 cae
305 620 374 654 Lex
385 617 576 652 obfistebat.
606 615 740 648 Interim
762 610 916 646 haefitavit
938 609 1130 647 Diodorus,

247 671 308 703 suae
319 668 438 703 mentis
452 663 711 699 flustumretulit
723 662 763 697 ad
776 671 934 707 magnum
951 658 1106 692 Bafilium
1118 682 1134 697 ‚.

247 720 282 753 &
303 731 362 763 pro
392 717 560 759 Responso
587 714 712 758 accepit
733 713 833 747 nona
847 711 923 745 solis
936 708 1129 742 Canonibus

247 779 303 803 aut
321 766 489 811 Legibus,
529 763 583 798 sed
606 766 706 798 etiam
730 764 749 797 a
769 763 868 805 longa
891 759 998 793 fidelis
1019 757 1129 800 populi

246 816 486 853 consuetud-ine
503 816 560 860 figi
572 813 720 857 coniugii
732 811 967 854 impedimenta
978 833 989 849 ,
1014 810 1048 842 δε
1062 820 1131 841 om-

247 867 331 902 nino
354 867 455 901 fixum
477 868 540 900 esse
563 863 650 898 hoc.-
676 864 706 894 5i
716 867 783 903 quis
803 860 1004 893 immunditiae
1027 858 1131 899 affec‘lu

247 925 421 959 correptus,
446 916 492 947 ad
511 909 646 947 illicitam
670 912 792 943 duorum
811 908 943 953 sororum
965 914 1132 942 communio-

248 979 314 1001 nem
327 965 554 1002 exorbitaverit,
567 964 602 996 id
611 972 700 1003 neque
716 962 878 1003 conjugium
888 957 1074 1001 censendum,
1086 970 1132 992 ne·

248 1018 304 1060 q‘ue
316 1016 407 1048 talem
420 1015 464 1047 ad
474 1018 503 1046 E
506 1012 694 1053 cclefiasticum
707 1020 811 1043 catum
823 1010 874 1052 effi·
894 1010 1113 1042 admittendum
1122 1030 1135 1047 ‚

246 1064 423 1109 priusquam
447 1066 467 1096 ἃ
487 1062 520 1106 se
540 1069 668 1096 invicem
694 1062 887 1093 dirimantur.
929 1061 982 1093 De
1003 1058 1132 1092 duobus

249 1115 330 1150 duas
344 1117 466 1148 sorores
488 1112 680 1147 ducentibus
702 1109 853 1144 fratribus
875 1121 935 1144 nec
956 1110 1048 1152 ipse,
1073 1120 1131 1142 nec

250 1167 323 1210 quis
335 1166 488 1209 antiquus
502 1164 579 1197 fecit
593 1161 798 1196 mentionem
811 1186 818 1193 .
840 1160 873 1192 Si
897 1171 967 1202 quae
987 1170 1065 1193 tunc
1091 1170 1132 1192 re-

250 1216 327 1260 gula
351 1226 407 1248 aut
431 1211 637 1247 consuetudo
673 1211 820 1245 vetuiffet
852 1207 917 1243 ha’c
947 1209 1101 1253 conjugia
1123 1233 1133 1248 ,

250 1262 422 1309 quomodo
440 1265 482 1298 de
507 1262 630 1296 duabus
655 1261 696 1295 ab
717 1273 785 1295 uno
798 1260 965 1294 successive
976 1259 1133 1292 ducendis

250 1314 414 1350 sororibus
448 1315 599 1356 potuiffec
634 1311 802 1347 Diodorus
834 1308 996 1353 ambigere
1022 1309 1039 1341 ἓ
1078 1307 1131 1341 Ad

251 1365 418 1399 laudatam
439 1364 549 1397 Basilii
570 1362 742 1406 epistolam
779 1361 860 1396 reete
894 1370 1132 1393 commentatur

251 1413 453 1449 Theodorus
479 1414 653 1446 Baisamon
682 1424 689 1444 :
725 1414 829 1453 Magni
867 1408 970 1451 Basilii
996 1410 1040 1441 ad
1066 1414 1132 1441 Dio·

249 1466 353 1510 dorum
376 1463 493 1505 epistola
505 1475 561 1495 non
580 1461 617 1503 est
643 1461 693 1495 boc
712 1469 839 1502 tempore
865 1461 1029 1502 quaerenda
1042 1483 1049 1489 .
1077 1462 1134 1490 De-

250 1521 343 1549 cernit
369 1520 469 1555 enim,
497 1525 533 1547 ne
558 1519 590 1546 in
616 1516 796 1544 matrimonii
818 1509 986 1552 Joct'etatem
1012 1506 1135 1549 duaeso—

249 1576 329 1599 rores
356 1568 560 1606 accipiantur}
587 1563 701 1604 Quod,
743 1563 797 1592 Dei
818 1563 923 1600 grana
939 1581 949 1596 ‚
975 1556 1060 1589 hodie*
1086 1566 1136 1587 nec

248 1620 281 1647 in
291 1624 418 1648 mentem
429 1614 548 1655 quidem
561 1616 645 1644 vonit
670 1608 782 1641 homini
807 1605 992 1647 christiano.
1033 1605 1134 1652 Qod

248 1662 368 1706 nempe
404 1661 504 1696 hodie
541 1672 602 1695 nec
637 1659 720 1693 duos
770 1659 904 1694 fratres,
945 1654 1050 1688 imme>
1077 1665 1135 1687 nec

249 1713 317 1747 duo
343 1711 534 1747 consobrini
577 1709 698 1754 poffint
724 1706 810 1751 apud
837 1704 966 1739 Graecos
993 1704 1136 1747 accipere

248 1762 328 1796 duas
355 1763 498 1795 sorores.
529 1785 539 1794 .

301 1811 469 1846 Adversus
482 1809 696 1846 Michaelis&
718 1807 898 1852 Nicephori
915 1808 1134 1851 Despotarum

248 1865 384 1898 fratrum
397 1874 473 1896 cum
495 1860 619 1895 duabus
638 1859 840 1895 consobrinis
862 1858 1016 1902 conjugia
1038 1857 1138 1890 Geor-

248 1914 322 1959 gius
338 1910 558 1954 pachymeres
567 1910 650 1944 teete
661 1909 768 1944 scribit
780 1908 942 1952 objectum
961 1907 1055 1942 fuisse
1078 1907 1140 1940 Ca-

250 1974 374 1997 nonem
386 1960 580 1996 Patriarchae
591 1960 718 1994 S-ifinnii
732 1957 862 1993 secundi
876 1984 883 1990 .
911 1959 979 1991 Hic
988 1958 1032 1992 est
1047 1968 1139 1999 quar·

247 2023 303 2047 tus
315 2012 510 2046 Anteceffor
521 2009 697 2044 Michaelis
712 2009 889 2043 Cerularii.
917 2007 995 2050 Ejus
1021 2007 1140 2041 consti-

249 2064 335 2097 tutio
359 2061 463 2096 exstat
487 2061 600 2103 injure
623 2059 932 2094 Graeco-Romano:
973 2059 1139 2092 Moderatio

251 2112 347 2152 nostra
369 2113 503 2144 decrevit
527 2134 538 2150 ,
578 2121 615 2143 ne
645 2108 802 2152 istiusmodi
834 2113 1024 2142 matrimonia
1061 2113 1142 2140 inter-

250 2160 434 2201 christianos
455 2162 493 2194 de
514 2160 625 2203 reliquo
645 2162 736 2194 locum
761 2159 893 2193 babeant
917 2183 927 2199 ,
964 2169 1062 2201 neque
1080 2158 1142 2194 ullo

250 2219 378 2253 tempore
401 2210 633 2244 contrabantur.
665 2210 707 2243 Et
730 2206 963 2243 contrahentes
987 2232 998 2248 ‚
1034 2209 1072 2242 &-
1089 2219 1140 2251 pa-

250 2270 357 2296 rentes
376 2261 617 2295 consentientes
630 2283 643 2299 ,.
665 2260 698 2294 &
718 2257 964 2294 benedicentem
988 2258 1140 2292 Sacerdo-

251 2321 319 2346 tem
340 2310 523 2355 graviffime
547 2310 702 2354 castigat.
738 2309 895 2343 Attamen
921 2309 997 2342 solis
1022 2309 1140 2343 futuris

251 2360 347 2406 ponit
360 2361 506 2406 Legem.
533 2361 635 2408 Quod
648 2359 766 2402 nempe
788 2360 951 2393 contrasta
976 2357 1016 2392 εό
1038 2359 1138 2400 usque

252 2410 465 2446 matrimonia
478 2410 651 2445 licuiffent.
679 2409 811 2444 Diserte
820 2411 938 2446 fatetur
950 2410 1138 2452 usque-tunc

253 2460 379 2495 nnllam
394 2462 486 2495 fuisse
507 2460 674 2495 adversam
700 2460 807 2505 legem
821 2480 831 2500 ,
857 2469 913 2495 aut
937 2460 1136 2495 consuetudi-

253 2522 330 2544 nem
344 2536 350 2543 .
380 2511 485 2545 Addit
496 2521 606 2545 tamen
621 2509 714 2544 fuiffe
727 2510 828 2545 vetita
841 2510 1017 2555 pet-magni
1032 2510 1137 2544 Basilii

255 2561 455 2599 Canonem,
478 2561 558 2594 &in
572 2561 736 2595 adversam
752 2561 1027 2597 consuetudinem
1038 2559 1140 2594 decla-

254 2621 325 2644 mat
348 2611 506 2653 plurima‚
532 2612 580 2644 uti
603 2611 636 2644 in
654 2610 870 2655 corruptelam
884 2637 891 2645 .
929 2611 1054 2645 Verum
1070 2611 1139 2643 Aine

256 2659 490 2694 fundamento.
521 2660 566 2694 Et
591 2660 687 2695 nobis
709 2661 870 2697 consentit
896 2661 929 2695 in
943 2659 1085 2695 Scholiis
1100 2659 1139 2694 ad

257 2706 373 2741 Photii
396 2709 699 2746 Nonio-canonem
719 2710 922 2745 Theodorus
946 2711 1140 2745 Balsamon:

258 2757 448 2800 Temporibus
457 2755 626 2800 samffiffimi
643 2761 723 2795 illius
745 2760 933 2794 Patriarchae
957 2764 1078 2793 Domini
1099 2764 1140 2794 Si-

252 2807 343 2850 finnii
354 2809 408 2840 duo
416 2808 591 2849 patrueles,
617 2817 649 2840 ut
663 2811 782 2843 videtur
796 2836 807 2852 ,
832 2813 909 2848 duas
926 2809 1039 2854 sorores
1061 2812 1142 2844 duce·

259 2859 335 2891 bant
359 2868 486 2890 uxores.
514 2854 620 2890 Addit
635 2880 646 2896 ,
671 2862 710 2890 Ur
733 2861 875 2894 videtur:
902 2862 1075 2908 Qoniam
1097 2863 1143 2895 Si-

258 2908 380 2942 finnius
392 2908 566 2941 Canonem
582 2907 675 2940 suum
688 2918 826 2942 conatus
840 2909 885 2942 est
908 2913 1078 2953 antiquum
1101 2911 1141 2945 fa—

259 2969 330 2992 cere
343 2983 353 2999 ,
378 2958 411 2991 ὅ(
424 2955 635 2991 traducerein
649 2968 808 3001 magnum
830 2958 982 3000 Basilium
998 2985 1005 2992 .
1035 2961 1079 2995 Et
1101 2961 1142 2995 vi-

259 3008 352 3042 detur
365 3008 485 3042 Canon
504 3006 626 3050 abipso
648 3005 789 3041 habuisse
810 3006 935 3051 aliquid
957 3009 1143 3045 fundamen·

260 3058 307 3092 ti.
335 3057 433 3092 Circa
447 3058 552 3101 ipsum
568 3056 664 3090 variis
689 3058 889 3100 temporibus
910 3059 1046 3101 plurima
1070 3062 1142 3095 sunt

261 3116 352 3141 mota
362 3106 485 3142 dubia:
508 3106 820 3151 Solutiones„quae
835 3108 876 3142 ad
900 3110 1032 3152 praesens
1054 3109 1142 3144 Insti-

261 3164 371 3190 tutum
397 3168 465 3191 non
487 3158 651 3200 speeiant,
677 3157 804 3191 exstant
831 3159 937 3200 sparsae
962 3170 1016 3201 per
1038 3169 1143 3194 totum

262 3206 465 3249 corpusjuris
476 3206 749 3241 Graeco-Romani
764 3233 771 3240 .
799 3206 946 3242 Michael
962 3207 1143 3244 Cerularius

262 3255 346 3289 dixit
360 3256 377 3288 ὲ
391 3255 516 3289 duobus
526 3257 654 3291 Latinis
665 3257 812 3291 fratribus
828 3268 893 3291 non
917 3258 1044 3292 tantum
1065 3259 1143 3294 duas

262 3305 474 3341 consobrinas
485 3305 585 3345 duci,
613 3307 665 3340 sed
679 3307 712 3341 ὃς
724 3306 802 3341 duas
817 3308 939 3342 sorores
950 3332 960 3348 ,
976 3309 1140 3344 uterimen

263 3355 410 3390 nostrum
421 3364 557 3398 augeat:
586 3363 621 3388 ut
644 3355 661 3387 a
676 3357 770 3391 nobis
780 3357 979 3392 demonstret
1002 3370 1070 3393 non
1096 3361 1142 3395 so-

264 3405 332 3439 lum
353 3403 483 3439 sisinnii
507 3405 738 3445 recentiorem,
765 3407 818 3444 sed
840 3408 874 3444 &
887 3409 969 3446 alios
989 3409 1140 3455 antiquos

364 3454 469 3498 christ.
480 3458 560 3499 Lupi
571 3459 653 3499 Oper.
658 3458 733 3491 Tom.
738 3460 788 3491 IV.

1179 127 1414 174 Nom
1484 130 1781 173 Acris.

1205 210 1373 244 contemni
1409 209 1563 244 Canones
1584 234 1594 250 ,
1621 221 1659 244 ac
1696 208 1827 243 violari.

1254 261 1400 307 Qaestio
1413 260 1458 294 est
1470 286 1479 300 ,
1506 261 1576 307 Qi
1588 260 1649 293 finr
1662 258 1696 292 hi
1706 259 1831 303 antiqui
1846 258 2017 294 Canones?
2043 263 2075 298 S.

1205 309 1332 352 Martyr
1343 309 1568 353 Theophanes
1581 310 1707 344 videtur
1720 312 1848 343 asserere
1861 310 2078 354 Apostolicos,

1204 371 1258 393 aut
1270 361 1355 394 certe
1368 361 1605 403 antiquiffimos
1617 385 1624 392 .
1653 360 1785 393 Etenim
1796 361 1834 392 de
1847 371 1968 403 magno
1990 360 2079 395 Con-

1203 409 1369 450 stantino,
1395 411 1607 454 acejuspatre
1626 410 1847 450 Constantio,
1885 411 2082 446 ducentibus

1203 459 1281 494 duas
1297 462 1439 500 sorores,
1465 461 1593 495 scribit:
1619 465 1871 500 Nemomiretur‚
1895 460 1922 502 li
1937 462 2008 495 anio
2018 464 2080 495 Ba-

1199 510 1340 551 ptismum
1350 534 1359 549 ‚
1385 522 1449 543 cum
1459 510 1559 543 adbuc
1572 514 1711 553 Pagaenos
1723 516 1800 544 ritus
1807 509 1968 553 servarent
1979 535 1989 550 ,
2003 513 2079 545 duas

1196 558 1308 602 sorores
1332 563 1482 594 duxerunt
1498 569 1588 602 pater
1609 562 1642 594 (τ’
1663 560 1762 602 filius.
1795 561 1897 608 Qod
1919 561 2024 604 ipsum
2044 562 2080 596 in

1202 610 1419 645 Ecclefiastica
1433 609 1566 645 historia
1581 608 1677 644 habet
1689 610 1876 644 Anastasius
1900 610 2081 647 Bibliothe-

1198 661 1302 694 carius
1319 686 1326 692 .
1363 661 1527 694 Videntur
1546 661 1703 694 affirmare
1732 660 1796 694 tale
1829 662 2078 696 matrimonium

1199 709 1393 744 Christianis
1403 710 1503 743 etiam
1525 719 1604 742 tunc
1625 720 1694 742 non
1717 710 1858 745 licuiffe-
1883 710 2079 755 Respondeo

1197 759 1271 792 illos
1293 759 1384 802 loqui
1407 758 1497 801 juxta
1520 759 1667 792 Graecam
1690 758 1739 791 sui
1755 761 1909 801 temporis
1931 761 2054 806 Legem
2070 786 2083 802 ,

1195 808 1284 852 juxta
1294 809 1598 853 quinquagesimum
1622 818 1773 852 quartum
1795 809 1997 844 Trullanum
2019 812 2080 846 Ca-

1199 871 1339 894 nonetn:
1369 864 1445 892 Cum
1456 861 1565 893 divina
1584 860 1738 902 Scriptura
1762 871 1813 894 nos
1837 861 1940 901 aperta³
1961 861 2079 900 doceat,

1195 909 1278 944 Non
1300 909 1536 954 ingredierisad
1560 921 1696 944 ornnem
1715 910 1992 953 consanguineam
2014 922 2080 945 car-

1197 963 1246 994 nis
1258 971 1318 994 tuae
1328 959 1370 993 ad
1388 959 1594 994 revelandam
1616 959 1684 1002 ejus
1706 960 1942 1003 turpitudinem
1955 986 1966 1000 ,
1993 964 2080 995 Divi-

1195 1023 1252 1045 nus
1263 1011 1391 1053 Basilius
1402 1010 1559 1043 nonnullas
1575 1010 1744 1052 prohibitas
1759 1016 1876 1052 nuptias
1891 1016 1922 1043 in
1941 1009 2008 1054 suis,
2018 1016 2079 1045 Ca-

1197 1063 1322 1095 nonibus
1344 1067 1547 1100 enumeravit,
1582 1062 1683 1094 multis
1698 1060 1813 1101 silentio
1833 1067 2020 1102 praeteriit'm
2046 1064 2080 1096 Θ·

1197 1112 1244 1145 his
1256 1111 1385 1155 utrisque
1399 1113 1559 1144 utilitatem
1581 1111 1664 1144 nobis
1686 1111 1808 1144 attulit.
1836 1114 1980 1153 Turpium
2001 1118 2080 1145 enim

1198 1168 1345 1194 nominum
1366 1162 1561 1194 multitudine
1584 1166 1701 1194 evitata
1714 1186 1723 1201 ‚
1751 1171 1785 1193 ne
1801 1162 1900 1194 verbis
1918 1167 2080 1201 orationem

1195 1214 1338 1254 pollueret*
1347 1236 1357 1251 ‚
1380 1210 1566 1255 generalibus
1579 1211 1745 1244 nominibus
1757 1215 1947 1253 impuritates
1959 1215 2080 1256 comple-

1198 1274 1252 1294 xus
1266 1263 1302 1302 est
1320 1287 1330 1302 ‚
1351 1269 1406 1303 per
1427 1273 1501 1304 quas
1522 1261 1635 1304 legibus
1658 1267 1771 1295 vetitas
1794 1268 1918 1303 nuptias
1945 1264 2027 1297 nobis
2046 1270 2083 1297 in-

1196 1311 1309 1352 summa
1329 1311 1451 1352 ostendit
1466 1337 1473 1344 .
1501 1313 1654 1354 ,Quoniim
1679 1321 1776 1344 autem
1794 1320 1918 1354 propter
1937 1313 2082 1357 ejusmodi-

1198 1362 1339 1399 fflentium
1350 1385 1360 1400 ‚
1385 1363 1419 1395 ὦ·
1432 1363 1511 1404 quod
1523 1373 1581 1394 non
1594 1359 1720 1403 discerni
1725 1361 1815 1405 poffit
1833 1362 2005 1398 illicitarum
2023 1376 2079 1399 nu·

1195 1419 1330 1453 ptiarum
1339 1411 1519 1454 probibitio,
1540 1410 1669 1454 seipsam
1693 1421 1805 1445 natura
1826 1413 2004 1455 confundit,
2033 1426 2082 1448 no-

1190 1463 1243 1494 this
1261 1462 1362 1504 visum
1383 1460 1421 1500 est
1443 1474 1477 1495 ea
1495 1462 1585 1502 paula
1609 1463 1742 1502 apertius
1766 1470 1931 1506 exponere,
1970 1464 2008 1498 ab
2031 1465 2082 1498 hoc

1198 1514 1334 1552 deincep:
1344 1519 1470 1551 tempore
1480 1512 1665 1543 decernentes
1679 1537 1690 1551 ,
1717 1521 1750 1544 ut
1761 1516 1812 1554 qur·
1832 1524 1897 1546 cum
1913 1521 2019 1557 patrui
2033 1514 2084 1557 fiii

1194 1561 1259 1602 filia
1272 1566 1453 1592 matrimonii
1462 1560 1629 1601 ficietatem
1639 1566 1739 1592 inierit
1752 1585 1762 1599 ,
1789 1564 1934 1603 velpater
1945 1567 1979 1598 ὀ*
1987 1565 2083 1607 fildas,

1197 1616 1246 1653 qui
1258 1621 1322 1643 cum
1332 1620 1428 1642 matre
1440 1608 1547 1650 &filia
1560 1634 1571 1650 ‚
1598 1609 1651 1643 vel
1659 1622 1724 1645 cum
1752 1611 1870 1646 duabus
1886 1615 1994 1655 puellis
2006 1613 2085 1658 soro·

1199 1661 1280 1691 ribus
1290 1666 1378 1700 pater
1391 1660 1425 1691 Θ
1440 1658 1516 1697 filius
1528 1683 1538 1697 ,
1566 1660 1619 1691 vel
1626 1670 1689 1692 cum
1707 1662 1817 1697 duobus
1822 1662 1977 1704 fratribus
1989 1675 2084 1699 mater

1199 1711 1232 1743 (y
1241 1707 1324 1750 filia,
1353 1708 1403 1740 vel
1415 1706 1535 1748 fratres
1560 1708 1618 1740 duo
1643 1720 1706 1742 cum
1725 1710 1841 1744 duabus
1850 1710 1997 1755 sororibus
2012 1740 2023 1755 ,
2049 1722 2083 1748 in

1196 1759 1345 1803 fiptennti
1357 1761 1511 1791 Canonem
1523 1760 1658 1791 incidant
1671 1784 1682 1800 ,
1707 1759 1767 1792 illis
1787 1764 1889 1804 procul
1904 1766 1991 1799 dubio
1998 1764 2086 1809 sepa.

1199 1815 1276 1844 ratis
1289 1811 1309 1841 ἃ
1322 1807 1435 1849 nefario
1446 1809 1667 1843 conturbernia.
1698 1809 1780 1844 Non
1808 1813 1894 1847 solos
1907 1815 1947 1848 ad
1960 1816 1990 1848 S.
2005 1817 2087 1851 Am-

1201 1857 1406 1906 philochium
1417 1861 1550 1903 scriptos
1566 1859 1721 1893 Canones
1733 1884 1744 1901 ,
1765 1861 1816 1895 sed
1829 1863 1863 1898 ὃς
1875 1865 2034 1900 famosam
2045 1866 2086 1900 ad

1201 1911 1389 1947 Diodorum
1399 1909 1580 1954 Epistolam
1593 1921 1710 1953 urgent
1722 1911 1850 1954 Graeci,
1879 1915 1911 1948 in
1936 1927 1999 1957 qua
2023 1928 2088 1952 ma-

1201 1973 1284 2007 gnus
1295 1960 1429 1995 Basilius
1440 1961 1551 1994 nescio
1564 1957 1655 2003 cujus
1671 1960 1749 1994 duas
1774 1962 1896 1998 sorores
1916 1966 2089 2003 succeffive

1201 2011 1277 2047 duci
1301 2013 1391 2055 posse
1416 2011 1593 2045 adferentis
1618 2022 1759 2045 errorem
1777 2014 1896 2049 refutat
1909 2016 2086 2059 acerrime,

1201 2065 1234 2098 ὅ(
1246 2061 1397 2107 adjungit
1412 2074 1419 2093 :
1448 2065 1556 2106 Neque
1566 2067 1653 2095 uxori
1664 2062 1728 2096 licet
1742 2085 1752 2102 ,
1773 2072 1806 2097 ut
1816 2069 1878 2098 viri
1888 2063 1921 2108 se
1933 2066 2086 2108 adfinibus¹

1201 2115 1367 2156 adjungar.
1398 2112 1441 2146 Et
1464 2114 1533 2155 post
1558 2112 1659 2146 multa
1683 2113 1878 2150 concludit.-
1906 2121 1964 2149 Oro
1983 2127 2016 2150 ut
2037 2121 2090 2153 vel

1201 2166 1365 2198 admonitio
1388 2162 1483 2203 nostra
1494 2163 1568 2197 banc
1578 2164 1781 2196 inordinatam
1794 2165 1976 2206 affec‘lionem
1987 2178 2088 2202 retun-

1187 2189 1257 2248 'dat
1276 2238 1287 2254 ‚
1313 2212 1461 2255 velscelus
1479 2213 1530 2246 boc
1545 2218 1577 2247 in
1590 2213 1714 2255 nostram
1724 2220 1867 2258 regionem
1883 2229 1939 2250 non
1953 2219 2062 2263 serpat
2074 2244 2086 2260 ,

1200 2264 1258 2308 sed
1266 2270 1298 2297 in
1308 2263 1412 2306 quibus
1424 2263 1641 2307 praesumptum
1651 2265 1687 2306 est
1702 2268 1789 2308 locis,
1815 2272 1846 2299 ln
1868 2268 1928 2301 illis
1954 2269 2087 2303 detinea-

1202 2325 1270 2349 tur.
1300 2314 1458 2348 Admittit
1472 2314 1741 2349 licentiamistam
1755 2316 1885 2351 tolerari
1909 2329 1947 2352 ac
1976 2320 2087 2364 vigere

1187 2365 1235 2420 {in
1248 2365 1320 2399 aliis
1344 2364 1572 2408 Regionibus:
1602 2365 1759 2400 Admittit
1783 2368 1989 2403 succeffivum
2010 2370 2087 2413 ejus-

1202 2415 1277 2449 dem
1301 2416 1358 2448 viri
1380 2426 1457 2449 cum
1480 2413 1605 2449 duabus
1628 2414 1787 2451 sororibus
1816 2418 2009 2463 conjugium
2032 2431 2085 2463 per

1204 2466 1325 2499 nullam
1338 2465 1459 2509 Legem
1482 2476 1537 2500 aut
1550 2466 1725 2501 Canonem
1736 2492 1747 2508 ,
1774 2468 1828 2502 sed
1840 2467 1925 2511 apud
1937 2470 2087 2506 meliores

1206 2516 1408 2550 Christianos
1421 2516 1567 2550 damnari
1594 2529 1648 2559 per
1669 2518 1769 2552 solam
1791 2519 2085 2554 consuetudinem.

1207 2567 1248 2599 Et
1261 2577 1314 2610 pet
1327 2566 1453 2600 adfines
1473 2567 1630 2610 intelligit
1652 2568 1738 2601 solos
1759 2570 1881 2603 adfines
1904 2570 1997 2613 primi
2018 2581 2086 2615 gra-

1204 2617 1278 2650 dus.
1309 2615 1452 2650 Proinde
1470 2617 1550 2650 duas
1569 2617 1784 2652 consobrinas
1805 2628 1886 2652 tunc
1907 2620 1991 2654 idem
2019 2623 2088 2655 suc-

1204 2666 1317 2699 cessive
1342 2675 1467 2708 poterat
1478 2667 1610 2701 ducere.
1640 2669 1774 2702 Etenim
1793 2669 2006 2703 consobrinus
2028 2670 2085 2705 du-

1203 2715 1280 2749 dum
1295 2714 1388 2748 duxit
1399 2716 1631 2751 consobrinam
1644 2741 1652 2749 .
1681 2717 1798 2751 Hocce
1813 2718 2007 2763 conjugium
2023 2722 2084 2764 pri-

1204 2776 1277 2799 mus
1288 2764 1418 2799 diremit
1433 2776 1570 2810 magnus
1583 2766 1764 2810 Imperator
1785 2766 2009 2802 Theodosius.
2039 2770 2084 2805 Et

1920 144 2010 188 379

1204 2815 1265 2849 isto
1290 2814 1358 2858 jure
1381 2815 1487 2849 Graeci
1512 2817 1611 2859 usque
1634 2817 1674 2851 ad
1698 2817 2083 2856 adductumTrullanum

1204 2866 1396 2907 Canonem,
1425 2876 1484 2899 nos
1497 2867 1607 2909 passim
1622 2867 1732 2901 Latini
1758 2869 1897 2902 viximus
1922 2871 2021 2914 usque
2042 2871 2083 2905 ad

1203 2917 1399 2961 Gregorium
1415 2916 1593 2950 secundnm
1607 2942 1614 2948 .
1643 2916 1746 2951 Porro
1762 2918 1958 2952 Trullanam
1982 2921 2084 2962 Syno-

1202 2965 1282 3000 dum
1293 2967 1579 3010 quisignoreteffe
1589 2967 1778 3008 erraticam,
1806 2970 1839 3002 ὃ(
1863 2969 1967 3012 plures
1990 2970 2083 3014 ipfius

1204 3016 1358 3053 Canones
1379 3016 1420 3050 ab
1444 3018 1536 3050 omni
1551 3019 1667 3051 Latina
1681 3018 2016 3055 Ecclefiaconstanter
2038 3032 2083 3055 re·

1203 3066 1300 3109 jectos
1314 3067 1330 3098 .?
1357 3067 1450 3099 Hinc
1461 3076 1588 3109 propter
1609 3067 1752 3111 ipsorum
1772 3078 1998 3113 contemptum
2020 3082 2083 3104 cre-

1204 3115 1311 3150 dimus
1326 3127 1388 3149 nos
1402 3116 1488 3150 neca
1503 3116 1578 3151 Deo
1590 3117 1795 3152 damnandos
1808 3143 1818 3159 ,
1829 3131 1889 3154 nec
1900 3120 1940 3154 ab
1954 3131 2081 3162 :equum

1205 3164 1368 3207 &justum
1379 3166 1582 3200 censentibus
1596 3165 1805 3202 hominibus.
1835 3170 1877 3203 Et
1901 3169 1954 3214 ipfi
1977 3171 2081 3204 Graeci

1204 3216 1346 3258 ipsorum
1370 3226 1435 3249 non
1475 3217 1606 3250 fuerunt
1626 3218 1895 3254 observantissimi
1934 3246 1940 3253 .
1979 3219 2078 3266 Qod

1203 3265 1379 3309 Imperator
1403 3264 1614 3300 Andronicus
1636 3268 2015 3314 secundustalaeologus
2046 3270 2080 3302 &

1205 3316 1420 3360 Bulgarorum
1443 3316 1516 3350 Rex
1540 3328 1670 3352 mutuas
1688 3320 1811 3353 sorores
1835 3320 2007 3358 duxerint,
2034 3328 2079 3352 te-

1205 3366 1302 3399 statur
1328 3366 1492 3400 Laonicus
1519 3366 1764 3410 Chalcondylas
1815 3370 1967 3411 Repertus
1989 3367 2079 3401 Con-

1206 3416 1418 3464 stantinopoli
1441 3417 1525 3464 apud
1551 3416 1661 3451 Patres
1696 3417 1925 3453 Praedicatores
1946 3417 2077 3453 Trasta-

1554 3466 1583 3501 B
1612 3467 1633 3502 b
1661 3467 1681 3502 b
1731 3478 1755 3504 2
1968 3474 2020 3502 tus
2071 3464 2075 3467 ’

2100 3400 2160 3432 Lib.
2192 3412 2217 3433 1.
