2352 3736
48 708 105 746 Ep.
137 718 183 739 20.

48 822 115 854 Lib.'
152 827 179 854 8.

49 864 98 901 Ep.
127 867 175 893 61.

46 904 123 934 Can.
131 910 180 940 31,

47 1554 130 1594 Fra&
153 1563 183 1589 a:

400 139 454 170 ne
489 122 923 177 smoniae-enimus,
959 123 1018 164 ἐτ-
1042 127 1183 161 vanus
1216 130 1275 160 An
1309 117 1446 161 rusuM·
1465 117 1784 162 spec-murinus.

224 206 303 248 elefia
313 208 403 247 recipi
409 204 514 250 fiafficit
523 230 531 237 .
552 203 711 239 Notanda
719 205 792 238 sunt
805 202 902 238 verba
914 226 926 243 ,
936 205 995 235 Εκ.
1004 201 1102 234 eodem

222 251 318 298 errore
343 261 497 289 venientes
518 267 526 287 :
553 255 723 289 Evincunt
744 278 756 295 ,
780 250 938 298 quidquid
964 252 1102 294 Joannes

221 305 378 341 Morinus
398 305 486 342 dicat
505 330 516 346 ,
543 305 711 341 Bonosum
733 302 874 338 omnino
896 301 988 334 fuisse
1013 297 1101 333 Pho·

219 355 405 395 tinianum.
435 355 538 403 Qod
551 355 654 399 ipsum
669 352 775 388 asserit
786 349 862 386 liuic
872 350 1009 393 Synodo
1021 360 1100 383 coae·

221 416 282 445 vus
307 405 500 441 Gennadius
531 404 733 440 Maffilienfis
760 425 772 442 2
797 402 832 434 in
858 400 1001 434 Virorum
1028 398 1099 433 illu-

221 453 335 494 strium
362 455 527 501 Catalogo
547 455 679 490 laudans
706 449 912 484 Audentium
935 449 1101 493 Hispaniae

221 504 423 549 Episcopum
434 530 446 547 ,
470 506 527 549 qui
536 503 655 547 scripsit
663 501 833 536 adversum
846 499 952 534 varios
963 499 1100 534 Haereti-

222 565 302 596 cos,
327 556 496 599 praesertim
506 551 743 590 photinianos,
764 550 1006 594 &adjungenst
1034 551 1100 593 ,Qui

223 616 303 638 nunc
338 604 486 646 Bonofiaci
518 609 660 635 vocantur
677 626 685 633 .
712 601 757 634 Et
792 600 981 634 Innocentii
1003 600 1098 643 primi

223 650 397 692 Pontificis
405 650 655 695 devexpellendis
664 647 874 684 photinianis
894 649 935 685 ad
958 650 1100 684 Lauren-

222 704 307 743 tium
319 701 525 747 Segniensem
536 700 736 745 Episcopum
746 700 894 743 Epistola
905 699 1004 734 habet
1015 698 1100 734 hanc

221 751 448 798 Epigraphen:
477 754 523 788 De
534 750 697 793 Bonofiacis
708 775 719 791 ,
737 752 818 794 quod
818 749 878 792 fint
886 753 919 794 J
920 750 1016 783 udaeis
1029 760 1101 782 com-

218 798 375 847 parandi.
401 801 445 835 Et
470 799 549 834 hinc
571 801 768 835 Bonosiacos
802 799 942 834 omnino
965 799 1101 842 rebapti-

221 850 343 887 zandos
353 850 517 887 scribitad
530 846 640 885 Iberiae
662 850 995 894 EpiscoposSantrus
1022 848 1101 883 Gre-

218 901 331 948 gorius
343 900 490 946 Magnus
500 925 508 932 .
536 900 721 936 Confirmat
732 901 825 934 tertia
833 899 986 942 synodus
998 898 1100 936 Aure-

219 950 372 986 lianensis
382 974 393 990 ‚
403 950 538 985 afferens
549 951 748 986 Bonofiacos
759 949 966 994 rebaptizasse
977 974 984 981 .
998 948 1101 996 Qod

220 1001 311 1035 enim
320 1001 339 1035 ὲ
351 999 448 1035 nobis
458 1000 606 1035 viderent
617 1002 647 1034 se
659 1000 846 1044 rebaptizari
858 1024 869 1040 ‚
886 999 927 1034 ad
940 1000 1099 1033 talionem

219 1051 320 1087 etiam
329 1050 583 1095 rebaptizarunt.
609 1050 729 1094 Neque
747 1050 837 1085 obest
861 1049 1017 1084 adductus
1041 1049 1102 1083 Ca-

219 1111 291 1136 non
302 1100 516 1139 Arelatensis.
543 1101 726 1135 Dumtaxat
738 1100 784 1135 ait
804 1100 1005 1135 Bonofiacos
1018 1123 1028 1139 ,
1054 1100 1102 1133 so-

220 1150 323 1185 lemni
346 1146 586 1186 Haereticorum
606 1162 719 1191 more,
744 1149 836 1185 fuisse
855 1149 1022 1184 Cadmaeos
1044 1149 1102 1183 fra-

220 1210 309 1242 tres,
335 1200 520 1244 &ipsorum
541 1201 697 1242 quosdam
717 1199 888 1244 baptizasse
910 1224 921 1240 ,
947 1198 1104 1243 quosdam

221 1262 294 1285 non
312 1249 484 1293 baptizasse
504 1251 537 1284 in
561 1251 779 1285 Sacro-saneto
802 1249 978 1284 Trinitatis
1000 1249 1104 1283 nomi-

220 1311 285 1340 ne,
313 1299 453 1344 ideoque
470 1298 531 1334 hos
553 1300 639 1334 solos
655 1301 748 1335 fuisse
769 1301 805 1334 &
824 1301 886 1334 effe
906 1299 1103 1343 rebaptizan-

221 1348 300 1384 dos.
327 1350 432 1398 Qod
459 1351 564 1393 ipsum
586 1350 622 1384 in
643 1350 801 1384 librorum
820 1359 935 1385 contra
960 1348 1104 1384 Atianos

221 1400 418 1444 fragmentis
431 1400 561 1434 testatur
572 1402 706 1441 Sanetus
717 1399 866 1433 Alcimus
882 1399 1003 1432 Avitus
1018 1422 1029 1439 ‚
1045 1399 1104 1432 Ar-

221 1448 445 1493 chiepiscopus
459 1449 674 1483 Viennensis:
701 1452 785 1482 Unus
797 1452 939 1481 Dominus
962 1448 1020 1490 est,
1047 1460 1105 1481 non

221 1499 392 1533 dividimus
410 1510 425 1540 ;
450 1510 512 1532 una
546 1500 641 1532 Fides
659 1523 670 1540 ,
706 1510 764 1531 non
785 1497 952 1541 scindimus
979 1510 988 1540 3
1014 1509 1105 1531 unum

220 1546 407 1591 ,Baptisma‚
429 1559 487 1580 non
502 1553 643 1583 iteramus
655 1573 662 1580 .
690 1552 748 1584 Cui
757 1547 891 1581 bonorem
907 1547 991 1590 suum
1014 1554 1106 1581 etiam

222 1602 257 1631 in
269 1597 506 1641 Bonofiacorum‚
531 1599 712 1640 altorumque
725 1604 886 1641 receptione
892 1597 1052 1641 servantes
1061 1622 1072 1638 ,
1083 1595 1111 1640 si

216 1645 254 1691 se
264 1652 296 1679 in
308 1653 423 1681 nomine
435 1650 537 1682 Patris
550 1672 560 1688 ,
570 1649 604 1682 (¹5
615 1651 710 1690 Filii,
722 1650 756 1682 (θ’
765 1647 998 1691 spiritussanffi
1009 1647 1107 1689 bapti-

223 1706 310 1731 zatos
321 1698 373 1741 effe
383 1696 578 1740 respondeant
591 1722 603 1738 ,
627 1699 706 1741 quod
715 1698 786 1731 bem?
801 1696 909 1740 confeffi
923 1698 996 1741 sunt
1010 1721 1020 1737 ‚
1043 1696 1107 1739 ser·

223 1748 328 1781 vando
353 1753 509 1790 recipimus
530 1774 537 1782 .
579 1748 704 1782 Lucide
725 1749 863 1784 affirmat
877 1744 970 1783 'alios
993 1747 1084 1782 fuisse
1097 1771 1108 1787 ,

223 1797 308 1831 alios
320 1809 387 1832 non
402 1798 495 1832 fuisse
506 1798 541 1832 in
553 1798 774 1835 Sacro-saneto
786 1799 885 1832 trium
898 1800 1105 1842 personarum

218 1845 363 1882 nomine
374 1846 570 1890 baptizatos.
598 1847 702 1882 Porro
713 1849 853 1891 ipsorum
864 1847 1051 1891 illyriciana
1064 1847 1108 1882 fa.-

224 1897 291 1930 fiio
304 1895 453 1940 Magistri
464 1896 603 1935 Photini
614 1897 751 1933 scabiem
760 1897 889 1932 tenebat
899 1898 939 1931 ad
954 1898 1108 1936 litteram,

222 1954 292 1980 erat
318 1945 413 1989 plene
438 1945 640 1989 Sabelliana‚
667 1948 703 1982 in
721 1949 969 1983 Sacro-sanetum
996 1948 1109 1981 Trini-

223 2006 326 2034 tatem
345 2007 412 2030 non
425 1994 631 2039 baptizabat,
657 1998 798 2041 ideoque
813 2007 880 2033 erat
899 1998 1041 2031 omnino
1065 2009 1109 2030 re-

224 2046 421 2090 baptizanda
431 2070 439 2078 .
468 2047 562 2080 Hinc
573 2047 608 2081 ἀ
618 2047 834 2083 reordinanda
846 2071 857 2087 ‚
870 2057 967 2090 atque
978 2047 1025 2080 ita
1039 2046 1110 2081 Ru-

225 2095 353 2132 stitium
365 2096 556 2132 Marcianus
567 2097 783 2132 reordinavit.
813 2097 888 2131 Nec
900 2097 968 2131 sine
992 2095 1106 2131 funda-

226 2155 343 2182 mento
370 2171 378 2178 .
417 2146 551 2185 Etenim
586 2146 781 2182 Bonosiacos
814 2147 847 2181 &
884 2145 1106 2181 Photinianos

228 2206 367 2236 omnes,
393 2207 502 2235 veram
521 2195 616 2230 Pauli
644 2197 871 2231 Samosatenfis
896 2196 1107 2241 progeniem,

227 2245 424 2281 existimavit
435 2246 576 2291 gaudere
587 2245 647 2281 hac
658 2247 779 2281 decimi
795 2247 877 2283 noni
889 2246 1037 2281 Canonis
1049 2246 1110 2279 Ni÷

228 2294 308 2330 caeni
321 2298 441 2339 gratia:
456 2298 487 2328 si
496 2302 549 2338 qui
558 2308 596 2329 ex
607 2296 655 2329 his
663 2303 821 2339 pra-terito
836 2304 962 2338 tempore
979 2295 1108 2338 fuerant

229 2351 262 2377 in
281 2345 388 2384 Clero,
407 2343 438 2386 fi
454 2347 576 2387 quidem
591 2341 771 2381 immaculati
795 2348 829 2380 <9⁴
842 2344 1107 2387 irreprehensibiles

229 2399 426 2436 apparuerint
448 2419 459 2435 ‚
500 2397 661 2437 Baptizati
697 2397 869 2428 ordinentur
902 2396 940 2428 ab
967 2393 1108 2438 Episcopo

229 2444 365 2486 Ecclefiae
375 2444 533 2477 Catholicae
544 2459 553 2477 .-
581 2445 625 2478 Er
635 2444 712 2482 hinc
723 2445 821 2480 talem
834 2445 1105 2480 reordinationem

229 2494 369 2540 graviter
379 2505 445 2528 non
458 2492 600 2537 culpavit
612 2494 827 2529 Innocentius
843 2520 850 2527 .
879 2495 1030 2529 Graviter
1041 2495 1108 2530 cul-

230 2545 321 2586 pavit
332 2542 496 2587 huiusmodi
506 2544 650 2577 hominem
664 2549 696 2576 in
720 2543 847 2585 Ecclqfia
867 2551 1007 2579 retineri.
1035 2545 1109 2582 Ho-

233 2595 357 2628 minem
368 2594 568 2630 maculosum
583 2617 593 2634 ,
619 2591 897 2637 reprehensibilem
914 2620 925 2635 ,
945 2595 1109 2633 turbulen-

236 2649 306 2674 tum
317 2666 328 2682 ,
339 2643 458 2678 laudati
468 2644 620 2679 Canonis
631 2645 733 2689 gratia
754 2654 899 2688 patenter
912 2644 1087 2690 indignum
1099 2670 1104 2676 .

238 2690 376 2745 Culpata
401 2702 508 2729 tamen
534 2694 596 2728 fuit
618 2695 652 2728 δε
674 2695 740 2739 ipsa
768 2695 986 2730 reordinatio.
1012 2695 1106 2729 Hinc

238 2748 328 2772 emm
338 2742 677 2784 pergitlunocentius:
707 2744 913 2784 AutRustitius
933 2744 972 2786 fic
994 2750 1108 2787 peccari

242 2786 348 2822 debere
372 2794 404 2820 in
429 2793 483 2825 alio
508 2793 673 2831 arbitratur
693 2820 705 2835 ,
729 2797 976 2838 quemadmodum
1011 2801 1044 2828 in
1076 2793 1108 2837 se

235 2834 368 2881 ''8⁷²⁰ft'it
389 2837 438 2879 ‘sse
459 2847 621 2879 peccatum,
648 2846 767 2888 Neque
786 2846 876 2879 enim
896 2845 1051 2879 omnibus
1072 2845 1106 2878 in

233 2888 384 2942 {uturum
410 2886 611 2926 Paulianistis
644 2894 717 2929 fixit
753 2895 900 2940 regulam
921 2920 931 2935 ‚
958 2894 1009 2928 sed
1032 2895 1118 2931 solisv

236 2945 318 2969 tunc
332 2936 517 2992 viventibus
524 2937 786 2980 dispensatoriam
798 2958 839 2979 ex
861 2945 958 2978 causis
969 2946 1106 2989 gratiam

236 2985 315 3042 fecit
326 2985 481 3022 N1caenus
500 2986 619 3022 Canon
633 3014 644 3029 ,
667 2993 865 3038 proindeque
875 2996 976 3038 ipsam
987 2992 1027 3028 ad
1041 2994 1108 3031 Ru-

236 3034 363 3069 ssmum
386 3036 560 3071 extendere
578 3039 705 3081 nequiit
724 3042 933 3079 Marcianus.
959 3044 1107 3084 Laudata

237 3084 367 3127 insuper
377 3084 549 3121 pontificis
563 3087 657 3121 verba
669 3088 772 3124 lucide
791 3094 952 3129 affirmant
973 3105 1042 3129 non
1064 3094 1108 3131 ab

235 3131 303 3170 hoc
315 3133 475 3178 Episcopo
487 3161 497 3177 ‚
525 3136 579 3169 sed
593 3138 610 3170 it
621 3138 690 3171 solo
703 3138 1034 3186 Pseudo-Presbytero
1046 3144 1107 3178 isto

234 3182 444 3221 Germinislm
453 3197 489 3219 ac
497 3185 722 3227 Lupentinum
736 3188 828 3222 fuisse
839 3191 880 3224 ad
902 3193 1108 3227 reordinatio·

232 3243 312 3267 -nem
325 3232 520 3276 postulatos.
545 3235 592 3270 Et
613 3237 688 3270 ante
713 3238 746 3271 &
772 3239 844 3282 post
867 3240 1109 3278 damnationem

228 3282 363 3318 ..dudum
384 3283 474 3326 aeque
490 3286 601 3319 errasse
635 3286 805 3322 Bonosum
829 3289 885 3325 ille
906 3289 1038 3326 forsitan
1065 3293 1111 3326 as·

232 3333 354 3374 seruit,
380 3333 521 3377 ideoque
533 3333 675 3378 ipsorum
697 3335 934 3373 Ordinationes
959 3350 1027 3375 non
1050 3343 1111 3376 effe

231 3382 291 3421 sua
316 3383 489 3417 firmiores.
516 3384 560 3418 Et
571 3385 669 3424 etiam
689 3385 755 3420 hoc
778 3388 897 3427 merito
922 3412 934 3430 ‚
957 3390 1112 3440 graviter-

335 3432 440 3473 christ.
445 3437 523 3476 Lupi
533 3439 618 3477 oper.
632 3439 763 3471 Tom.1V.

1868 129 1965 177 107

1162 208 1226 243 que
1236 198 1380 242 culpavit
1390 197 1544 232 Pontifex
1559 221 1568 230 .
1597 198 1794 242 Culpavit&
1802 197 2035 242 Marcianum,⁴

1159 249 1246 292 quod
1258 248 1336 283 istos
1346 246 1490 293 legitime
1499 256 1660 291 reparatos
1668 248 1815 284 Clericos
1827 273 1839 290 ,
1864 247 1909 284 ob
1915 248 2035 284 merito

1159 299 1358 333 declinatum
1385 297 1707 346 Pseudo-Presbyteri
1732 310 1836 333 errare
1871 299 2035 344 pergentis

1159 348 1351 393 contagium
1371 373 1382 388 ,
1419 348 1561 392 rejiceret
1581 347 1600 382 a
1626 349 1681 382 sua
1706 350 1960 384 communione.
1987 349 2037 384 Et

1160 396 1240 432 hinc
1252 398 1340 432 lucet
1358 396 1452 436 istam
1461 399 1534 433 faeti
1547 398 1684 442 speciem
1697 399 1816 442 Ioanni
1832 397 1972 433 Morino
1982 410 2036 443 peu

1161 446 1407 484 nitusobviare.
1435 448 1553 492 Neque
1562 449 1653 482 enim
1673 448 1692 482 a
1714 447 1876 490 quibusvis
1900 449 2036 483 Haeret'n

1158 498 1204 532 cis
1212 522 1224 538 ,
1250 497 1305 533 sed
1315 498 1334 533 a
1342 497 1419 533 solis
1429 496 1636 532 paulianistis
1645 523 1656 539 ‚
1684 495 1890 533 photinianis
1901 521 1913 538 ,
1924 509 1962 532 ac
1974 498 2039 533 Bo-

1159 547 1367 591 nofiacisjam
1376 547 1539 582 damnatis
1552 547 1732 582 Ordinatos
1742 547 1869 583 censuit
1879 547 1967 592 Papa
1986 547 2040 582 Ins

1161 598 1331 632 nocentius
1340 595 1594 636 reordinandos,
1619 595 1740 631 addens
1752 597 1786 632 id
1799 598 1868 632 fieri
1881 609 1949 633 non
1967 598 2039 642 pos,-

1159 648 1189 681 se
1200 645 1397 682 authoritate
1408 647 1559 690 simplicis
1572 646 1723 689 Episcopi
1736 671 1747 687 ,
1772 647 1886 691 utpote
1896 648 1954 691 qui
1978 647 2040 683 sol-

1160 708 1232 731 vere
1242 708 1296 732 aut
1309 697 1471 732 moderari
1482 707 1550 730 non
1573 705 1668 738 queat
1685 697 1868 740 generalem
1891 697 2040 732 Ecclefiae

1159 746 1361 790 disciplinam
1372 770 1383 786 .,
1393 758 1492 791 quam
1503 745 1712 789 nullojtnodo
1724 745 1901 787 sustulerat,
1913 747 1966 781 sed
1980 745 2043 781 dis-

1161 797 1339 840 pensatorie
1347 798 1520 832 dumtaxat
1533 795 1701 841 mitigarat
1722 794 1874 838 synodus
1887 795 2022 831 Nicaena
2033 823 2041 833 .

1159 845 1294 882 Tertius
1319 846 1360 882 ab
1380 846 1509 881 erudito
1532 846 1656 890 Joanne
1677 845 1817 880 Morino
1827 844 1980 880 adduAEtus
1991 846 2044 880 Ιη->

1162 897 1307 933 nocentii
1327 896 1500 931 Pontificis
1523 897 1613 933 locus
1633 895 1677 930 est
1698 897 1733 930 in
1747 895 1897 938 Epistola
1923 896 1963 932 ad
1976 896 2044 929 Ru-

1161 947 1231 981 fum
1270 945 1597 981 Thessalonicensem
1619 972 1630 987 ‚
1669 958 1707 980 ac
1742 945 1825 980 alios
1850 944 2046 988 Illyricianae

1162 996 1316 1031 Dioecefis
1341 998 1521 1041 Episcopos
1535 1022 1545 1037 ‚
1572 997 1795 1040 percunctatos
1816 1007 1824 1027 :
1852 995 1909 1029 An
1930 996 2043 1030 conse-

1161 1046 1294 1082 cratiab
1315 1047 1487 1086 Haereticis
1506 1047 1676 1090 Episcopis
1703 1045 1826 1081 Clerici
1844 1044 1945 1079 essent
1968 1046 2048 1079 resa«

1161 1097 1292 1137 crandi,
1319 1107 1416 1142 atque
1444 1098 1488 1132 ita
1515 1095 1692 1141 reponendi
1714 1096 1748 1129 in
1774 1094 1893 1141 gradus
1919 1095 1966 1129 sui
1987 1094 2052 1131 ho-..

1163 1158 1276 1181 norem
1287 1158 1325 1181 ac
1337 1147 1552 1183 ministerium
1566 1149 1582 1179 ἒ
1609 1147 1779 1181 Praemittit
1790 1145 1947 1180 Pontifex
1970 1156 2054 1182 cun-v

1162 1197 1220 1230 etis
1231 1195 1316 1240 apud
1326 1198 1507 1232 Haereticos
1519 1197 1693 1233 Ordinatis
1703 1195 1766 1231 esse
1788 1196 1898 1229 laesum
1919 1207 1958 1229 ac
1980 1206 2050 1229 mas

1162 1246 1308 1281 cularum
1325 1247 1382 1281 ista
1396 1247 1540 1289 scabiosa
1553 1259 1654 1282 manu
1664 1255 1782 1290 caput,
1807 1257 1890 1290 opus
1912 1246 1975 1288 effe
1985 1255 2052 1278 me-

1163 1296 1272 1331 dicina
1297 1298 1517 1340 poenitentiae,
1545 1296 1685 1340 ideoque
1711 1296 1838 1334 nullam
1864 1296 1952 1339 spem
1978 1294 2052 1329 reti-

1166 1346 1266 1381 nendi
1279 1358 1334 1383 aut
1346 1348 1523 1392 recipiendi
1536 1346 1671 1382 honoris
1685 1371 1692 1379 .
1719 1346 1819 1380 Hanc
1831 1345 1979 1379 adfirmat
1988 1344 2052 1379 esse

1165 1397 1284 1431 avitam
1297 1407 1396 1441 atque
1422 1397 1630 1433 immobilem
1652 1396 1800 1431 Ecclefiae
1820 1393 2026 1438 disciplinam
2039 1418 2052 1434 ‚

1165 1446 1312 1490 adeoque
1324 1448 1491 1489 propositae
1503 1446 1669 1489 quaestioni
1679 1456 1747 1479 non
1759 1445 1821 1478 effe
1833 1444 1945 1481 locum
1962 1469 1969 1475 .
1990 1444 2054 1477 Re-

1167 1497 1275 1539 posuit
1288 1495 1365 1529 vero
1378 1495 1503 1536 Rufus,
1531 1507 1597 1529 eum
1607 1501 1658 1537 qui
1671 1494 1805 1528 bonorem
1826 1493 1921 1535 amifit
1933 1517 1943 1532 ‚
1968 1492 2058 1526 hono-i

1168 1556 1231 1579 rem
1241 1546 1314 1578 dare
1325 1557 1383 1578 non
1388 1546 1464 1588 poffb
1475 1570 1486 1586 ‚
1513 1556 1564 1578 nec
1572 1546 1657 1579 illum
1668 1544 1786 1586 aliquid
1804 1543 1937 1586 accepiffe
1949 1566 1960 1582 ,
1986 1542 2057 1585 quia

1167 1594 1246 1627 nibil
1253 1599 1286 1628 in
1297 1596 1389 1629 dante
1400 1604 1465 1628 erat
1478 1620 1489 1636 ‚
1516 1596 1597 1638 quod
1608 1596 1656 1628 Ille
1665 1595 1754 1638 poffet
1777 1599 1905 1635 accipere
1916 1617 1923 1624 .
1950 1592 2056 1626 Dam-

1168 1655 1263 1679 natos
1276 1657 1313 1680 ac
1326 1645 1518 1689 proscriptos
1539 1645 1579 1679 ab
1596 1644 1738 1680 Ecclesia
1761 1643 1943 1678 Haereticos
1969 1642 2061 1686 Epist

1168 1706 1270 1738 copos
1281 1696 1326 1729 ait
1340 1696 1433 1736 omni
1451 1695 1638 1739 Episcopali
1660 1693 1820 1739 potestate
1835 1703 1974 1734 exutos,
1999 1691 2056 1728 dae·

1169 1753 1222 1779 tos
1241 1745 1282 1779 ab
1303 1745 1377 1788 ipsis
1397 1745 1537 1781 Ordines
1559 1747 1620 1779 effe
1643 1744 1751 1779 irritos
1770 1743 1805 1777 &
1830 1742 1938 1776 nullos
1961 1767 1972 1783 ‚
1998 1753 2061 1776 nec

1169 1794 1383 1838 reparandos,
1398 1795 1466 1829 'sed
1489 1795 1655 1829 iterandos
1677 1819 1688 1835 ,
1715 1804 1821 1836 neque
1844 1792 1877 1827 id
1902 1791 2062 1827 adversari

1170 1844 1417 1886 Ecclesiasticae,
1437 1857 1506 1889 quae
1532 1846 1674 1889 primum
1700 1844 1897 1883 dumtaxat,
1923 1853 1992 1876 non
2017 1842 2061 1876 se-

1170 1893 1312 1928 cundum
1336 1905 1443 1936 vetat,
1470 1895 1648 1938 disciplinae
1669 1918 1676 1926 .
1704 1892 1921 1928 paulianistas
1945 1892 2036 1926 enim
2051 1915 2066 1932 ,

1170 1944 1310 1989 ideoque
1331 1945 1366 1980 ἃ.
1385 1945 1466 1980 alios
1487 1945 1617 1987 quosvis
1638 1943 1782 1981 invalide
1796 1941 1978 1982 Ordinatos
1990 1943 2065 1976 Hae-

1170 1995 1343 2029 reticorum
1367 1995 1515 2033 Clericos
1533 1994 1710 2029 reordinari
1721 1992 1837 2031 diserte
1854 1992 1993 2037 permisit
2006 1993 2063 2035 Sy-

1170 2044 1277 2080 nodus
1301 2044 1455 2079 Nicaena.
1491 2044 1584 2093 Qin
1608 2046 1642 2079 &
1662 2043 1799 2079 eandem
1824 2042 1989 2087 Regulam
2010 2053 2066 2076 va-

1170 2093 1235 2128 lere
1257 2094 1341 2137 juffit
1365 2094 1399 2131 in
1419 2094 1634 2133 Diaconiffis.
1662 2095 1719 2129 Ad
1742 2106 1812 2137 quae
1823 2092 2064 2131 Innocentius:

1171 2143 1407 2187 Aequiescimus‚
1433 2146 1468 2178 ό·
1494 2156 1597 2178 verum
1622 2144 1660 2185 est
1673 2170 1681 2178 .
1711 2145 1800 2177 Certe
1824 2149 1876 2185 qui
1913 2154 1972 2175 non
2010 2141 2062 2174 ba-

1170 2194 1236 2230 buit
1252 2218 1264 2233 ,
1300 2195 1373 2228 dare
1411 2205 1468 2227 non
1489 2199 1587 2236 potuit
1610 2219 1617 2225 .
1655 2197 1885 2227 Damnationem
1921 2197 2025 2234 utique
2050 2216 2062 2232 ‚

1171 2255 1259 2286 quam
1272 2242 1377 2276 babuit
1389 2268 1399 2284 ‚
1407 2252 1464 2285 per
1470 2251 1723 2286 pravammanus
1731 2241 1942 2286 impofitionem
1953 2242 2039 2275 dedit
2052 2268 2058 2273 .

1170 2298 1216 2329 Et
1239 2299 1290 2336 qui
1308 2298 1460 2336 particeps
1483 2294 1602 2335 effec‘t'us
1622 2294 1662 2334 est
1684 2295 1828 2329 damnato
1855 2293 1997 2335 quomodo
2011 2292 2064 2326 de-

1170 2345 1240 2380 beat
1250 2344 1383 2382 bonorem
1404 2350 1531 2386 accipere
1544 2369 1553 2382 ,
1580 2349 1798 2381 invenirenon
1811 2343 1938 2386 poffum.
1965 2342 2058 2382 Fate-

1151 2422 1152 2428 ,
1169 2403 1220 2428 tur
1229 2395 1465 2430 Ordinationes
1478 2394 1550 2430 istas
1569 2395 1632 2427 effe
1654 2393 1908 2428 substantialiter
1925 2391 2033 2426 nullas
2049 2415 2061 2431 ,

1169 2444 1261 2480 addit
1301 2454 1409 2478 tamen
1434 2444 1539 2480 iterari
1555 2454 1621 2478 non
1646 2445 1752 2488 pone,
1778 2443 1867 2488 quod
1879 2453 1991 2482 earum
2013 2443 2064 2475 su-

1170 2495 1292 2538 sceptio
1305 2495 1402 2528 fuerit
1412 2494 1533 2529 crimen
1549 2494 1783 2538 &contagium
1798 2518 1809 2534 ,
1820 2493 1973 2529 damnata
1984 2491 2061 2525 dan·

1169 2544 1212 2579 tis
1223 2545 1300 2580 vitia
1314 2544 1530 2579 traducensin
1545 2544 1780 2586 accipientem,
1808 2543 1915 2587 ipsum
1938 2542 2062 2576 faciens

1169 2595 1371 2630 maculosum
1393 2619 1403 2634 ,
1422 2594 1570 2636 adeoque
1589 2593 1624 2630 ,δε
1647 2591 1800 2637 perpetuo
1828 2592 2035 2638 irregularem
2051 2615 2059 2626 ,-

1169 2645 1345 2681 Nicaennm
1374 2644 1568 2684 Canonem‚
1597 2644 1725 2687 quifive
1748 2642 1789 2686 de
1812 2641 2063 2679 Novatianensi-

1169 2694 1229 2729 bus
1241 2718 1252 2734 ‚
1278 2695 1343 2728 sive
1357 2692 1397 2727 de
1410 2694 1616 2731 Paulianistis
1628 2693 1758 2734 statuit,
1784 2695 1829 2727 ait
1839 2694 1931 2727 fuisse
1944 2693 2059 2735 singu-

1172 2745 1269 2779 larem
1283 2745 1443 2789 gratiam,
1470 2755 1538 2778 non
1561 2744 1746 2788 generalem
1775 2743 1918 2788 regulam
1934 2766 1944 2781 ,
1971 2741 2060 2778 ideo,-

1171 2806 1234 2838 qvue
1251 2803 1342 2830 extra
1362 2794 1439 2827 istos
1463 2793 1583 2827 limites
1607 2805 1674 2828 non
1699 2794 1785 2837 posse
1797 2791 1949 2827 extendi.
1978 2791 2059 2833 Erat

1170 2844 1330 2888 responsio
1367 2845 1583 2888 peremptoria
1604 2868 1615 2883 ,
1655 2853 1798 2877 attamen
1838 2841 1946 2877 Rufus
1989 2850 2056 2878 non

1170 2894 1354 2938 acquievit,
1379 2894 1538 2938 replicans
1550 2907 1562 2931 ;
1589 2898 1666 2927 Vera
1676 2893 1799 2935 acjusta
1815 2895 1939 2935 legitimi
1960 2891 2058 2926 Sacer.-

1171 2946 1248 2977 dotis
1267 2944 1425 2977 benedicere
1444 2944 1543 2986 atqvert
1564 2955 1646 2976 omne
1668 2950 1777 2977 vitium
1801 2967 1811 2983 ,
1838 2942 1917 2983 quod
1936 2942 1956 2972 ἃ
1971 2944 2061 2973 vitio-

1167 2994 1199 3037 sb
1217 2994 1327 3035 suerat
1352 2994 1492 3035 injec‘lum
1516 3019 1523 3026 .
1562 2995 1672 3037 Loqui
1697 2993 1822 3028 videtur
1842 2990 1883 3024 de
1910 2987 2056 3023 invalide

1170 3044 1268 3077 etiam
1295 3044 1381 3087 apud
1409 3044 1592 3077 Haereticos
1617 3042 1789 3084 baptizatis
1814 3065 1825 3080 ‚
1852 3039 1990 3081 ideoque
2019 3040 2054 3072 in

1170 3093 1310 3127 Ecclesia
1347 3092 1523 3127 Catholica
1545 3103 1611 3126 non
1641 3090 1771 3125 tantum
1799 3086 2024 3132 reordinandis
2045 3113 2057 3130 ,

1170 3142 1266 3177 sed&
1278 3141 1513 3184 rebaptizandis
1527 3166 1533 3172 .
1562 3141 1687 3179 Eorum
1701 3139 1816 3177 delicta
1836 3139 1949 3180 omnia
1961 3138 2057 3176 adfir-

1171 3202 1238 3227 mat
1258 3191 1321 3225 esse
1341 3192 1375 3224 in
1400 3198 1539 3228 veterem
1561 3188 1752 3231 hominem,
1779 3190 1963 3223 nonfacere
1982 3189 2055 3224 irre-

1171 3244 1337 3288 gularem,
1362 3240 1474 3282 juncto
1488 3249 1625 3283 utroque
1645 3239 1923 3277 istoSacramento
1947 3239 2054 3272 remit-

1171 3293 1217 3332 ti,
1244 3302 1280 3325 ac
1293 3289 1386 3333 plene
1394 3290 1542 3334 purgari.
1571 3290 1703 3324 Etenim
1727 3289 1768 3323 de
1789 3289 1954 3333 quibusvis
1978 3298 2053 3331 ante

1173 3340 1337 3383 Baptisma
1372 3339 1548 3374 commiffis
1570 3339 1760 3382 criminibus
1785 3339 1827 3374 ad
1862 3338 2051 3374 Nestarium

1177 3389 1587 3437 Constantinopolitanum
1614 3389 1781 3426 novellum
1797 3389 1993 3440 Episcopum·¹
2006 3383 2055 3427 dir,

1549 3441 1584 3474 O
1633 3451 1658 3479 2
1954 3443 2006 3468 xit
