2352 3736
506 152 829 182 SECUNDUM
862 137 1172 182 ROMANUM
1208 134 1595 178 ConctttuM.

224 224 333 259 mittat
341 220 478 261 veritas,
505 219 539 254 in
564 219 764 255 Eucharistia
778 221 906 254 asserere
915 218 961 253 est
974 219 1103 252 asserere

222 272 292 309 illic
300 283 371 306 non
385 271 633 306 Elementorum
646 271 766 314 species
778 295 790 311 ,
805 270 858 304 sed
874 270 973 312 ipsam
987 266 1103 303 Domi-

223 322 459 367 niciCorporis
487 321 521 355 ὅτ.
547 321 724 365 Sanguinis
749 319 958 354 substantiam
979 316 1103 352 anobis

221 370 413 407 immediate
426 369 670 411 sumi,dividi,
693 382 730 404 ac
739 369 853 414 tangi.
883 368 962 402 Hoc
974 377 1102 412 putatus

220 421 269 457 est
297 423 417 457 sentire
443 418 652 461 Paschasius,
677 420 823 462 adeoque
844 418 909 453 labi
933 418 1102 452 carnaliter

219 483 299 507 cum
313 471 545 517 Capharnaitis
556 496 564 503 .
592 469 775 505 Laudatum
788 469 829 502 de
840 468 1054 502 Sacramentis
1066 468 1103 501 li-

220 521 318 557 brum
329 531 488 557 memorat
498 522 598 555 etiam
610 520 644 553 in
659 518 774 552 litteris
788 518 828 552 ad
839 518 1080 563 Fredegardum
1091 541 1101 557 ,

221 572 426 617 affirmatque
435 570 570 607 cuilibet
581 579 678 612 puero
691 593 702 608 ‚
728 566 760 600 id
781 568 851 609 est,
877 569 1002 612 vulgari
1029 567 1101 600 Ple-

221 622 258 656 bi
269 646 280 662 ,
306 634 344 658 ac
356 623 428 667 ipsis
440 621 538 655 etiam
549 619 654 662 pueris
669 618 855 652 dedicatum
869 643 875 650 .
904 617 948 650 Et
963 616 1101 658 Anony*

221 683 295 706 mus
306 683 361 716 per
370 671 577 706 Ludovicum
589 667 821 702 Cellotiumex
833 667 946 711 Jacobi
957 668 1102 701 Sirmon-

220 722 257 756 di
269 722 393 756 Musoeo
404 719 557 763 vulgatus
571 718 746 762 Apologus
767 718 879 752 scribit
891 731 902 751 .·
929 715 1100 760 Paschasius

221 771 403 811 leutbertus,
429 779 548 813 rogatus
561 774 704 802 interirem
714 779 756 801 an
760 776 944 810 provocatus
958 789 968 804 ‚
988 764 1103 809 scripsit

219 823 259 854 de
268 820 370 854 eadem
378 831 412 853 re
424 842 434 858 ,
455 813 572 862 ‘utique
589 818 630 852 de
650 817 885 857 sacramentis,
907 816 1040 850 libellum
1060 816 1104 848 ad

220 878 334 904 ventrem
344 868 413 910 fer&
422 870 555 911 capitula
568 892 578 907 ,
598 867 677 910 faits
705 869 826 901 utilem.
853 866 1015 901 Cellotius
1038 866 1101 900 exi-

218 919 329 953 stimat
360 919 452 953 suiffe
475 916 677 952 Antidotum
706 918 760 952 seu
782 916 932 952 libellum
952 915 1104 952 Catechi-

219 968 336 1002 sticum
359 980 417 1012 pro
435 967 574 1011 fimplici
597 966 739 1011 populo.
767 966 882 1001 Hodie
906 966 1031 1001 exstans
1063 966 1104 1000 de

219 1018 394 1053 Dominici
415 1018 574 1061 Corporis
593 1019 628 1052 &
653 1019 827 1062 Sanguinis
846 1017 1010 1059 Mysterio
1024 1016 1103 1050 liber

219 1068 266 1103 est
279 1068 425 1103 solorum
434 1069 621 1103 duorum&
634 1069 755 1111 viginti
780 1067 936 1110 Capitum
949 1092 960 1108 ,
986 1066 1032 1101 est
1053 1067 1103 1100 de—

218 1117 390 1153 dedicatus
420 1118 557 1152 Placido
580 1117 702 1151 Abbati
731 1142 741 1157 ‚
768 1118 802 1151 δε
821 1118 955 1161 scriptus
978 1117 1018 1150 ad
1039 1118 1104 1159 ejus

219 1179 352 1212 preces,
377 1167 517 1212 ideoque
529 1167 690 1211 quidquid
716 1167 803 1201 dicat
825 1168 934 1202 David
953 1166 1105 1201 Blondel-

221 1218 274 1251 lus
286 1217 391 1254 homo
413 1215 617 1258 CaNinista,
644 1217 794 1251 videntur
816 1217 891 1251 libri
913 1217 947 1250 hi
964 1215 1104 1251 omnm&

218 1268 284 1301 esse
293 1268 405 1301 diversi
418 1293 425 1300 .
454 1267 547 1302 l’rior
559 1267 614 1301 ille
629 1268 734 1310 periit,
744 1277 797 1301 ant
810 1268 901 1306 latet,
913 1267 947 1300 ὅ(
960 1275 1104 1300 mentem

218 1318 310 1351 suam
345 1316 525 1351 distinffius
568 1318 601 1351 in
628 1319 699 1360 ipso
720 1318 872 1361 exposuit
897 1315 1104 1357 Paschasius,

218 1366 361 1410 ideoque
385 1368 470 1401 circa
493 1367 583 1401 illam
606 1378 667 1402 nos
684 1367 800 1411 grandi
824 1367 950 1401 lumine
960 1366 1104 1401 destituti

219 1428 290 1453 non
303 1417 469 1460 possumus
479 1429 548 1452 non
561 1415 700 1451 haesitare
710 1442 718 1448 .
982 1414 984 1417 ’

269 1467 357 1517 Qae
368 1467 526 1507 omniain
539 1468 594 1501 sua
604 1466 645 1501 ad
661 1466 817 1500 carolum
837 1467 979 1501 Calvum
1004 1468 1105 1501 Fran-

219 1527 336 1552 corum
360 1517 487 1562 Regem
509 1516 656 1560 Epistola
676 1516 845 1560 insigniter
866 1517 1041 1550 confirmat
1062 1517 1105 1549 fa-

218 1567 332 1602 mosus
344 1565 552 1601 Bettramnus
564 1590 575 1606 ,
601 1567 655 1600 seu
679 1565 863 1599 Bertramni
890 1565 1028 1599 nomine
1045 1565 1105 1599 cir-

220 1617 402 1649 cumtestus
411 1615 554 1659 Ioannes
563 1616 682 1650 Sc0tus
695 1629 706 1648 .·
734 1618 816 1648 Dum
830 1617 955 1658 quidam
971 1615 1105 1658 fidelium

219 1669 359 1707 Corporis
385 1663 598 1710 Sanguinisque
620 1668 842 1699 Sacramentum
860 1689 871 1705 ,
897 1668 979 1708 quod
995 1672 1028 1698 in
1048 1669 1107 1698 Ec·

217 1713 297 1756 desta
306 1716 436 1758 quotidie
445 1715 627 1756 celebratur,
657 1716 759 1748 dicunt
780 1716 861 1757 quod
888 1716 972 1749 nulla
989 1713 1046 1758 sub
1067 1717 1105 1758 fi-

214 1775 294 1809 gura
303 1789 314 1805 ,
344 1765 427 1798 nulla
437 1764 494 1808 sub
506 1765 686 1798 obvelatione
693 1764 751 1806 fiat
762 1786 773 1802 ,
792 1762 851 1807 sed
861 1764 948 1807 ipsius
963 1770 1104 1798 ¹veritatis
1117 1743 1120 1814 i

217 1820 301 1847 mani
318 1813 453 1854 efflatione
462 1822 639 1858 peragatur,
651 1814 774 1856 quidam
786 1817 856 1847 verb
869 1815 1013 1855 testantur
1027 1815 1121 1863 quodi

218 1862 343 1906 baecsub
354 1864 478 1903 Mysterii
487 1864 587 1908 figura
597 1869 798 1896 contimantur
806 1889 817 1904 ‚
847 1866 881 1898 ὑ
889 1866 976 1899 aliud
976 1865 1015 1907 fit
1027 1866 1109 1908 quod

218 1919 345 1955 corporis
353 1912 484 1956 senfibus
516 1922 680 1956 appareat,
707 1914 794 1946 allud
815 1922 912 1948 autem
931 1916 1013 1958 quod
1026 1915 1106 1957 fides

215 1961 387 2006 adspiciat,
414 1974 470 1996 non
479 1971 583 2005 parva
591 1963 749 2005 diverfitas
765 1969 844 1997 inter
854 1976 902 1998 eos
932 1966 983 2008 effe
1005 1967 1106 2008 digno-

211 2011 306 2058 scitur
317 2037 324 2044 .
350 2012 499 2048 Priorem
512 2013 713 2048 calumniose
724 2012 895 2050 paschasio
919 2015 1080 2050 Ratberto
1094 1995 1120 2074 ,Ξ

213 2063 431 2107 posteriorem
467 2064 660 2097 sententiam
683 2063 838 2097 veraciter
863 2065 1015 2099 adscribit
1041 2066 1119 2111 Ra<

218 2113 308 2146 bano
331 2112 453 2147 Mauro
471 2137 478 2145 .
505 2113 663 2148 Notanda
683 2114 774 2147 enim
799 2115 873 2148 sunt
895 2113 963 2150 haec
984 2115 1079 2150 verba
1093 2129 1120 2166 εἰ

219 2164 315 2205 ‚Quod
333 2161 395 2197 baec
411 2162 467 2207 sub
489 2162 612 2204 Mysterii
634 2162 732 2207 figura
752 2170 978 2199 contineantur.
1008 2164 1119 2199 Clare³

219 2213 382 2246 affirmant
420 2212 595 2248 Rabanum
617 2213 658 2247 de
681 2212 883 2248 Eucharistia
907 2217 1027 2249 testum
1049 2191 1119 2259 per.

215 2261 331 2295 omnia
353 2263 474 2297 sensisse
489 2289 495 2294 .
522 2264 634 2311 Qm
646 2263 687 2296 de
699 2261 870 2298 Paschasio
884 2276 1013 2308 pravam
1035 2267 1105 2309 opi·

217 2311 355 2346 nionem
369 2311 483 2346 habuit
504 2313 540 2347 in
563 2313 680 2346 litteris
699 2312 741 2346 ad
764 2313 960 2357 Magistrum
983 2314 1104 2350 Asceli-

215 2372 298 2394 num
317 2362 417 2396 etiam
439 2363 671 2408 Berengarius:
700 2360 869 2404 Paschafius
877 2363 954 2406 fhlus
960 2363 1015 2407 fibi
1040 2377 1103 2399 con-

207 2410 302 2455 fingit
313 2414 499 2446 Sacramenta
520 2416 667 2446 Dominici
691 2416 833 2455 Corporls
854 2416 991 2448 decedere
1007 2422 1115 2463 panis¹

215 2465 334 2494 omnino
345 2461 561 2505 substanciam.
588 2464 669 2496 Hoc
698 2463 741 2496 est
758 2487 769 2503 ,
795 2463 1007 2500 substantiam
1026 2465 1115 2502 cum*

215 2512 372 2546 omnibus
382 2513 446 2547 suis
461 2514 562 2548 etiam
574 2512 795 2547 accidentibus
809 2538 816 2546 .

264 2695 479 2758 Exponitur
509 2697 625 2760 opinio
665 2696 1018 2759 stercoranistarum
1038 2734 1053 2745 .

207 2852 209 2854 v
213 2808 414 2894 Optimi
429 2809 585 2845 pasc-hasii
594 2811 807 2848 -Adversarios
820 2816 928 2858 prodit
943 2817 1022 2852 item
1045 2829 1101 2860 pu-

338 2860 476 2894 blicatus
489 2871 542 2902 per
553 2860 757 2897 Ludovicum
770 2864 950 2900 Cellotium
976 2868 1101 2901 Auaor

219 2909 418 2953 Anonymus
442 2923 453 2942 .·
489 2911 536 2943 De
556 2910 681 2949 Mysterio
711 2919 848 2954 Corporis
871 2917 905 2949 (θ’
939 2919 1100 2960 Sanguinis

218 2962 336 2993 Domini
356 2961 480 3003 quidam
517 2960 618 2992 dicum
644 2962 723 2994 idom
736 2964 791 3006 esse
816 2966 897 3006 quod
916 2964 1045 3008 sumitur
1063 2969 1101 3001 de

219 3010 319 3043 Altari
341 3034 352 3050 ,
388 3011 468 3052 quod
500 3011 535 3043 <5
570 3010 648 3042 illud
667 3014 746 3052 quod
763 3023 869 3046 natum
887 3015 925 3054 est
944 3027 981 3049 ex
1005 3020 1098 3061 Virgi-

217 3071 275 3093 ne:
303 3061 359 3092 Alii
378 3069 475 3093 autem
497 3070 625 3103 negant,
653 3061 687 3093 Θ
708 3062 810 3094 dicunt
825 3066 909 3096 aliud
923 3067 994 3107 effe.
1021 3069 1099 3110 ,Qui-

219 3110 392 3142 dametiam
412 3109 566 3142 Diabolica
578 3109 767 3153 inspiratione
788 3112 994 3155 blasphemant
1009 3115 1100 3158 seces-

214 3158 268 3202 sui
288 3159 443 3192 obnoxium
455 3158 524 3200 fore
544 3185 553 3192 .
581 3161 693 3194 Hosce
715 3160 903 3203 posteriores
919 3166 1099 3207 gravissime

217 3209 363 3252 increpat
383 3209 417 3241 &
442 3219 559 3250 notat,
583 3220 679 3253 atque
696 3210 845 3254 adjungit
863 3225 869 3243 :
896 3215 940 3243 Et
961 3214 1010 3246 his
1034 3223 1100 3257 qui·

216 3260 287 3292 dem
307 3281 317 3296 ,
342 3263 394 3300 qui
417 3258 556 3291 dixerunt
572 3258 687 3303 frcessui
705 3260 858 3294 obnoxium
877 3286 889 3303 ‚
924 3265 1006 3304 quod
1025 3276 1098 3298 nun·

218 3320 308 3349 quam
318 3309 408 3341 anteri
423 3306 459 3346 est
469 3310 604 3341 auditum
616 3334 626 3349 ‚
651 3310 732 3352 idest
742 3336 752 3351 ‚
775 3312 934 3345 Heribaldo
945 3313 1096 3355 Autisi‘odo-

220 3357 297 3398 renfi
315 3356 477 3400 EpiscopO,
503 3364 552 3400 qui
572 3366 698 3401 turpiter
718 3361 867 3404 proposuit
882 3387 893 3402 ‚
918 3365 951 3396 (rt
972 3365 1095 3398 Rabano

222 3410 391 3451 Moguntino
409 3433 419 3448 ‚
445 3413 495 3450 qui
514 3409 628 3450 turpius
650 3410 792 3453 assum-Pffl
812 3437 824 3454 ,
851 3414 1005 3454 turpffmi
1024 3418 1093 3449 vero

316 3458 416 3498 ,Christ
420 3483 424 3489 .
431 3462 513 3500 Lupi.
519 3463 600 3501 Oper.
606 3463 702 3493 TomJ
701 3465 734 3493 V.

1878 147 1973 195 243

1164 216 1292 258 conclusit
1317 241 1329 258 ,
1372 215 1447 260 suus
1484 218 1528 250 ad
1559 215 1792 261 respondendum
1836 218 1913 252 locus
1942 217 2044 262 serve-

1164 276 1229 300 tur.
1258 266 1419 301 Paschasii
1446 267 1594 302 adversus
1623 267 1800 312 Erigenam
1813 267 2043 304 libet-omnem

1164 328 1244 350 mox
1256 317 1493 360 perambulavit
1514 317 1658 352 Galliam
1672 341 1684 358 ‚
1711 318 1797 352 varia
1815 318 1983 353 variorum
1995 320 2046 354 su-

1166 366 1226 400 biit
1236 366 1357 409 judicia
1370 392 1381 407 ,
1407 378 1504 412 atque
1515 368 1560 402 ita
1575 368 1662 412 apud
1672 366 1891 402 Heribaldum
1903 381 1943 402 ex
1963 370 2041 404 San-

1162 417 1203 449 <sti
1220 417 1377 451 Germani
1398 417 1572 452 Monacho
1590 417 1892 452 Autifiodorensem
1914 418 2047 462 Episco-

1163 478 1240 509 pum
1260 467 1301 501 de
1324 468 1449 511 negatis
1478 468 1766 502 Sacramentalium
1794 468 2046 504 Elementorum

1162 516 1291 550 residuis
1301 517 1543 558 accidentibus,
1570 518 1717 560 adeoque
1739 519 1772 552 δε
1793 517 1835 552 de
1853 519 2046 553 resuscitato

1162 565 1453 611 Capharnaitarum
1465 567 1586 601 carnali
1612 578 1716 602 errore
1736 578 1864 603 reatum
1886 569 2045 609 incurrit,

1160 626 1216 650 aut
1228 627 1358 661 gravem
1383 617 1468 651 certe
1492 616 1708 659 suspicionem
1722 641 1732 657 ‚
1758 618 1901 661 ideoque
1922 619 1983 653 fuit
2004 619 2045 653 ad

1161 666 1290 700 Rabani
1303 666 1435 705 Mauri,
1464 678 1505 701 ex
1517 666 1668 700 Fuldenfi
1685 667 1857 701 Monacho
1874 668 2047 714 Mogunti-

1163 717 1196 749 ni
1209 714 1458 759 Archiepiscopi
1472 740 1484 756 ,
1508 716 1627 750 summi
1639 716 1675 749 in
1698 717 1875 751 Germania
1892 729 1929 753 ac
1951 718 2048 753 omni

1164 766 1302 799 Ecclesia
1324 766 1478 800 Dostoris
1502 790 1514 806 ,
1549 765 1709 809 judicium
1740 767 1938 800 transmissus
1957 794 1964 800 .
2003 770 2048 803 Et

1164 815 1319 850 Rabanus
1329 816 1393 849 fuit
1407 815 1550 857 ejusdem
1561 828 1638 850 cum
1650 813 1833 850 Heribaldo
1847 817 1967 850 mentis
1981 842 1988 848 .
2007 819 2047 851 ln

1163 865 1267 900 hocce
1288 866 1447 907 Mysterio
1471 877 1539 900 non
1560 866 1667 900 solum
1688 865 1832 900 Domini
1853 864 1983 910 Corpus
2014 868 2049 901 δε

1163 916 1361 961 Sanguinem
1377 917 1438 949 esse
1449 916 1563 950 docuit
1577 941 1588 956 ‚
1613 915 1808 960 sedinsuper
1817 917 2051 951 transmutato·

1163 978 1234 1000 rum
1255 965 1504 1000 Elementorum
1527 966 1648 1001 residua
1671 967 1737 1000 fine
1758 966 1895 1009 subjesto
1905 967 2052 1001 acciden-

1164 1016 1230 1056 tia,
1259 1017 1408 1051 accurate
1429 1015 1496 1051 haec
1518 1016 1750 1062 distinguenda
1765 1041 1776 1057 ,
1802 1017 1946 1050 Domini
1974 1017 2052 1051 Car·

1166 1078 1240 1100 nem
1258 1067 1291 1100 &
1317 1067 1517 1111 Sanguinem
1540 1065 1597 1100 sub
1623 1067 1687 1101 illis
1710 1067 1854 1101 omnin&
1887 1067 2050 1101 contineri

1164 1116 1414 1151 substantialiter
1439 1141 1450 1157 ,
1486 1117 1591 1161 ipsum
1614 1126 1724 1151 tamen
1748 1117 1908 1161 spirituali
1925 1116 2052 1151 dumta-

1166 1176 1219 1200 xat
1254 1167 1355 1201 modo
1378 1168 1396 1200 ὲ
1419 1167 1516 1201 nobis
1537 1167 1620 1200 sumi
1639 1168 1673 1201 δε
1698 1167 1813 1212 tangi,
1840 1167 2052 1210 corporaliter

1165 1218 1256 1261 tangi
1288 1216 1778 1252 &sumisolaistaaccidentiaz
1805 1217 1899 1262 tangi
1922 1216 2053 1250 &sumi

1165 1267 1305 1300 aliorum
1330 1267 1481 1301 ciborum
1506 1279 1598 1302 more
1616 1291 1627 1306 ,
1651 1268 1794 1312 ideoque
1818 1267 1852 1301 &
1867 1266 1983 1311 secessui
2004 1267 2056 1310 affe

1164 1316 1306 1350 obnoxia.
1335 1317 1479 1352 Addidit
1489 1317 1522 1352 id
1549 1317 1705 1352 Rabanus
1719 1342 1730 1358 ‚
1757 1328 1825 1362 quo
1847 1317 1984 1351 istorum
2005 1328 2057 1351 ac*

1166 1365 1345 1401 cidentium
1380 1368 1397 1401 a
1419 1370 1476 1401 suo
1511 1378 1672 1402 contento
1702 1368 1877 1402 discrimen
1897 1367 2059 1411 exprime·

1167 1427 1212 1450 ret
1228 1417 1367 1459 apertius
1377 1427 1476 1460 atque
1486 1417 1649 1452 efficacius
1666 1442 1673 1449 .
1700 1418 1750 1452 Ita
1762 1417 1885 1460 scripsit
1908 1417 1950 1451 ad
1973 1418 2053 1461 Egi-

1167 1466 1278 1500 lonem
1304 1465 1470 1500 Abbatem
1493 1491 1503 1507 ,
1531 1468 1638 1501 forsan
1661 1467 1940 1501 Flaviniacensem
1961 1489 1972 1504 ,
2007 1467 2060 1499 Se-

1169 1516 1350 1549 nonensem
1371 1516 1478 1558 postea
1504 1514 1803 1560 Archiepiscopum
1828 1541 1835 1547 .
1871 1514 1973 1551 Periit
2002 1526 2059 1549 aut

1166 1564 1244 1598 latet
1268 1564 1416 1608 Epistola
1439 1591 1446 1599 .
1475 1566 1576 1599 Hanc
1601 1575 1710 1600 tamen
1731 1567 1799 1609 ejus
1820 1566 1914 1599 fuisse
1934 1567 2064 1600 senten-

1167 1614 1246 1650 tiam
1258 1625 1456 1649 memoratus
1468 1616 1670 1659 Anonymus
1682 1617 1827 1660 Scriptor
1838 1615 1956 1650 diserte
1968 1615 2063 1650 testa-

1168 1676 1219 1698 tur
1231 1689 1239 1696 .
1266 1665 1310 1697 Et
1327 1666 1413 1698 certe
1424 1665 1561 1699 eandem
1576 1667 1676 1700 tradit
1692 1666 1846 1701 Rabanus
1858 1667 1893 1699 in
1917 1666 2008 1700 libris
2019 1665 2064 1700 de

1168 1714 1373 1748 institutione
1395 1715 1622 1750 clericorum:
1650 1717 1763 1750 Maluit
1784 1719 1930 1749 Dominus
1951 1721 2063 1758 Corpo-
2082 1715 2141 1746 Lib.
2157 1727 2221 1751 nc.

1164 1766 1427 1808 rts&5anguinis
1442 1763 1492 1807 sui
1517 1768 1742 1799 Sacramentum
1764 1766 1898 1808 fidelium
1923 1777 1970 1799 ore
1989 1774 2064 1808 per·
2079 1765 2129 1792 3¹·

1166 1819 1242 1855 cipi,
1270 1814 1472 1857 &inpastum
1483 1818 1682 1859 eorumredigi
1696 1841 1706 1856 ‚
1732 1825 1766 1849 ut
1773 1825 1830 1858 per
1854 1815 1965 1856 visibile
1987 1824 2062 1858 opus

1167 1863 1323 1905 invisibilis
1346 1865 1540 1905 ‹stenderetur
1569 1866 1689 1906 effec‘lus
1712 1892 1717 1898 .
1757 1867 1802 1900 Et
1823 1866 1910 1899 infra
1934 1879 1942 1898 :
1972 1867 2066 1899 Aliud

1167 1913 1204 1954 est
1244 1915 1467 1948 Sacramentum
1485 1940 1495 1955 ,
1529 1918 1617 1949 aliud
1637 1923 1738 1949 virius
1758 1918 1947 1949 sacramenti
1967 1941 1974 1949 .
2007 1919 2061 1950 Sa-

1166 1973 1350 1998 cramentum
1372 1971 1450 1998 enim
1472 1976 1517 1997 ore
1537 1971 1705 2007 percipitur
1721 1990 1731 2006 ‚
1758 1971 1872 1999 virtute
1884 1968 2061 2000 Sacramen-

1167 2020 1192 2047 ti
1210 2020 1331 2048 interior
1350 2013 1431 2047 homo
1448 2013 1603 2057 satiatur.
1633 2018 1858 2049 Sacramentum
1879 2021 1912 2048 in
1931 2018 2060 2050 alimen-

1166 2073 1231 2097 tum
1256 2069 1394 2106 Corporis
1420 2066 1565 2109 redigitur
1579 2090 1591 2107 ,
1616 2072 1729 2099 virtute
1748 2074 1847 2099 autem
1870 2069 2058 2100 Sacramenti

1166 2123 1280 2147 aeterna
1293 2121 1360 2148 vita
1371 2114 1566 2158 adipiscitur.
1594 2117 1836 2150 Sacramentum
1866 2117 1940 2150 sunt
1960 2118 2058 2150 trans-

1166 2174 1367 2198 mutatorum
1379 2166 1627 2199 Elementorum
1639 2165 1759 2200 residua
1771 2165 1954 2201 accidentia
1967 2180 1977 2199 .·
2006 2166 2057 2202 Ea

1166 2214 1247 2248 dicit
1259 2215 1292 2247 in
1304 2216 1447 2257 corporis
1460 2215 1654 2249 alimentum
1666 2214 1768 2261 redigi
1782 2241 1793 2256 ‚
1814 2216 1962 2261 adeoque
1975 2217 2056 2250 &in

1165 2265 1335 2298 secessum.
1354 2263 1410 2298 Ab
1424 2265 1524 2299 hocce
1537 2276 1644 2299 tamen
1659 2266 1759 2301 verbo
1772 2265 1946 2307 abstinuit,
1963 2265 2054 2310 quod

1165 2316 1303 2357 partium
1324 2315 1498 2350 contentio
1522 2326 1602 2350 tunc
1623 2317 1729 2360 ipsum
1753 2315 1938 2352 reddidisset
1960 2318 2054 2351 odio-

1164 2365 1234 2398 sum
1246 2366 1280 2398 ὅ(
1293 2365 1532 2399 scandalosum.

1212 2415 1366 2457 Ejusdem
1385 2416 1550 2450 sententiae
1572 2417 1666 2450 fuisse
1686 2416 1891 2453 Amalarium
1912 2419 2051 2452 affirmat

1163 2466 1379 2509 manuscripta
1417 2466 1591 2500 Guilielmi
1619 2467 1912 2502 Malmesberiensis
1936 2469 2051 2511 Epito-

1162 2527 1238 2555 me,
1274 2516 1307 2549 δε
1328 2517 1386 2549 suo
1411 2516 1451 2550 ad
1476 2518 1667 2551 Sannorum
1702 2517 1837 2551 Parrum
1865 2516 2051 2552 Bibliothe-

1160 2577 1233 2598 cam
1256 2563 1358 2599 indici
1391 2565 1483 2600 addit
1504 2567 1722 2611 Mangarinus
1744 2568 1774 2601 la
1797 2568 1921 2613 Bigne:
1953 2572 2051 2612 Magi-

1152 2615 1247 2655 strum
1259 2616 1382 2649 Florum
1403 2621 1435 2648 in
1457 2616 1655 2659 manuscripto
1681 2620 1775 2651 codice
1791 2625 1971 2660 perantiquo
1991 2619 2049 2660 legi

1159 2665 1281 2707 adfuiffle
1317 2668 1448 2699 Concilio
1480 2666 1670 2708 carisiacensi
1685 2694 1695 2709 ,
1732 2669 1910 2710 temporibus
1947 2668 2048 2699 Caroli

1160 2716 1252 2748 Calvi
1277 2740 1288 2755 ,
1323 2717 1355 2748 (zi
1371 2715 1507 2759 scripfiffe
1528 2727 1627 2750 contra
1652 2720 1837 2751 Amalarium
1868 2721 2049 2761 Lugdunen-

1154 2765 1236 2809 sem.
1266 2764 1321 2798 Ab
1334 2765 1504 2800 Amalario
1521 2767 1704 2801 Fortunato
1721 2793 1731 2808 ‚
1756 2767 1912 2801 librorum
1935 2766 1976 2801 de
2000 2767 2049 2800 di-

1161 2816 1246 2849 vinis
1257 2816 1386 2849 Officiis
1395 2817 1536 2851 Austore
1546 2828 1660 2859 ‚quem
1672 2819 1717 2851 ait
1727 2818 1820 2852 fuisse
1832 2819 2046 2857 Germanum,

1160 2867 1192 2900 ὅ(
1204 2878 1244 2900 ex
1257 2867 1457 2900 Lexovienfi
1470 2867 1644 2902 Monacho
1660 2868 1951 2911 Archiepiscopum
1963 2867 2047 2901 Tre-

1161 2917 1319 2950 virensem
1332 2941 1342 2956 ‚
1370 2916 1458 2950 hunc
1472 2916 1676 2951 Amalarium
1689 2929 1833 2961 patenter
1844 2917 2018 2960 distinguit
2031 2941 2042 2957 ,

1162 2966 1352 3010 videturque
1369 2967 1511 3001 omnino
1540 2967 1787 3012 distinguendus
1807 2993 1817 3008 ,
1852 2968 1893 3000 de
1927 2978 1989 3010 qua
2011 2978 2045 3001 re

1162 3016 1330 3049 videantur
1343 3028 1414 3060 quae
1426 3018 1466 3051 ad
1478 3019 1652 3059 septimum
1666 3018 1830 3061 Spicilegii
1844 3018 1891 3050 sui
1915 3026 2042 3050 tomum

1161 3067 1305 3109 praefatur
1344 3067 1451 3100 Lucas
1492 3066 1673 3099 Dacherius
1694 3092 1700 3097 .
1743 3067 1780 3100 ln
1819 3065 2038 3101 Godescalchi

1160 3113 1319 3149 Monachi
1344 3116 1490 3149 Historia
1513 3116 1649 3158 Jacobus
1665 3117 1838 3156 U-sserius,
1871 3116 1956 3160 apud
1973 3115 2045 3150 An·

1158 3167 1324 3211 glicanum
1337 3164 1482 3199 Schisma
1495 3164 1763 3209 Archiepiscopus
1785 3166 2013 3202 Armachanus
2029 3192 2042 3208 ,

1157 3216 1301 3250 nostrum
1337 3213 1542 3249 Amalarium
1577 3228 1653 3250 cum
1689 3217 1804 3251 Sansto
1826 3217 1952 3251 Amulo
1988 3219 2040 3250 seu

1156 3265 1323 3299 Amulone
1358 3265 1573 3310 Lugdunensi
1611 3266 1869 3311 Archiepiscopo
1903 3268 2041 3302 confun-

1153 3316 1202 3350 dit
1215 3340 1226 3356 ,
1246 3326 1344 3357 quem
1365 3315 1427 3349 este
1457 3317 1528 3350 viro
1548 3316 1830 3362 dobioindignum
1845 3327 1983 3352 errorem
1994 3326 2040 3347 re-

1153 3364 1200 3400 ἃὲ
1223 3364 1360 3399 advertit
1381 3368 1415 3399 in
1437 3366 1579 3409 ejusdem
1599 3366 1760 3402 Monachi
1794 3368 1942 3402 Historia
1966 3364 2039 3397 Gil-

1154 3415 1260 3451 bertus
1293 3415 1500 3461 Manguinus
1522 3439 1532 3454 ‚
1562 3427 1670 3452 errans
1704 3427 1814 3454 tamen
1847 3417 1881 3451 &
1907 3415 1973 3456 ipse
2003 3414 2038 3448 'm
2059 3411 2132 3449 Cap·
2150 3414 2193 3440 ¹8·

1447 3465 1483 3500 H
1505 3464 1527 3500 h
1578 3478 1601 3504 2
1900 3463 1989 3498 hisce
