2352 3736
945 92 967 136 I
1038 91 1087 136 ri
1159 90 1205 133 Ι)
1277 92 1314 136 I}
1384 94 1454 135 ἒξ.

322 175 589 218 autconservatio
602 174 666 220 legi
681 173 728 207 nil
742 171 940 206 adversatur.
1074 169 1153 206 ibid.

272 228 453 262 Bafileensis
470 226 620 269 Synodus
645 250 656 266 ‚
681 224 842 269 generalis
863 222 992 267 Synodi
1018 224 1154 256 nomine

321 277 474 323 indigna.
1065 270 1119 308 81-
1137 283 1150 307 1

271 327 412 363 Bafilicae
423 325 656 372 patriarchales
669 327 741 359 sunt
755 325 872 359 Romae
884 324 1028 368 quinque
1041 335 1050 365 3
1079 333 1154 366 qua-

319 390 392 412 rum
405 379 560 421 praecipua
575 377 619 411 est
633 375 872 410 Lateranenfis.
1036 381 1113 417 204.
1132 383 1152 407 2

270 427 477 462 Beatificatio
491 427 597 461 differt
609 427 625 459 a
637 426 903 460 canonizatione
915 447 923 456 .
951 422 1068 457 Hodie
1078 422 1151 456 Sedi

322 477 522 521 Apostolicae
534 478 707 510 reservatur
722 502 728 508 .
753 484 757 487 ”
1038 478 1118 515 265.
1133 482 1153 506 2

273 519 425 573 Belgium
451 527 613 560 Romanis
637 527 720 560 olim
742 537 807 559 una
833 523 1039 565 Provincia;
1065 522 1154 563 cujus

321 577 511 620 metropolis
523 570 615 610 erant
628 575 780 610 Treviri.
807 576 904 609 Facu
918 571 1091 617 postmodo
1106 572 1149 605 di-

321 629 399 661 visio
423 628 456 660 in
472 627 608 669 primam
629 624 849 665 &secundam
865 624 1049 668 Belgicam.
1087 622 1152 654 Pri-

323 689 383 712 mae
403 676 627 720 Metropolis,
649 676 807 718 Treviri;
835 673 980 711 secunda:
1000 696 1010 712 ,
1036 671 1152 705 Remi.

323 737 401 763 202·
414 735 444 761 2.

272 776 358 812 Belli
370 778 481 812 Duces
498 777 578 810 olim
593 778 683 811 fuere
697 774 866 819 Episcopi.
896 783 970 818 171.
987 783 1015 807 1·
1037 771 1089 805 Ac
1101 771 1154 804 Sa-

321 827 469 861 cerdotes
498 828 539 860 ad
565 826 687 859 bellum
713 821 888 868 pugnaturi
916 822 1151 865 processerunt.

282 899 285 902 «
323 876 403 910 ibid.
418 876 574 910 Pontifex
584 876 755 909 Romanus
769 873 825 906 diu
840 872 946 905 milite
957 872 1059 904 caruit
1070 896 1079 912 ,
1094 882 1153 905 nec

323 930 398 960 usus
417 927 529 969 gladio
545 949 551 955 .
583 933 656 969 171.
672 936 701 960 2.
725 922 906 966 Gregorius
921 921 993 954 VIl.
1014 915 1152 954 militem

322 973 525 1016 conscripsit.
558 982 631 1019 172.
650 983 675 1007 1.
699 972 765 1005 Uti
785 972 899 1005 &Leo
913 982 1018 1004 nonus
1034 980 1107 1017 172.
1122 983 1151 1007 2.

323 1024 492 1057 lnstitutor
519 1023 653 1066 Papalis
679 1021 803 1055 militiae
829 1021 958 1054 videtur
970 1021 1063 1054 fuisse
1075 1020 1154 1053 Gre-

321 1074 434 1118 gorius
444 1075 549 1106 sextus
562 1097 569 1104 .
590 1072 665 1106 ibid.
682 1072 783 1118 Q¹0d
799 1071 987 1114 posteriores
1000 1072 1072 1104 sunt
1086 1071 1153 1103 imi-

323 1124 402 1158 tati.
431 1131 541 1169 173.1.
568 1122 604 1155 In
628 1122 761 1164 publico
790 1132 844 1163 per
872 1120 983 1154 urbem
1009 1120 1152 1163 proceffu

322 1183 446 1206 armata
460 1173 577 1206 militia
592 1171 697 1214 stipari
711 1172 810 1213 coepit
824 1171 1014 1205 Bonifa'cius
1029 1181 1148 1212 nonus.

322 1223 401 1257 ibid.
424 1223 494 1257 Leo
519 1234 626 1256 nonus
647 1232 806 1255 armatum
834 1221 928 1254 duxit
953 1220 1129 1254 exercitum
1145 1244 1152 1251 .

323 1272 361 1305 In
374 1273 484 1307 Gallia
505 1284 541 1306 ac
554 1272 729 1306 Germania
759 1283 825 1304 non
843 1272 937 1314 pauci
951 1268 1150 1313 Cataphrafti

321 1323 474 1366 Episcopi
499 1321 538 1356 ad
562 1322 714 1356 militiam
738 1323 811 1354 sunt
839 1321 972 1363 profesti
994 1345 1001 1351 .
1034 1330 1107 1367 173.
1125 1332 1155 1355 2.

297 1373 307 1383 ⁰
322 1372 445 1407 Militia
470 1370 718 1406 Cathedralium
744 1372 777 1405 ὅ(
795 1370 1021 1407 Abbatialium
1044 1369 1153 1403 Eccle-

321 1423 437 1457 fiarum
462 1423 480 1455 a
502 1424 624 1457 Carolo
645 1422 774 1466 Magno
799 1420 1000 1455 introducta.
1032 1429 1105 1466 174-
1125 1431 1148 1454 1-

323 1473 393 1507 Aut
405 1483 490 1507 certe
504 1473 673 1517 ampliata.
707 1480 780 1518 174-
795 1483 825 1506 2.
851 1470 1000 1514 Antiqua
1024 1469 1068 1503 est
1082 1468 1155 1503 Cle·

322 1524 464 1558 ricorum
487 1534 540 1567 per
563 1523 703 1566 proprias
726 1532 840 1555 manus
865 1522 897 1554 in
922 1519 1010 1554 bello
1022 1529 1132 1562 pugna
1147 1541 1154 1549 .

324 1581 401 1621 175.
420 1585 447 1609 1.
474 1574 511 1607 ln
525 1573 649 1606 Gallia.
681 1570 760 1604 ibid.
777 1571 816 1601 ln
829 1569 1008 1609 Hispania.
1040 1578 1115 1613 175.
1133 1575 1156 1600 2

319 1624 366 1657 Et
377 1618 735 1666 apudLongobardos.
767 1619 843 1663 176.
860 1628 888 1652 1.
910 1616 1022 1657 Coepit
1035 1616 1069 1647 in
1083 1616 1155 1647 Bel-

320 1671 378 1715 gio
395 1682 433 1705 ac
459 1669 595 1704 Francia
615 1667 779 1700 damnari.
810 1664 884 1710 176.
906 1675 931 1699 1.
947 1675 979 1699 2.
1002 1663 1084 1696 Non
1109 1662 1152 1695 est

321 1729 429 1753 tamen
454 1718 599 1751 sublatus
621 1715 735 1749 abusus
751 1738 758 1745 .
790 1721 908 1760 177.1.
933 1712 1052 1746 Iterum
1063 1711 1149 1745 dam-

321 1778 432 1803 natus.
459 1767 537 1801 ibid.
562 1767 642 1800 Non
661 1764 810 1798 cessavit.
843 1767 955 1807 17²7·2.
982 1762 1108 1795 Militia
1135 1769 1152 1803 ὲ

320 1820 435 1853 Leone
459 1828 550 1851 nono
560 1816 624 1860 jam
636 1816 780 1849 corresto
790 1812 1126 1847 clericisinterdicitur
1145 1844 1151 1851 ,

325 1867 400 1916 178.
419 1879 445 1903 1.
470 1868 544 1902 Nec
565 1877 674 1900 tamen
700 1863 789 1897 finis.
818 1862 895 1896 ibid.
918 1861 1046 1896 Abusus
1067 1873 1140 1898 non

321 1919 450 1952 tantum
472 1917 506 1950 in
528 1916 659 1955 Gallia,
682 1913 733 1948 sed
754 1912 853 1946 etiam
876 1912 1029 1956 grassatus
1046 1912 1080 1946 in
1094 1913 1153 1947 Ita·

319 1967 363 2001 lia
385 1967 573 2010 &Anglia.
601 1962 677 1998 ibid.
701 1962 829 1996 Bellum
854 1962 1054 1997 defenfivum
1075 1963 1155 1997 Cle·

320 2018 395 2051 ticis
422 2015 571 2059 permulti
596 2014 722 2046 licitum
743 2013 895 2045 censent.
926 2010 999 2060 178.
1026 2025 1057 2050 2·
1070 2013 1151 2047 Prae-

320 2066 380 2100 stat
396 2064 613 2100 nihilominus
624 2073 679 2100 eos
702 2072 880 2109 numquam
901 2064 1028 2107 propria
1050 2075 1148 2099 manu

326 2127 469 2161 pugnate
479 2141 487 2148 .
1036 2124 1112 2163 179.
1127 2127 1147 2152 2

271 2166 401 2203 Bellum
430 2164 573 2201 indicere
604 2166 703 2202 solius
725 2165 863 2211 supremi
888 2164 1051 2209 Principis
1072 2165 1116 2200 est
1134 2190 1143 2205 ,

322 2217 502 2259 frequenter
513 2225 621 2251 tamen
640 2218 658 2250 a
672 2218 802 2262 privatis
814 2218 970 2250 indistutn
983 2239 994 2255 ‚
1018 2216 1053 2250 in
1067 2217 1147 2250 Ger-

319 2268 426 2302 mania
447 2290 458 2306 ,
481 2267 517 2300 in
542 2267 653 2301 Africa
674 2291 684 2306 ,
712 2268 744 2300 in
772 2267 883 2301 Ponto
906 2291 918 2307 ,
944 2267 1006 2300 &e.
1036 2265 1140 2303 182.1

321 2317 449 2352 Privata
470 2317 554 2351 bella
575 2318 608 2351 in
621 2316 713 2351 Italia
726 2329 764 2351 ac
777 2317 936 2360 Hispania
950 2315 1137 2361 tigidiffime

318 2368 530 2402 damnantur.
558 2366 747 2401 ibid.Hanc
758 2366 937 2401 barbariem
953 2378 994 2400 ne
1006 2368 1055 2399 vel
1071 2367 1144 2400 Cle·

318 2418 377 2452 rici
400 2419 433 2451 in
447 2418 582 2451 Francia
604 2418 837 2461 deposuerunt.
857 2414 942 2452 ⁴182.
956 2428 986 2452 2.
1011 2414 1042 2450 A
1056 2416 1145 2451 Con-

320 2468 405 2501 ciiiis
416 2468 567 2501 damnata
589 2467 657 2510 est;
684 2478 755 2509 quae
778 2467 875 2501 etiam
898 2466 1007 2510 viguit
1028 2466 1061 2500 in
1073 2465 1141 2500 An·

318 2518 385 2561 glia
398 2543 406 2550 .
433 2517 511 2551 ibid.
525 2516 616 2551 Ante
633 2516 788 2551 Carolum
802 2517 967 2561 Magnum
980 2516 1143 2560 Episcopi,

318 2567 486 2608 Abbates,
511 2568 545 2601 &
570 2567 689 2601 Clerici
717 2566 897 2610 promiscue
915 2568 1037 2609 privata
1060 2562 1152 2600 bella*

319 2616 494 2659 gerebant.
526 2614 641 2665 1831.

321 2665 386 2705 ejus
405 2666 492 2699 filius
515 2666 690 2709 impedire.
719 2668 792 2701 Nec
816 2667 928 2700 duoin
950 2678 1026 2700 eum
1042 2665 1141 2700 finem

321 2715 432 2747 coasta
451 2713 621 2749 Concilia.
651 2715 730 2749 ibid.
751 2717 878 2751 Verum
903 2715 1083 2751 barbariem
1106 2717 1139 2751 il-

321 2761 393 2796 lam‘
410 2762 589 2806 proscripsit
610 2764 793 2800 Conrhrdus
829 2766 952 2799 Salicus
975 2791 982 2798 .
1013 2764 1086 2814 183.
1108 2776 1140 2801 2-

321 2812 424 2854 Cujus
435 2812 610 2845 Decretum
629 2813 780 2847 refutavit
791 2815 953 2849 Gerardus
966 2817 1142 2859 Episcopus

321 2861 577 2896 Cameracensis.
608 2859 683 2905 184-
698 2873 724 2898 1.
750 2862 852 2909 Qod
874 2864 1040 2907 Burgundi
1062 2878 1140 2899 rece-

323 2922 459 2956 perunt,
485 2913 589 2945 immo
600 2910 816 2954 jurejurando
829 2912 1013 2947 firmarunt.
1062 2916 1137 2949 ibid,

272 2962 475 2998 Benediftini
494 2962 514 2995 ὲ,
533 2961 564 2994 S.
590 2961 752 3006 Gregorio
774 2961 808 2994 in
835 2961 960 3006 Anglia
995 2963 1143 2999 Eccleliis

321 3009 571 3046 Cathedralibus
591 3010 730 3056 impoliti
750 3035 761 3051 ‚
787 3011 908 3052 aliique
927 3011 1006 3046 alibi
1028 3014 1142 3049 Mona-

318 3061 374 3096 chi
387 3088 396 3095 ·
1055 3063 1108 3100 28.
1125 3077 1140 3101 1

273 3110 436 3146 Beneficia
458 3110 679 3146 Ecclefiastica
700 3111 768 3145 fine
788 3109 1010 3146 diminutione
1033 3115 1141 3148 confe-

321 3160 419 3207 tenda
435 3185 442 3192 .
476 3162 550 3195 Nec
572 3161 733 3195 Collatori
756 3161 831 3195 licet
854 3163 972 3196 fruetus
993 3163 1141 3198 nondum

322 3219 488 3254 perceptos
498 3211 557 3245 fibi
578 3221 740 3254 expetere.
1053 3210 1104 3248 81.
1116 3225 1140 3249 2

275 3261 487 3303 Berengarius
508 3272 575 3294 non
597 3259 765 3294 indoctus.
795 3258 871 3306 248.
885 3273 914 3297 2.
939 3262 990 3295 Ex
1007 3262 1141 3298 lectione

323 3310 413 3344 scoti
434 3309 585 3343 infectus.
612 3310 689 3344 ibid.
712 3311 786 3343 Fuit
808 3312 928 3353 primus
950 3312 1035 3346 illins
1048 3306 1139 3348 haere-

253 3380 255 3382 -
322 3359 389 3395 scos
411 3359 628 3394 resuscitator.
654 3360 761 3394 Natus
774 3360 934 3403 Turone,
962 3363 1069 3407 postea
1082 3364 1140 3399 Ar-

384 3407 490 3450 Chrs'st.
507 3411 586 3452 Lupi
596 3413 681 3452 Oper.
699 3412 777 3442 Yom.
797 3414 847 3443 JV.

665 2618 771 2665 Qod-
791 2629 858 2652 non
878 2616 1063 2660 potuitipse
1084 2628 1141 2651 nec
1172 2619 1178 2625 '

1928 111 2022 158 451

1267 171 1479 207 chidiaconus
1501 169 1741 216 Andegavenfls
1760 196 1767 204 .
1796 173 1872 208 Fuit
1892 173 2091 221 Nigr-oman-

1265 223 1368 264 tinus,
1394 234 1432 256 ac
1455 223 1629 265 petulantis
1653 222 1791 268 ingenii.
1826 232 1866 268 25·
1877 236 1902 260 1·
1925 237 1955 260 2.
1982 228 2089 263 Eccle.

1264 273 1341 305 siam
1354 273 1542 306 Romanam
1555 273 1727 307 calumniis
1746 274 1790 307 est
1802 273 1935 308 adortus
1947 299 1954 306 .
1981 285 2022 320 25
2031 289 2058 312 2·
2071 289 2087 313 1

1265 322 1365 368 Qod
1382 322 1643 357 sacramentariis
1666 322 1821 356 haereticis
1837 323 1883 357 est
1902 325 2066 368 proprium
2080 351 2087 358 .
2145 351 2159 362 ,

1264 382 1305 417 25
1314 384 1343 408 2.
1354 381 1384 406 2.
1412 372 1564 415 Superbia
1590 385 1626 407 ac
1646 372 1771 408 invidia
1789 374 1851 407 fuit
1866 374 1895 407 ei
1907 372 2092 409 errorisini-

1266 422 1348 456 tium
1364 447 1370 453 .
1398 431 1475 467 253.
1492 433 1523 457 1.
1536 424 1637 457 Anno
1653 431 1752 470 1051.
1780 424 1878 465 coepit
1889 424 1994 467 palam
2012 424 2091 459 insa-

1263 472 1333 505 nire
1346 497 1354 504 .
1382 472 1564 515 Praecipuus
1576 484 1662 507 error
1673 474 1757 507 circa
1772 470 2005 508 Eucharistiam
2017 475 2089 509 fuit.

1264 531 1342 567 253.
1358 533 1386 557 2.
1405 522 1474 569 Qi
1488 523 1682 565 exponitur.
1705 531 1782 569 254.
1801 535 1828 559 1.
1854 524 1982 568 &seqq.
1997 523 2092 559 Varii

1264 572 1452 616 Berengarii
1476 573 1571 606 variis
1592 572 1792 617 temporibus
1811 584 1930 607 errores
1942 599 1949 606 .
1976 585 2053 620 255.
2070 586 2087 611 1

1264 621 1303 654 ln
1326 621 1484 671 Concilio·
1505 623 1659 657 Romano
1680 623 1945 657 &communione
1966 625 2093 668 suspen-

1262 672 1334 712 ὡς,
1361 671 1402 705 ad
1426 672 1561 705 alteram
1575 673 1745 715 Synodum
1769 675 1976 716 responsurus
1997 686 2092 709 voca·

1266 729 1336 753 tuS.
1365 720 1442 764 256.
1459 732 1490 755 2.
1513 722 1644 755 Ducem
1668 723 1881 768 Normandiae
1895 724 2091 767 appellavit.-

1265 770 1336 816 Q
1360 767 1483 803 Leonis
1501 770 1583 805 noni
1604 770 1763 813 judicium
1794 773 1871 806 fecit
1894 773 2093 816 synodaliter

1266 819 1470 853 confirmari.
1497 830 1538 864 25
1545 832 1609 866 7.2.
1624 821 1808 854 Damnatus
1820 822 1852 855 in
1868 822 2003 864 Synodo
2015 824 2093 858 Ver·

1265 869 1413 903 cellenfi.
1441 867 1563 915 2584.
1589 870 1633 904 Et
1654 870 1837 904 Parifienfi.
1865 880 1944 918 259.
1962 882 1989 906 1.
2017 873 2092 907 Ubi

1264 920 1404 964 Regiam
1418 921 1653 963 protectionem
1670 920 1831 965 postulat,
1859 923 2091 965 impetratque.

1265 981 1343 1018 259.
1358 982 1388 1007 2.
1413 970 1468 1003 Ad
1489 969 1575 1004 hanc
1596 969 1766 1012 synodum
1790 972 1898 1005 venire
1920 971 2092 1006 dettectat.

1265 1020 1376 1056 260.1.
1391 1020 1494 1063 Eique
1504 1031 1598 1063 poena
1611 1020 1756 1055 haeresios
1767 1020 1967 1055 decernitur.
1988 1022 2092 1059 2602

1267 1070 1479 1114 Berengarius
1502 1070 1600 1104 fidem
1625 1070 1823 1105 catholicam
1845 1071 1960 1106 dolose
1980 1072 2093 1115 profes-

1265 1121 1333 1153 sus.
1363 1119 1543 1154 ibid.Dein
1562 1120 1756 1154 Pontificem
1778 1122 1998 1156 &Ecclesiam
2023 1123 2091 1157 Ro-

1266 1181 1398 1203 manam
1422 1169 1670 1213 blasphemavit.
1697 1171 1776 1206 261.
1793 1182 1820 1206 1.
1843 1171 1944 1216 Qod
1959 1171 2092 1206 Hae-reti-

1265 1220 1312 1253 cis
1321 1221 1363 1252 est
1380 1219 1537 1253 familiare
1551 1245 1558 1252 .
1981 1221 2048 1258 261.
2073 1233 2095 1257 2

1219 1270 1389 1313 Bogomili
1403 1268 1610 1304 Eucharistiae
1634 1270 1804 1305 veritatem
1818 1281 1995 1316 negarunt.
2024 1271 2097 1304 Pre-

1266 1331 1340 1353 cum
1364 1321 1491 1353 suarum
1515 1319 1595 1354 vires
1617 1318 1776 1363 jaetabant
1802 1345 1809 1353 .
1836 1322 1995 1365 Spiritum
2018 1323 2098 1355 San-

1210 1407 1215 1414 „
1268 1370 1353 1402 &um
1375 1369 1597 1412 exspectabant
1610 1395 1617 1403 .
1981 1381 2059 1418 240.
2076 1382 2094 1407 1

1219 1419 1311 1453 Bona
1336 1420 1549 1453 Ecclesiarum
1573 1422 1756 1456 vacantium
1778 1429 1870 1455 erant
1891 1432 1930 1456 ac
1955 1422 2029 1455 sunt
2040 1419 2098 1455 sub

1267 1469 1399 1513 Regum
1422 1469 1569 1504 custodia
1585 1496 1592 1503 .
1623 1472 1737 1507 1601-
1760 1471 1855 1506 Bona
1878 1471 2097 1506 Ecclefiastica

1266 1518 1284 1551 ὲ
1299 1518 1421 1553 Carolo
1432 1520 1591 1554 Marcello
1603 1520 1726 1564 direpta
1738 1545 1748 1561 ‚
1774 1521 1988 1565 quamobrem
1998 1522 2016 1555 a
2027 1532 2097 1553 non

1266 1567 1376 1609 paucis
1401 1568 1573 1601 damnatus
1599 1571 1805 1604 existimatur
1830 1595 1837 1603 .
1872 1572 1949 1617 167.
1977 1580 2003 1604 1.
2026 1570 2099 1603 Fre-

1267 1616 1524 1658 quensRegum
1541 1617 1583 1665 'in
1606 1616 1693 1653 bona
1708 1618 1928 1654 Ecclefiastica
1954 1620 2095 1654 invasio.

1271 1662 1391 1709 167.2.
1420 1661 1538 1699 168.1.
1563 1663 1734 1709 Principes
1756 1669 1913 1702 nonnulli
1938 1680 2006 1702 non
2028 1680 2102 1703 tan-

1266 1721 1334 1746 tum
1347 1712 1552 1755 poffeffioiaes
1565 1738 1576 1756 ‚
1602 1713 1656 1749 sed
1667 1717 1748 1759 ipsas
1760 1716 1917 1752 Ecclefias
1928 1741 1939 1756 ,
1965 1718 2098 1761 Epism.

1264 1772 1383 1848 pgrgum
1403 1762 1528 1798 Palatia
1562 1787 1576 1804 ,
1601 1776 1638 1800 ac
1665 1765 1866 1802 Monasteria
1890 1768 2094 1803 invaserunt.

1268 1820 1284 1847 1
1337 1820 1390 1845 .2.

1215 1861 1310 1896 Bona
1322 1860 1543 1897 Ecclefiastica
1553 1863 1635 1898 olim
1648 1864 1786 1899 indivisa
1800 1880 1807 1899 :
1835 1867 1874 1900 In
1888 1877 2026 1909 quatuor
2038 1880 2095 1911 po-

1264 1911 1330 1946 stea
1344 1912 1508 1955 portiones
1519 1913 1639 1947 divisa.
1666 1915 1791 1962 Quarta
1814 1917 1950 1951 cedebat
1962 1919 2095 1961 Episco-

1263 1973 1324 2005 po.
2047 1994 2052 2000 .
2073 1981 2088 2005 1

1214 2012 1360 2046 Brunoni
1383 2013 1459 2046 ansa
1492 2011 1684 2048 instituendi
1709 2012 1969 2050 Carthuliensem
1992 1978 2089 2051 gidi-

1261 2074 1337 2096 nem
1354 2062 1416 2096 fuit
1428 2063 1557 2105 peffima
1571 2064 1726 2099 Manaffis
1735 2066 1888 2110 Episcopi
1901 2067 1965 2101 vita
1977 2080 1991 2109 ,·
2019 2080 2087 2102 non

1260 2123 1370 2148 autem
1383 2113 1536 2147 Dostoris
1545 2114 1726 2152 Parifienfis
1738 2115 1906 2151 damnatio
1918 2141 1924 2147 .
1974 2115 2052 2155 286.
2069 2127 2084 2154 1

1635 2218 1669 2253 C

1194 2346 1196 2366 3
1211 2313 1403 2399 CAlicis
1424 2319 1498 2352 usus
1513 2319 1598 2364 Regi
1610 2319 1726 2354 Galliae
1745 2319 1779 2353 &
1791 2318 2003 2355 Monastetiis
2016 2319 2085 2364 qui-

1194 2368 1198 2411 ξ
1319 2366 1452 2402 busdam
1476 2369 1494 2403 a
1517 2369 1672 2405 Concilio
1711 2369 1915 2405 Tridentino
1943 2382 2011 2405 non
2038 2370 2084 2404 est

1194 2412 1198 2457 Ι
1257 2416 1444 2461 ademptus.
2019 2430 2049 2466 9-
2065 2431 2082 2456 1

1209 2466 1406 2511 Cancellarii
1428 2469 1573 2504 officium
1596 2469 1652 2505 diu
1665 2470 1783 2505 Romae
1805 2471 1936 2505 mansit.
1966 2480 2044 2518 443.
2064 2481 2081 2505 1

1258 2515 1313 2551 Ab
1325 2517 1523 2554 Innocentio
1534 2520 1631 2555 tertio
1645 2521 1858 2555 exstinctum.
1884 2531 1998 2567 4432.
2010 2521 2083 2554 Fre-

1257 2565 1382 2602 dericus
1393 2570 1537 2614 Legatus
1552 2570 1762 2613 Apostolicus
1784 2571 1846 2604 fuit
1861 2581 1951 2603 verus
1964 2570 2083 2603 Roma-

1256 2628 1305 2651 nae
1319 2618 1465 2652 Ecclefiae
1488 2620 1727 2654 Cancellarius.
1754 2629 1878 2666 443-1.
1904 2619 2085 2662 EjusApoa

1254 2666 1369 2699 stolica
1381 2669 1522 2711 Legatio
1537 2670 1727 2713 exponitur.
1804 2678 1883 2716 439.
1899 2678 1931 2701 2.
1951 2669 1985 2702 δε
1996 2669 2080 2712 seqq.

1206 2714 1359 2749 Canones
1380 2716 1456 2750 dieti
1469 2717 1703 2760 Apostolorum
1716 2742 1727 2759 ‚
1754 2719 1868 2751 vetusti
1888 2718 1983 2758 sunt,
2011 2730 2081 2753 non

1256 2776 1364 2799 tamen
1376 2777 1490 2801 omnes
1503 2767 1705 2812 Apostolici.
1737 2765 1812 2815 352.
1827 2779 1854 2803 1.
1895 2767 2080 2812 Vigefimus

1253 2827 1361 2849 nonus
1396 2817 1503 2860 quoad
1530 2819 1658 2852 sensum
1685 2819 1833 2852 continet
1870 2818 2082 2856 traditionem

1253 2864 1480 2908 Apostolicam
1505 2892 1511 2900 .
1544 2868 1619 2904 116.
1647 2880 1676 2904 1·
1720 2867 1840 2902 Canon
1867 2868 2080 2913 sexagesimus

1254 2918 1386 2949 ostavus
1403 2926 1532 2960 putatur
1542 2919 1604 2951 esse
1616 2919 1644 2951 S.
1659 2917 1865 2958 firmiliani,
1892 2919 2035 2961 quicum
2048 2919 2078 2952 S.

1254 2965 1427 3009 Cypriano
1438 2991 1449 3007 ‚
1475 2966 1589 3001 eodem
1604 2968 1666 3002 fuit
1680 2967 1714 3001 in
1728 2979 1833 3002 errore
1845 2993 1864 3002 .,
1883 2976 1960 3013 105.
1972 2979 2002 3003 2.
2019 2969 2079 3003 Ca-

1251 3026 1327 3049 non·
1341 3017 1521 3060 trigesimus
1545 3017 1589 3052 est
1604 3016 1739 3060 synodo
1752 3016 2010 3053 Chalcedonenfi
2023 3029 2081 3062 po-

1252 3064 1383 3099 sterior.
1839 3076 1912 3104 110.
1925 3079 1955 3104 2.
1970 3079 2043 3104 111.
2056 3080 2078 3104 2

1203 3115 1358 3149 Canones
1383 3117 1518 3162 quidam
1546 3117 1709 3152 Gallicani
1729 3118 1901 3162 repudium
1928 3117 2077 3152 adulterii

1251 3166 1344 3199 causa
1372 3190 1382 3206 ‚
1418 3179 1455 3201 ac
1483 3169 1638 3202 secundas
1669 3169 1797 3211 nuptias
1836 3168 2074 3212 permittentes.

1255 3223 1329 3258 192.
1345 3225 1376 3249 2.
1402 3217 1525 3261 Exigui
1546 3219 1619 3252 sunt
1641 3219 1816 3261 ponderis,
1841 3219 1964 3261 atquea
1975 3216 2076 3260 poste·

1250 3265 1389 3299 rioribus
1401 3267 1542 3310 Synodis
1561 3268 1740 3302 exsufflati.
1900 3307 1902 3311 Ι
1967 3273 2040 3309 195-
2055 3275 2071 3300 1

1204 3314 1422 3349 Canonizatio
1445 3319 1634 3361 perantiqua
1654 3319 1699 3352 est
1725 3343 1733 3352 .
1759 3318 1954 3359 Exemplum
1974 3314 2075 3348 habet·

1252 3363 1292 3399 ab
1307 3364 1485 3409 Apostolo.
1508 3368 1587 3412 Ejus
1598 3367 1897 3411 meminitOptatus
1907 3364 2074 3401 Milevita-

1572 3416 1601 3449 L
1627 3416 1639 3450 l
1665 3418 1675 3450 l
1725 3428 1749 3455 2
1945 3424 2023 3448 uus.
