2352 3736
382 147 484 207 '432

902 137 1544 185 DlsseltTArto

320 227 416 271 Papae
429 232 547 259 nomen
562 218 734 259 recitabat,
764 219 955 253 concludit:
984 221 1057 262 ‚Qua
1067 220 1104 252 de
1115 218 1202 262 causa
1259 222 1327 253 nodi
1346 220 1475 252 adnotat
1489 243 1499 259 ,
1526 230 1584 251 non
1595 221 1677 251 modo
1692 220 1913 263 Alex-andrtnoe
1925 247 1941 264 ,-
1959 225 2143 268 sedunffveps

317 274 489 316 incredibile
499 272 614 302 omnino
629 269 712 302 nobis
723 267 890 311 visumfitit
901 292 910 308 ‚
936 280 992 301 non
1005 270 1078 302 adeo
1086 277 1143 311 pro
1167 272 1203 303 il-

319 326 358 365 lis
370 351 380 367 ‚
406 323 519 364 utique
529 318 758 353 Alexandrino
770 320 803 352 ὃ(
815 319 1124 361 Hierosolymitano
1143 320 1202 353 Pa-

318 372 466 414 vtriarchis
478 395 488 410 ‚
516 381 607 417 quam
613 378 670 411 pro
684 379 736 402 tua
748 381 860 413 magna
864 367 1018 412 sapientia
1033 393 1043 409 ‚
1069 369 1201 414 &fingu-

318 427 375 458 lari
381 423 569 464 prudentia.
600 419 715 452 Petrus
727 421 803 452 vero
816 419 1000 463 respondit:
1030 422 1145 452 Pudore
1155 431 1201 453 ne-

312 473 371 523 scio
384 484 440 515 quo
446 471 535 513 paeto
544 468 677 512 confusus
685 467 751 512 sum
763 494 772 509 ,
780 471 931 512 praecipue
946 472 1017 503 vero
1030 478 1081 502 tua
1091 469 1178 513 causa
1189 496 1200 511 ,

310 519 515 570 praesi’rtt'mfi
524 531 555 553 eo
563 520 651 561 paeto
661 544 670 560 ‚
685 531 740 561 quo
750 522 793 552 ad
803 531 854 552 nos
863 519 998 564 scripfisti
1008 544 1018 560 ‚
1045 521 1149 553 eadem
1158 522 1203 553 ad

315 574 389 605 alios
396 569 553 616 scripseris
564 570 733 610 beatiffimos
761 569 978 611 Patriarchas‚
1003 581 1068 603 cum
1091 569 1200 613 absque

316 624 453 670 diligenti
464 619 645 666 inquifitIone
654 620 687 652 s&
698 619 805 654 exac‘la
816 631 914 654 rerum
923 625 1083 664 cognitione
1093 644 1103 660 ,
1132 632 1199 662 quae

313 668 541 718 non'gestas'unt
553 696 564 713 ,
595 682 629 703 ac
633 669 664 711 fi
665 669 746 714 gesta
758 671 845 713 effent
858 695 867 711 ‚
881 682 961 704 vano
970 681 1081 704 rumore
1092 671 1197 712 impul-

307 723 360 772 sus
367 724 536 765 protuleris.
564 720 716 755 Addusta
728 721 817 755 enim
827 718 1110 764 Micliaelislverba
1120 732 1197 754 con-

303 774 426 808 'tinent
447 773 554 816 plures
570 782 713 811 erroreS,
740 771 837 815 quam
859 772 1024 815 periodos.
1053 770 1097 804 Et
1118 769 1196 804 hinc

310 822 427 857 Petrus
440 823 641 866 prosequitur
653 834 663 854 .-
679 822 773 863 ‚Quod
778 822 814 854 de
827 822 931 864 Vigilio
943 824 1031 863 Papa
1036 828 1197 863 perperam

309 870 419 908 dicitur
429 898 439 913 ,
465 883 527 905 cum
539 882 585 904 res
597 882 654 903 non
665 876 710 902 ita
718 869 752 912 se
761 869 870 904 habeat
879 896 890 912 ,
914 872 949 903 id
959 879 1102 913 quantum
1113 876 1186 916 tgna

311 930 374 957 viae
393 922 509 957 tribuat
535 921 772 960 venerabiliffimo
796 919 1021 962 Chartopbylact'
1043 921 1114 962 tuo,
1137 931 1197 956 tute

307 972 368 1016 ipse
381 973 510 1006 videris.
538 971 694 1007 Ostendit
709 972 830 1004 sextam
854 971 1026 1014 synodum
1048 983 1115 1005 non
1138 971 1196 1005 sub

307 1022 428 1068 Vigilii
453 1048 463 1064 ‚
491 1021 545 1056 sed
557 1020 614 1054 sub
628 1021 733 1054 Sancti
748 1020 936 1065 Agathonis
959 1021 1083 1065 Papatu
1103 1020 1195 1055 fuisse

305 1073 500 1109 celebratam
514 1097 525 1113 ‚
551 1083 589 1106 ac
603 1072 636 1106 in
652 1073 717 1115 ipsa
730 1084 797 1106 non
824 1070 864 1106 de
888 1071 990 1106 tribus
1011 1071 1195 1106 Chalcedo-

304 1125 412 1158 nensis
425 1123 553 1167 S'ynodi
567 1122 717 1166 capitulis
730 1123 824 1155 fuisse
847 1124 972 1163 astum,
1001 1122 1053 1156 sed
1085 1123 1193 1156 adver-

305 1174 359 1208 sus
379 1173 522 1209 haerefim
547 1171 865 1207 Monotheliticam:
893 1172 1034 1206 Istorum
1060 1172 1195 1215 Capitu-

302 1224 411 1258 lorum
433 1224 682 1257 damnationem
706 1225 767 1257 esse
790 1233 872 1266 opus
891 1223 1013 1266 quintae
1034 1222 1162 1266 Synodi
1184 1245 1195 1262 ,

303 1275 338 1308 &
364 1274 403 1308 ad
427 1275 528 1318 ipsam
553 1274 690 1307 noluisse
712 1272 876 1317 Vigilium
895 1284 1083 1317 comparere
1105 1298 1110 1305 .
1151 1272 1195 1305 Et

304 1323 367 1358 hos
379 1324 567 1358 foediffimos
594 1335 716 1357 errores
731 1348 741 1365 ,
766 1336 801 1357 ut
824 1322 1024 1358 Michaelem
1049 1322 1193 1358 videatur

302 1376 452 1409 'excusare
466 1399 475 1414 ‚
502 1374 685 1408 transcribit
703 1374 737 1408 in
752 1373 1052 1418 Chartophylacem
1065 1400 1074 1415 ‚
1103 1374 1193 1418 cujus

302 1435 371 1459 erat
393 1426 613 1471 quascumque
634 1424 870 1458 Patriarchales
905 1425 1027 1459 litteras
1058 1425 1193 1458 scribere

303 1475 340 1509 &
361 1476 518 1520 sigillare.
546 1476 622 1508 Erat
644 1476 733 1509 enim
753 1487 790 1509 os
811 1475 845 1508 &
859 1486 973 1508 manus
984 1475 1191 1509 Patriarchae.

303 1523 432 1559 Verum
455 1526 545 1560 addit
565 1526 695 1559 ‘Petrus
723 1539 735 1559 .·
771 1529 846 1558 Tute
869 1527 982 1558 videris
1007 1551 1013 1557 .
1056 1526 1191 1558 Etenim

302 1574 505 1609 Theodorus
528 1575 701 1609 Balsamon
726 1599 735 1614 ‚
763 1576 843 1607 dum
865 1574 1055 1607 Patriarchae
1076 1573 1192 1607 Theo-

300 1624 386 1658 dosii
413 1636 519 1669 ageret
539 1622 840 1666 Chartophylacem
862 1647 874 1662 ‚
899 1624 1008 1656 nescio
1032 1623 1121 1664 quod
1145 1635 1191 1656 er-

306 1685 445 1708 roneum
467 1675 507 1707 de
527 1675 679 1716 quapiam
692 1669 1115 1713 matrimonialiquaestione
1125 1670 1190 1702 De-

306 1734 433 1758 cretum
460 1723 623 1765 scripserat
645 1733 682 1755 ac
694 1720 893 1765 signaverat,
920 1718 1191 1762 &posteaipsum

305 1775 514 1819 impugnavit
532 1797 539 1804 .
580 1772 673 1805 Hinc
695 1770 795 1813 aliqui
819 1770 924 1813 ipsum
955 1780 1129 1814 arguerunt
1151 1769 1192 1803 de

302 1823 444 1858 versatili
471 1823 609 1867 ingenio
622 1847 631 1861 ,
658 1823 693 1855 &
714 1821 769 1854 ille
783 1820 832 1852 his
845 1821 989 1862 reposuit
1004 1818 1192 1862 :Responde-

302 1887 368 1907 mus
391 1871 652 1914 chartophylacem
665 1896 675 1912 ‚
712 1875 766 1912 qui
784 1883 816 1902 os
846 1869 1037 1903 Patrtarchae
1059 1871 1168 1903 dicitur
1183 1894 1193 1909 ,

302 1937 338 1959 ea
349 1933 411 1957 tum
418 1921 544 1965 scribere
558 1946 567 1961 ‚
593 1931 654 1954 tum
666 1921 763 1953 dicere
773 1943 784 1959 ,
810 1930 878 1965 quae
890 1925 999 1961 capitis
1013 1919 1069 1961 ipsi
1086 1928 1190 1954 vertex

303 1973 396 2015 instar
417 1971 502 2005 nubis
532 1973 566 2005 eb·
586 1964 673 2012 aquae
688 1967 883 2013 fitppeditae.
912 1961 1036 2012 Ideoque
1058 1981 1108 2004 nec
1133 1973 1193 2003 cul·

296 2025 413 2068 pandos
438 2033 489 2055 nec
508 2021 679 2055 laudandos
701 2031 754 2053 nos
773 2019 896 2064 putabit
921 2018 1068 2064 quisptam
1089 2046 1099 2062 ‚
1137 2027 1192 2063 qut

300 2076 353 2110 vel
375 2074 451 2108 rec‘le‘
467 2071 645 2116 praefhntem
666 2069 809 2113 causam,
838 2071 890 2103 vel
908 2073 1090 2104 econtrario
1114 2071 1191 2104 male

300 2127 411 2159 litteris
423 2124 566 2165 complexi
572 2121 676 2165 sumus
686 2147 693 2154 .
725 2120 878 2155 Affirmat
889 2119 1191 2164 Chartophylacem

299 2173 496 2211 Patriarchae
507 2173 568 2207 esse
582 2172 665 2206 istud
677 2171 780 2215 ipsum
793 2171 883 2215 quod
896 2170 1024 2204 Baruch
1039 2171 1192 2206 fuitHie-

301 2226 408 2261 remiae
430 2223 622 2267 Prophetae,
649 2221 788 2266 ideoque
812 2231 946 2256 omnem
961 2222 1192 2266 Diplomatum

301 2287 440 2311 errorem
479 2286 533 2308 aut
557 2273 686 2307 laudem
709 2268 772 2306 esse
795 2284 863 2305 non
894 2270 1191 2316 Chartophylacis,

301 2328 356 2362 sed
379 2325 473 2370 ipsius
496 2322 688 2357 Patriarchae
711 2348 717 2354 .
748 2322 860 2355 Habes
885 2320 948 2357 hoc
973 2323 1008 2356 in
1029 2323 1191 2365 opusculo

301 2378 342 2413 de
366 2374 525 2411 ducendis
547 2372 719 2410 successive
741 2372 867 2408 duabus
888 2373 930 2408 ab
953 2373 1070 2409 eodem
1095 2373 1192 2408 sobri-

300 2430 370 2464 nis.
528 2435 531 2437 ’

352 2479 477 2513 Eadem
492 2478 649 2523 principia
661 2478 789 2522 respicit
801 2478 913 2512 Petrus
927 2502 937 2518 ,
963 2478 996 2511 ὃς
1010 2488 1065 2521 per
1080 2476 1191 2512 circui-

301 2538 372 2563 tum
387 2531 524 2563 affirmat
549 2529 751 2563 Michaelem
773 2530 835 2562 esse
857 2529 985 2571 penitus
1005 2527 1191 2571 imperitum

302 2579 457 2613 Historia:
479 2579 705 2612 Ecclesiasticae
728 2603 734 2610 .
773 2579 885 2611 Etiam
910 2577 1110 2611 demonstrat
1135 2576 1192 2609 Pa-

303 2630 376 2674 pale
400 2639 519 2662 nomen
543 2627 650 2661 adhuc
671 2627 729 2660 sub
752 2625 936 2659 patriarcha
949 2626 1062 2670 Sergio
1086 2627 1194 2659 secun·

304 2680 349 2714 do
371 2678 463 2712 fuisse
487 2678 657 2710 recitatum
681 2678 714 2710 in
734 2677 828 2709 omni
851 2674 971 2719 ubique
982 2674 1192 2710 Patriarchali

304 2729 447 2765 Ecclesia
461 2753 472 2768 ‚
498 2727 639 2770 ideoque
660 2726 680 2760 ὲ
704 2726 825 2770 Vigilii
845 2736 993 2769 tempore
1003 2737 1072 2760 non
1100 2726 1194 2760 fuisse

306 2781 433 2814 rasum.
463 2779 567 2811 Hunc
589 2777 607 2809 ὲ
624 2776 712 2810 Petri
725 2775 871 2819 Epistola
882 2775 993 2809 locum
1017 2775 1128 2810 laudat
1153 2773 1193 2810 ad

305 2831 490 2874 praesentem
503 2825 625 2861 Christi
637 2826 779 2861 Domini
789 2836 912 2859 annum
923 2826 1089 2860 Dominus
1100 2826 1198 2860 Heu--

307 2882 393 2915 ricus
414 2877 628 2922 spondanus,
655 2877 689 2911 &
713 2888 754 2910 ex
775 2876 844 2920 ipso
867 2877 949 2910 fecie
969 2878 1106 2910 affirmat
1119 2876 1193 2910 Ale-

309 2930 504 2964 xandrinam
522 2953 533 2969 ,
559 2929 593 2962 &
615 2938 691 2961 cum
712 2925 928 2961 Antiochena
952 2925 1192 2969 Hierosolymi-

311 2991 420 3015 tanam
443 2979 620 3014 Ecclesiam
640 2978 740 3020 usque
760 2986 842 3011 tunc
864 2976 1011 3010 mansisse
1024 2976 1058 3010 in
1070 2976 1194 3010 Roma·

313 3042 354 3065 na
382 3028 618 3064 communione
632 3052 642 3067 ,
668 3039 705 3062 ac
727 3026 848 3070 Papale
868 3038 991 3060 nomen
1003 3026 1193 3060 solemniter

311 3081 453 3114 recitasse
474 3105 481 3112 .
520 3079 681 3122 Displicet
706 3076 771 3111 hoc
805 3076 984 3120 Anglicani
1015 3074 1192 3110 schismatis

314 3128 431 3162 fautori
444 3154 454 3170 ‚
476 3130 533 3172 qui
554 3131 572 3162 a
584 3126 749 3171 Sylvestro
761 3126 948 3172 Sguropulo
959 3126 1107 3170 scriptam
1119 3124 1193 3159 Flo-

297 3178 436 3213 .oentini
456 3179 602 3213 Concilii
623 3177 807 3212 Historiam
818 3177 924 3210 multo
934 3176 1071 3210 foedavit
1084 3175 1192 3210 infidae

315 3226 535 3263 translationis
556 3228 749 3266 mendacio,
776 3226 927 3261 Roberto
949 3225 1190 3271 Creyghtono,

319 3287 416 3318 atque
436 3274 471 3307 in
504 3277 591 3310 istius
611 3278 714 3320 operis
737 3277 924 3320 praefatione
955 3276 1064 3310 scribit
1086 3288 1093 3307 :
1132 3279 1191 3310 Hoc

313 3324 490 3372 falfiffimum
511 3327 708 3363 comprobatur
735 3339 773 3360 ex
795 3327 944 3360 Coriolani
971 3329 1092 3359 Summa
1113 3350 1124 3366 ‚
1159 3332 1192 3358 ut

1255 269 1322 314 sam
1333 273 1497 313 AEgyptum
1510 271 1530 302 ὰ
1541 267 1671 312 Dioscoro
1688 267 1777 311 usque
1796 272 1840 303 ad
1857 273 2018 309 Clementi:
2040 270 2142 313 odiam

1259 329 1413 362 tempora,
1438 319 1471 352 &
1483 330 1594 353 annum
1613 318 1793 361 millefimum
1814 322 2068 365 quingentesimum
2091 340 2141 361 „0-

1259 369 1430 414 nagefimum
1456 379 1599 412 quartum
1625 369 1791 412 Apostolicae
1811 369 1894 413 sedis
1920 379 2142 411 communionem

1260 432 1419 466 numquam
1430 421 1592 463 expetitffe.
1618 421 1650 452 51
1659 424 1802 453 Romanae
1815 421 1948 462 Ecclefiae
1966 423 2144 465 firmitatem

1253 467 1428 511 fortioribus
1465 475 1648 514 argumentis
1670 481 1728 503 non
1740 470 1896 510 stabilium
1917 476 2023 506 Latini
2041 499 2052 515 ,
2089 483 2143 507 aut

1259 521 1588 563 Constantinopolitanae
1612 522 1766 554 levitatem
1790 522 1906 554 diluunt
1927 546 1938 562 ‚
1963 531 1995 556 ut
2017 527 2145 566 loquitur

1258 572 1326 611 ille,
1353 576 1446 604 vitem
1459 577 1584 612 turpiter
1587 571 1701 612 fefhllit
1713 571 1840 610 Ridica,
1866 581 1899 604 ut
1909 571 1946 612 est
1967 579 1999 605 in
2018 582 2146 616 prover-

1259 621 1304 653 bio
1323 647 1329 653 .
1359 621 1464 655 Pauca
1478 620 1571 655 verba
1583 631 1632 655 tot
1645 620 1767 655 habent
1792 632 1934 662 erroreS,
1963 634 2044 666 quot
2067 620 2145 667 Epi-

1258 670 1339 704 stola
1360 670 1537 705 Michaelis
1558 670 1734 705 Cerularii.
1762 671 1864 718 Qod
1885 673 1974 707 enim
1999 675 2144 718 AEgypti

1263 721 1422 755 Ecclesiaa
1446 722 1611 756 Dioscoro
1634 723 1735 764 usque
1755 722 1794 754 ad
1812 723 1963 756 octavum
1992 722 2145 758 Clemen-

1258 781 1322 805 tem
1334 772 1578 806 fueritaversata
1593 772 1751 804 Romanae
1765 771 1847 805 sedis
1868 775 2140 808 communionem

1257 821 1545 861 &bbedientiam,
1573 822 1618 855 est
1642 822 1749 855 fabula
1777 822 1937 856 cantanda
1956 824 2042 867 apud
2065 835 2146 868 pue·

1254 882 1337 915 ros.¹
1354 873 1397 906 Et
1421 871 1610 906 Ambrosius
1631 871 1848 912 Coriolanus,
1875 871 1952 906 licet
1973 873 2057 916 apud
2081 884 2142 907 nos

1258 921 1294 953 sit
1307 921 1394 964 parvi
1407 921 1580 963 ponderis,
1606 921 1836 964 talesineptias
1863 934 1923 956 nec
1945 923 2141 958 somniavit.

1259 971 1300 1004 Et
1323 969 1377 1003 ubi
1392 969 1558 1004 Roberrus
1577 967 1694 1002 didicit
1715 969 1914 1004 Michaelem
1938 973 2144 1007 Cerularium

1257 1021 1408 1064 appellari
1433 1019 1587 1054 Marcum
1608 1021 1621 1053 ?
1646 1016 1702 1052 Sicv
1721 1018 1842 1051 affidue
1861 1020 2019 1062 appellat.
2048 1024 2142 1070 Qo.

1256 1072 1341 1104 circa
1364 1067 1650 1114 fiipseAnglicani
1671 1066 1851 1102 schismatis
1874 1069 2060 1105 firmitatem
2082 1075 2145 1106 for-

1256 1120 1395 1154 tioribus
1414 1119 1616 1164 argumentis
1640 1119 1762 1153 nesciat
1788 1117 1926 1152 stabilire
1952 1142 1961 1158 ,
1999 1122 2144 1163 profecto

1259 1171 1375 1204 Ridica
1391 1171 1491 1204 vitem
1507 1169 1622 1204 fefellit
1633 1194 1640 1201 .
1670 1167 1775 1203 Porro
1787 1167 2018 1203 Antiochenus
2031 1170 2144 1206 Petrus

1257 1221 1417 1255 deformes
1427 1221 1510 1255 adeo
1522 1231 1642 1255 errores
1664 1218 1782 1264 apertis
1799 1219 1904 1253 oculis
1926 1220 2075 1261 secutus,
2102 1221 2147 1257 fe·

1258 1271 1339 1305 fellit
1358 1283 1396 1306 ac
1406 1270 1615 1315 praecipitavit
1628 1271 1833 1313 semetipsum
1845 1295 1854 1303 .

1308 1322 1410 1355 Aliud
1423 1323 1483 1356 suae
1494 1319 1646 1366 superbiae
1657 1321 1908 1355 fundamentum
1922 1319 2071 1355 Michael
2084 1319 2147 1355 Ce-

1257 1373 1389 1405 rularius
1416 1372 1589 1415 desumpsit
1612 1370 1630 1404 a
1652 1369 1777 1404 Photio
1791 1385 1802 1404 :
1829 1369 1984 1414 Augustae
2006 1369 2088 1404 sedis
2111 1371 2145 1404 &

1258 1422 1472 1466 imperialium
1484 1422 1729 1467 privilegiorum
1741 1420 1987 1455 translationem
2009 1419 2027 1455 ὲ
2039 1429 2146 1454 vetere

1257 1473 1365 1507 Roma
1378 1473 1419 1507 ad
1437 1485 1556 1507 novam
1570 1499 1577 1506 .
1607 1472 1662 1506 Ab
1673 1472 1812 1507 Othone
1835 1471 1941 1515 primo
1953 1468 2147 1505 Occidentis

1255 1522 1450 1565 Imperatore
1470 1523 1511 1557 ad
1535 1521 1943 1566 Constantinopolitanum
1968 1522 2145 1565 Imperato-

1255 1583 1321 1604 rem
1342 1570 1571 1615 Nicephorum
1596 1572 1746 1606 Phocam
1766 1573 1912 1616 Legatus
1924 1569 2146 1616 Luitprandus

1255 1622 1444 1655 Ticinensis
1467 1621 1646 1663 Episcopus
1667 1622 1775 1653 secum
1796 1623 1913 1655 detulit
1937 1621 2074 1665 Papales
2094 1620 2146 1654 lit·

1256 1678 1359 1706 teras,
1385 1668 1503 1711 quibus
1523 1669 1662 1709 Joannes
1683 1668 1897 1703 duodecimus
1921 1668 2011 1703 hunc
2035 1669 2146 1703 titula·

1256 1715 1309 1750 bat
1332 1717 1563 1760 Imperatorem
1591 1717 1800 1750 Graecorum.
1842 1717 1965 1751 Graecis
1989 1718 2145 1752 omnibus

1254 1765 1336 1802 ade&
1359 1767 1392 1801 id
1420 1766 1602 1810 displicuit,
1627 1776 1663 1799 ut
1684 1764 1893 1810 Nicephorus
1918 1765 2077 1801 Patricius
2099 1767 2148 1802 di-

1255 1818 1339 1851 xerit
1366 1817 1406 1851 ad
1429 1815 1669 1860 Luitprandum
1696 1830 1707 1850 :
1734 1820 1820 1858 Papa
1834 1815 1965 1857 fatuus,
1992 1814 2144 1861 insulsus,
2189 1858 2192 1864 Ἴ

1254 1875 1369 1912 ignorat
1394 1867 1623 1907 Constantinum
1648 1867 1788 1900 sanetum
1824 1868 1992 1908 Imperialta
2025 1865 2144 1910 sceptra

1254 1918 1308 1952 huc
1333 1916 1531 1960 transtulisse,
1556 1920 1697 1951 Senatum
1722 1928 1858 1956 omnem,
1884 1917 2072 1959 eundumque
2083 1920 2147 1949 Ro-

1253 1980 1375 2002 manam
1401 1969 1541 2001 militiam
1563 1979 1572 2009 ;
1610 1970 1710 2000 Romae
1748 1969 1819 2001 vero
1855 1969 1931 1999 vilia
1967 1972 2140 2008 mancipia,

1251 2018 1410 2062 piscatores
1430 2016 1563 2062 fillicet,
1590 2017 1760 2059 cupedarros
1781 2042 1791 2057 ‚
1829 2024 1955 2057 aucupes
1976 2041 1988 2057 ‚
2013 2015 2118 2049 nothos
2131 2038 2143 2054 ,

1249 2070 1379 2111 plebejos
1395 2093 1406 2109 ‚
1428 2067 1533 2112 servos
1557 2069 1758 2100 tantummodo
1778 2065 1907 2108 dimififfi·
1924 2091 1931 2097 .
1975 2065 2145 2109 Nicepho-

1254 2131 1310 2154 rus
1327 2118 1421 2153 scribi
1450 2129 1488 2153 ac
1509 2116 1632 2151 titulari
1656 2116 1787 2152 volebat.
1811 2120 1976 2158 Imperator
2001 2119 2145 2149 Romano-

1252 2169 1335 2207 ricm.
1375 2169 1417 2202 Et
1438 2168 1515 2214 quia
1539 2178 1618 2202 tunc
1636 2178 1712 2201 cum
1735 2167 1887 2201 Romana
1902 2165 2043 2200 Ecclesia
2056 2177 2145 2200 com-

1255 2219 1451 2255 munionem
1487 2217 1618 2254 fovebat
1646 2218 1770 2252 Graecia
1793 2241 1804 2257 ‚
1839 2215 1879 2250 de
1917 2215 2143 2251 Ecclefiasticu

1257 2272 1404 2306 Primatu
1442 2269 1533 2304 nulla
1572 2268 1616 2304 est
1653 2269 1732 2302 faeta
1766 2267 1920 2312 quaestio.
1960 2266 2060 2309 Hanc
2095 2277 2144 2301 re·

1255 2322 1386 2367 sumpsit
1400 2318 1544 2355 Michael
1558 2344 1569 2361 ,
1595 2320 1629 2353 &
1651 2320 1781 2363 sequuta
1791 2317 1835 2351 est
1847 2317 1912 2360 ejus
1923 2317 2020 2352 festio
2031 2342 2039 2350 .
2068 2316 2146 2352 Ete-

1259 2375 1327 2407 nim
1338 2373 1373 2407 in
1386 2373 1458 2416 Jure
1470 2371 1584 2405 Graeco
1598 2386 1611 2395 -
1623 2370 1780 2403 Romano
1801 2367 1927 2402 exstans
1941 2367 2145 2410 Byzantino-

1257 2435 1328 2458 rum
1358 2423 1594 2466 Episcoporum
1619 2421 1789 2464 catalogus
1819 2417 1898 2452 dicit
1939 2417 1981 2451 de
2018 2417 2145 2451 Metro-

1257 2473 1382 2518 phane:
1411 2473 1463 2505 Hic
1475 2480 1619 2515 regnante
1641 2469 1830 2509 Constantino
1854 2472 1960 2511 Magno
1979 2467 2084 2509 fadus
2102 2465 2144 2506 est

1256 2524 1294 2558 ab
1320 2525 1419 2557 eodem
1448 2527 1626 2564 Imperatore
1654 2518 1833 2553 Patriarcha
1860 2516 2139 2558 Constantinopolis.

1258 2576 1301 2608 Et
1314 2574 1347 2608 in
1359 2571 1522 2607 Meditato
1535 2572 1576 2606 de
1599 2568 1860 2606 Patriarcharum
1880 2567 2002 2611 juribus
2029 2564 2144 2599 Theo-

1257 2625 1355 2659 dorus
1365 2623 1538 2657 Balsamon
1551 2622 1688 2656 affirmat
1710 2620 1859 2653 San-{tum
1880 2616 2080 2658 Sylvestrum
2100 2613 2144 2648 ab

1256 2675 1375 2709 eodem
1393 2672 1546 2715 Principe
1580 2672 1674 2705 fuisse
1703 2669 1862 2703 donatum
1882 2665 1976 2707 Papae
2009 2662 2110 2698 titulo
2128 2686 2143 2704 ‚

1257 2726 1290 2759 ὅ(
1311 2724 1353 2759 de
1363 2722 1514 2758 erestoin
1539 2715 1862 2759 Constantinopolim
1885 2713 2051 2756 Byzantio
2073 2723 2144 2757 pet·

1255 2775 1324 2819 git:
1350 2778 1429 2806 Cum
1440 2775 1562 2812 Imperii
1567 2768 1684 2812 sceptra
1707 2779 1744 2799 ex
1767 2769 1861 2798 veteri
1880 2767 1995 2804 Roma,
2021 2766 2142 2797 Divina

1255 2821 1441 2862 &ineffabili
1445 2820 1639 2861 providentia
1657 2841 1667 2856 ,
1693 2825 1846 2857 tamquam
1857 2825 1894 2847 ex
1905 2813 2073 2859 oleastrolin
2090 2813 2147 2846 oli--⁵

1255 2884 1350 2911 vam,
1376 2869 1431 2904 huc
1440 2870 1593 2902 translata
1595 2867 1742 2910 fuissent,
1768 2863 2141 2908 quituncl'ontiffi·1acum

1253 2922 1427 2956 auetoritate
1447 2918 1552 2952 throno
1575 2917 1664 2958 buJ'us
1687 2914 1820 2957 Ecclefiae
1837 2918 1993 2957 prece-rat,
2014 2912 2142 2956 sanem·

1253 2974 1300 3006 ille
1311 2969 1521 3013 Metrophanes
1534 2980 1572 3002 ex
1586 2965 1731 3010 Epifi‘opo
1743 2989 1754 3006 ,
1774 2970 1889 2999 nomine
1899 2972 2031 3004 mutato,
2055 2973 2142 2995 voca·

1253 3021 1372 3063 tusfuit
1380 3017 1616 3061 Archtepiftopus
1627 3041 1635 3049 .
1662 3019 1787 3049 Etenim
1799 3016 1903 3048 idcirco
1910 3019 2014 3055 prima
2025 3011 2140 3044 santla

1253 3073 1381 3112 synodus
1393 3067 1575 3112 universalis
1588 3071 1732 3100 mentione
1743 3065 1835 3107 hujus
1858 3063 1957 3097 throni
1977 3061 2144 3101 Constanti-

1255 3123 1418 3165 nopolitam'
1424 3120 1516 3162 falla
1527 3143 1536 3159 ‚
1549 3121 1652 3150 Romae
1664 3121 1774 3150 veteris
1785 3115 1830 3148 illa
1841 3112 1997 3146 honoraria
1999 3114 2076 3153 ‚iura
2087 3116 2142 3145 tn-

1254 3174 1318 3206 buit
1323 3178 1479 3215 propterea
1491 3194 1502 3210 ,
1527 3169 1608 3211 quod
1616 3167 1681 3211 effet
1692 3192 1702 3208 ‚
1727 3174 1762 3200 ut
1770 3163 1854 3206 spfius
1866 3161 1970 3196 verbis
1983 3170 2053 3195 utar
2070 3185 2082 3201 ,
2093 3171 2144 3194 no-

1254 3235 1297 3256 va
1310 3226 1404 3255 Roma
1416 3246 1424 3253 .
1455 3218 1713 3264 ‚Quemadmodum
1722 3212 1916 3257 haecsecundo
1925 3214 1958 3246 ὦ*
1970 3216 2056 3246 tertio
2065 3208 2142 3253 ejus-'-

1257 3275 1324 3307 dem
1335 3272 1438 3311 synodi·
1450 3274 1573 3302 Canone
1584 3268 1772 3301 declarantur
1782 3288 1789 3295 .
1813 3263 1876 3297 Per
1886 3262 2024 3306 primam
2035 3262 2141 3303 Syno-

1255 3324 1335 3357 dum
1347 3333 1415 3356 non
1428 3319 1584 3363 intelligit
1607 3316 1799 3354 Nicaenam‚
1820 3312 1876 3348 ted
1895 3312 2032 3356 primam
2052 3308 2140 3342 Con-

321 3387 411 3414 unum
432 3371 642 3412 summulistam
663 3376 701 3404 ab
719 3378 776 3408 alio
787 3376 995 3417 submoverem,
1021 3381 1071 3419 qut
1096 3375 1212 3408 adm-⁸
1256 3371 1584 3414 stantinopolitanam
1605 3390 1614 3397 .
1640 3366 1683 3399 Et
1703 3365 1738 3398 in
1760 3363 1827 3407 ejus
1847 3361 2022 3397 subsidium
2043 3356 2142 3391 advo·

316 3425 456 3474 gefinmm
477 3434 584 3459 nonum
602 3426 754 3457 canonem
776 3425 963 3462 OEcumenicae
998 3434 1115 3469 quartae
1150 3426 1194 3464 s,-

1257 3423 1343 3459 cavit
1355 3422 1456 3458 etiam
1467 3418 1656 3465 vigesimum
1666 3416 1818 3451 octavum
1840 3407 2142 3448 Chalcedonensem

2058 3456 2095 3494 &
