2352 3736
383 107 478 159 362

928 93 1569 141 DlsseRrArlo

309 185 387 219 eur,
411 180 537 214 utilitati
560 178 746 222 agricultum
766 177 932 219 providens
945 197 957 215 ,
993 176 1028 208 ὁ·
1046 174 1191 217 peffimum
1249 173 1342 216 custos
1354 175 1405 219 effe
1414 175 1521 210 herbas
1535 201 1546 218 ,
1570 188 1646 220 quas
1654 179 1779 223 nulagia
1799 191 1931 219 vocant.-
1966 186 2021 219 alii
2043 197 2128 221 nuce,

302 229 339 274 J
339 228 513 264 udaizantis
526 230 609 270 vulgi
621 227 784 260 emendans
795 225 1032 270 consuetudinem
1043 248 1055 264 ,
1075 232 1133 266 pro
1144 224 1189 257 al.

309 277 457 311 suibus&
478 275 656 310 ludentibus
669 278 782 310 Vitulos
789 274 1004 318 consumentis.
1033 275 1190 309 Nomades

310 325 530 369 &Trogloditae
542 351 554 368 ,
578 326 751 367 &Schytan
776 328 995 361 &Hunnorum
1020 330 1100 359 nova
1113 325 1190 368 feri-

308 385 361 411 tas
367 374 442 418 semi
451 379 553 412 crudis
564 376 720 421 vescuntur
730 376 869 410 carnibus
881 399 890 409 .
921 378 1010 410 Porro
1021 374 1191 418 chmpba-

305 429 339 469 gl
351 445 361 461 2
386 426 468 460 Gens
480 439 586 462 errans
595 434 628 460 in
637 428 737 460 littore
751 431 845 460 maris
857 425 941 460 rubri
956 450 968 467 ,
991 423 1084 468 super
1103 433 1193 469 petra

308 472 379 505 solis
390 477 497 512 ardore
500 477 662 520 ferventes
673 475 778 520 assant
782 474 877 520 pisces
890 499 901 516 ,
926 478 960 511 Θ
981 475 1032 509 hoc
1052 473 1114 519 solo
1137 478 1193 511 ali-

307 531 407 560 menss
417 530 561 565 viditant
578 552 586 560 .
610 529 757 560 Sarmata·
771 550 782 567 ,
808 528 917 571 ,Quadi
931 551 942 567 ,
969 528 1003 562 Θ·
1015 526 1169 560 Wandali
1182 551 1193 567 ,

307 579 583 614 &innumerabiles
610 579 680 611 aliae
697 585 802 622 gentes
825 582 978 621 Equorum
997 578 1031 611 (9
1054 578 1193 619 Vulpium

305 631 447 663 carnibus
459 629 662 664 delec‘lantur.
691 628 848 663 Laudatae
874 627 1027 663 Valentis
1053 627 1117 670 legi
1137 638 1194 661 an-

305 680 373 713 sam
384 680 474 714 dedit
489 681 667 724 Imperator
684 678 831 722 Julianus
842 703 854 719 ,
880 678 936 722 qui
950 677 1053 711 nimia
1070 676 1193 711 Sacrifi-

305 732 434 766 ciorum
448 731 482 765 in
497 732 569 765 suos
582 731 673 764 Deos
688 728 884 772 profeffione
897 738 1004 762 totum
1020 727 1128 761 Boum
1141 739 1196 772 ge-

304 792 368 816 nus
380 781 465 827 apud
478 782 578 824 Syros
590 778 690 814 ferme
711 778 908 814 exstinxerat
919 803 927 812 .
951 776 1059 826 Qcid
1081 776 1191 812 Gallia

303 833 418 869 ovium
445 832 641 871 dumtaxat,
678 839 748 862 non
784 839 893 863 autem
930 829 1103 862 vaccinum
1142 829 1192 863 lac

302 883 484 918 comederit
511 883 571 916 suo
605 890 752 923 tempore
768 902 780 919 ,
806 878 935 913 videtur
959 877 995 910 in
1022 877 1125 918 Libro
1151 879 1192 913 de

302 934 449 977 synodis
475 933 635 967 affirmare
661 931 795 965 Sanctus
822 928 972 962 Hilarius
1008 927 1194 963 Pistavien·

302 984 360 1017 fis.
390 983 499 1018 Etiam
526 980 694 1020 ciconias,
725 978 896 1024 graculos,
922 976 1130 1018 corniculas,
1156 980 1190 1014 fi-

300 1033 394 1075 bras,
420 1035 566 1076 lepores,
594 1029 789 1072 sylvestres,
816 1040 854 1063 ac
866 1027 1065 1063 domesticos
1075 1037 1193 1071 equos,

300 1083 481 1118 &crudum
495 1081 634 1115 laridum
648 1079 822 1114 Germanis
831 1091 869 1113 ac
890 1078 964 1112 aliis
987 1078 1122 1112 Francis
1143 1079 1192 1112 in-

300 1136 501 1169 terdixerunt
517 1144 569 1175 per
582 1132 743 1176 Legatum
759 1130 853 1164 suum
886 1130 1040 1163 Sanctum
1058 1128 1190 1164 Bonifa-

300 1187 390 1219 cium
414 1183 588 1218 Zacharias
616 1180 771 1216 Pontifex
792 1192 830 1215 ac
851 1178 1032 1223 Gregorius
1054 1179 1187 1215 tertius.

301 1237 346 1270 Et
369 1236 611 1280 praevaricantes
634 1231 791 1276 jusserunt
808 1229 980 1274 castigari.
1008 1227 1053 1262 Et
1079 1238 1188 1264 tamen

301 1288 454 1332 graculos
475 1284 658 1318 etiamnum
681 1281 780 1316 hodie
802 1281 980 1315 manducat
1002 1277 1188 1323 Gallo-pro-

301 1339 410 1371 vincia
424 1362 432 1370 .
463 1336 506 1369 Et
529 1331 722 1368 venerabilis
733 1329 829 1365 Beda:
841 1330 970 1365 liberio
983 1330 1090 1364 Sansti
1113 1330 1187 1364 lvo-

130 1404 205 1432 Ῥω,
237 1412 282 1434 rc
300 1388 354 1422 nis
369 1388 514 1422 Decreto
537 1383 636 1418 habet
658 1381 748 1418 hunc
768 1391 952 1416 canonem:
980 1381 1046 1424 ,Qui
1064 1381 1187 1414 comedit

121 1453 187 1482 capt
211 1437 261 1480 96.¹
296 1438 426 1484 scabiem
441 1462 451 1478 ,
478 1445 532 1470 aut
544 1435 714 1468 vermiculos
726 1457 738 1475 ,
762 1437 815 1475 qui
831 1431 961 1474 pediculi
984 1432 1144 1470 dicuntur,
1166 1430 1193 1474 fi

301 1491 438 1533 infantes
451 1487 525 1532 sunt
536 1486 587 1520 vel
592 1489 702 1528 pueri,
728 1483 895 1525 vapulent,
910 1480 941 1523 fi
947 1486 982 1513 in
992 1482 1077 1514 virili
1086 1490 1187 1522 aetate,

296 1539 411 1584 septem
431 1540 493 1571 dies
513 1541 702 1578 poeniteant,
737 1535 772 1568 (tt
793 1538 913 1573 utrique
936 1529 1187 1572 cumimpofitione

300 1603 408 1625 manus
421 1586 563 1631 Episcopi
581 1583 745 1628 sanentur.
786 1582 831 1616 Et
854 1582 1014 1616 Romana:
1039 1579 1186 1614 Ecclefiae

119 1635 199 1676 ΟΡ·
214 1640 277 1666 ²¹8·
299 1643 457 1685 antiquus
478 1634 722 1671 poenitentialis
752 1631 872 1665 Liber:
907 1632 972 1673 Qui
991 1630 1116 1663 comedit
1137 1631 1189 1664 vel

298 1692 376 1727 bibit
388 1688 549 1724 intini‘lum
560 1687 580 1717 ἃ
583 1683 737 1726 familiari
758 1679 868 1719 bestia,
894 1680 929 1710 id
948 1677 987 1717 eff
999 1701 1010 1718 ,
1034 1689 1107 1711 cane
1137 1680 1190 1713 vel

297 1750 400 1781 catto,
418 1738 449 1782 fi
461 1735 540 1781 scit,
566 1743 683 1769 centum
706 1727 840 1774 Psalmos
866 1734 965 1762 cantet
986 1739 996 1770 ς
1027 1726 1059 1769 fi
1074 1725 1186 1770 nesi-it,

298 1794 372 1828 duos
383 1792 447 1824 dies
464 1789 585 1830 jejunet
600 1810 607 1818 .
636 1785 701 1827 ,Qui
721 1781 835 1815 dederit
860 1780 946 1813 alicui
966 1780 1130 1821 liquorem,
1156 1783 1187 1811 in

298 1855 353 1887 quo
363 1853 428 1874 mus
439 1840 492 1873 vel
503 1836 622 1876 mustela
631 1841 746 1867 mortua
754 1836 882 1864 inventa
889 1827 964 1873 sunt
976 1853 987 1870 ,
998 1827 1111 1872 scptem
1122 1828 1186 1863 dies

293 1898 441 1937 poeniteat
455 1914 462 1921 .
489 1889 519 1921 51·
531 1891 596 1930 quis
606 1881 785 1928 semicollum
794 1879 950 1915 comederit
962 1877 1072 1923 inscius
1085 1904 1097 1921 ,
1122 1889 1185 1914 tres

298 1945 542 1984 diespoenueat,
559 1934 658 1979 sciens
685 1942 783 1966 autem
802 1929 918 1975 septem
940 1931 1003 1964 dies
1021 1936 1184 1973 poenneat.

298 1997 330 2029 si
341 1997 407 2036 quis
419 1993 547 2024 tinxerit
558 1994 679 2019 manum
691 1988 722 2016 in
736 1983 836 2025 aliquo
847 1980 910 2015 cibo
918 1981 1033 2024 liquido
1046 2006 1058 2022 ,
1086 1983 1121 2016 (ν
1131 1992 1189 2015 non

299 2046 407 2078 idonea
419 2050 511 2074 manu
524 2062 535 2078 ,
559 2045 674 2071 centum
680 2033 828 2076 palmatis
837 2032 1009 2065 emendetur
1021 2057 1029 2065 .
1055 2034 1086 2065 si
1097 2031 1190 2072 infa-

298 2100 368 2128 rina
380 2100 434 2126 aut
445 2096 478 2124 in
490 2091 590 2131 aliquo
600 2085 661 2120 cibo
665 2083 735 2127 ficco
749 2108 759 2125 ,
786 2090 839 2116 aut
851 2088 884 2115 in
889 2082 974 2124 pulte
988 2091 1040 2115 aut
1062 2088 1097 2115 in
1115 2083 1191 2115 iac‘Ie

299 2145 451 2189 coagulato
461 2151 527 2174 mus
541 2139 594 2173 vel
604 2135 721 2178 mustela
733 2143 850 2167 mortua
870 2138 1068 2166 inveniuntur
1080 2155 1092 2172 ‚
1115 2134 1193 2175 quod

299 2199 469 2230 incircuitu
491 2193 556 2231 ejus
577 2186 647 2229 est,
671 2194 765 2220 totum
788 2184 963 2227 projicietur
975 2181 1089 2225 foras,
1114 2183 1192 2225 quod

301 2247 445 2289 reliquam
456 2241 494 2282 est
506 2241 720 2274 manducetur.
748 2235 794 2270 Et
818 2234 853 2268 in
875 2234 989 2269 octava
1012 2233 1192 2268 Sententia·

302 2307 376 2331 rum
399 2303 489 2339 parte
518 2290 629 2326 scribit
650 2285 815 2323 Robertus
836 2283 1023 2319 cardinalis
1044 2283 1159 2317 Pullus
1177 2297 1189 2318 .-

303 2346 358 2387 Est
372 2345 452 2380 cibus
463 2355 501 2377 ex
512 2342 657 2375 accidenti
667 2347 720 2372 aut
736 2343 769 2371 in
794 2333 925 2379 consueto
946 2334 1190 2377 contemptibilis.

305 2400 415 2432 Potum
423 2400 512 2429 etiam
519 2391 549 2436 fi
555 2403 624 2435 quae
635 2398 738 2423 contra
751 2388 840 2421 decus
862 2385 999 2420 incidunt
1009 2407 1021 2424 ,
1044 2383 1194 2428 nauseato-

124 2334 198 2373 Capi
220 2344 229 2362 ι
236 2344 262 2363 ο.

1255 235 1307 259 aut
1314 234 1406 269 poma
1410 225 1563 281 silvestria
1572 247 1581 257 ·
1610 227 1804 263 Habitaram
1814 231 1833 264 ὲ
1843 232 1872 265 S.
1884 233 2009 275 Ioanne
2019 235 2128 281 Bapti-

1251 276 1296 310 sta
1321 276 1535 310 solitudinem
1561 276 1715 311 describit
1735 278 1770 311 in
1782 279 1962 316 orientalis
1978 285 2128 322 Ecclefiae

1253 326 1386 361 historia
1395 326 1534 370 lacobus
1554 326 1737 361 Cardinalis
1760 328 1802 362 de
1823 328 1997 373 Vitriaco,
2021 336 2056 370 ει
2075 337 2129 373 ad·

1251 376 1359 421 jungit
1372 388 1379 396 ·
1415 381 1453 410 In
1477 377 1532 411 bac
1553 380 1658 411 Ercmi
1682 375 1843 421 solitudine
1859 390 1917 413 non
1936 380 1991 423 nifi
2007 383 2127 425 locusta,

2148 386 2177 418 1..
2186 394 2205 416 1·
2220 389 2299 420 053·

1249 438 1314 461 cum
1326 428 1408 461 melle
1417 428 1533 461 Beatus
1538 431 1570 473 J
1574 439 1684 461 oannes
1694 428 1817 463 edebat.
1845 428 1900 470 Est
1906 440 2008 465 autem
2016 438 2050 466 in
2058 441 2131 476 pan.
2163 471 2165 474 Α

1251 477 1330 511 tibus
1341 480 1429 516 Syriae
1436 477 1584 522 plerisque
1598 477 1771 522 consuetudo
1779 501 1790 518 ,
1813 481 1996 516 adveniente
2015 483 2132 525 locusta-

1253 541 1319 562 rum
1335 530 1524 562 multitudine
1535 554 1545 570 ,
1569 541 1621 563 eas
1633 530 1790 573 colligendo
1812 531 1847 565 ἐν
1868 534 2069 576 congregando
2088 537 2133 570 ad

1255 579 1366 612 vicium
1389 578 1541 622 reservare
1554 603 1564 614 ..
1590 581 1740 624 ,Quoniam
1762 588 1863 614 autem
1880 581 2036 623 veri'fimile
2055 583 2131 618 mibi

1253 640 1309 662 non
1322 630 1445 662 videtur
1457 653 1468 670 ,
1495 631 1578 672 quod
1586 631 1702 664 Beatus
1722 629 1832 672 Christi
1852 630 1996 674 Baptista
2016 634 2132 674 locusta·

1253 692 1318 713 rum
1333 691 1384 713 car
1389 691 1437 713 nes
1451 680 1645 713 manducaret
1656 703 1667 720 ,
1692 687 1741 723 qui
1748 688 1828 722 pane
1838 680 1917 725 vesci
1926 687 2019 716 etiam
2030 695 2132 718 renue-

1254 729 1324 770 bat,
1353 728 1475 772 quaesivi
1485 731 1642 774 diligenter
1654 731 1674 762 a
1686 732 1814 773 quodam
1824 734 2016 766 Susianorum
2027 735 2133 767 Mona-

1253 778 1304 813 cbo
1315 805 1325 820 ,
1351 782 1435 822 cujus
1449 780 1621 814 Coenobium
1630 787 1664 814 in
1671 781 1811 823 partibus
1823 783 1882 816 illis
1901 792 1985 824 erat,
2014 782 2130 818 babens

1252 837 1416 864 maximam
1431 831 1640 864 Monacborum
1650 833 1872 867 multitudinem
1875 830 1934 875 sub
1958 845 2016 867 uno
2035 833 2131 867 Abba-

1252 889 1282 914 te
1295 904 1306 922 ,
1330 888 1430 915 vitam
1440 882 1624 922 are‘ltffimam
1646 883 1813 916 ducentium
1822 907 1834 923 ,
1869 881 2030 927 cujusmodi
2045 883 2132 927 effent

1254 930 1403 971 Locustae,
1427 943 1505 973 quas
1528 937 1561 964 in
1586 931 1741 971 solitudine
1761 933 1990 978 illaJordanica
2011 936 2132 968 Beatus

1244 983 1275 1024 J
1279 991 1387 1014 oannes
1401 980 1583 1023 manducaffe
1590 980 1782 1022 perhibeatur
1791 1006 1799 1014 .
1825 985 1891 1027 ,Qui
1898 982 1971 1016 mibi
1973 981 2079 1023 statim
2087 994 2132 1019 re·

1248 1028 1371 1072 spondit
1385 1055 1395 1070 ,
1420 1030 1502 1073 quod
1503 1029 1677 1072 frequenter
1688 1036 1721 1064 in
1737 1031 1900 1073 RefeHorio
1915 1031 1968 1075 suo
1986 1035 2131 1076 quaedam

1249 1079 1342 1113 herba
1371 1079 1523 1113 Monachis
1543 1081 1588 1113 ad
1603 1080 1746 1114 edendum
1770 1082 1972 1123 apponebatur
1993 1106 2006 1124 ,
2038 1095 2131 1127 quam

1253 1130 1436 1173 Langustam
1447 1155 1458 1171 ,
1483 1131 1519 1163 id
1537 1129 1575 1171 est
1586 1154 1597 1170 ,
1623 1130 1774 1171 Locustam
1793 1131 2008 1173 nominabant,
2043 1135 2130 1175 cujus

1250 1182 1327 1213 circa*
1342 1180 1547 1221 Monasterium
1554 1178 1639 1222 suum
1649 1191 1760 1225 magna
1772 1180 1936 1214 habebatur
1944 1186 2028 1223 copia
2038 1192 2053 1222 ;
2077 1183 2133 1215 ad·

1243 1232 1378 1274 jungens
1390 1231 1471 1273 quid
1482 1231 1538 1264 illa
1550 1231 1615 1274 effer
1625 1253 1636 1270 ‚
1659 1243 1750 1274 quam
1762 1231 1868 1265 edebat
1880 1233 1918 1263 B.
1926 1232 1958 1275 J
1959 1241 2069 1265 oannes
2081 1255 2089 1264 .

1300 1280 1484 1315 Audiamus
1494 1281 1572 1324 quid
1586 1280 1625 1315 fit
1650 1281 1684 1315 δε
1705 1280 1953 1325 melsylvestre,
1978 1281 2077 1317 altera
2099 1281 2130 1315 S.

1251 1330 1385 1374 Joannis
1396 1333 1486 1367 esca.
1523 1330 1635 1376 Pergit
1643 1331 1685 1367 de
1697 1331 1765 1375 ipso
1787 1330 1937 1366 laudatus
1968 1331 2128 1366 Isidorus:

1250 1382 1366 1414 Eodem
1377 1383 1462 1415 modo
1481 1392 1539 1415 non
1563 1381 1656 1416 herba
1678 1383 1819 1426 quaedam
1839 1380 1878 1422 est
1904 1382 1964 1415 mel
1975 1379 2128 1424 silvestre,

1250 1431 1354 1464 verum
1380 1434 1439 1466 mel
1458 1440 1634 1466 montanum
1645 1456 1657 1473 ,
1681 1434 1763 1475 quod
1779 1431 1817 1465 ab
1836 1430 1995 1476 agrestibus
2015 1430 2130 1474 Apibus

1247 1480 1392 1522 conficitur
1403 1507 1413 1522 ,
1435 1480 1601 1526 summeque
1609 1494 1744 1517 amarum
1752 1482 1790 1524 est
1800 1507 1819 1523 ,⁷
1830 1481 2001 1526 &gustatui
2011 1483 2128 1515 omnin&

1247 1531 1384 1572 infestum
1399 1543 1433 1566 ac
1442 1539 1610 1568 inimicum.
1648 1533 1771 1577 ‚Quibus
1793 1543 1831 1567 ex
1851 1530 1937 1567 rebus
1950 1529 2129 1576 singularem

1248 1582 1408 1623 quamdam
1426 1593 1462 1615 ac
1468 1584 1547 1624 pene
1555 1584 1756 1617 incredibilem
1770 1588 1895 1624 corporis
1904 1580 2128 1624 afflidationem

1240 1634 1272 1676 J
1274 1643 1384 1665 oannes
1389 1640 1457 1674 prae
1462 1630 1496 1675 se
1502 1632 1622 1676 gerebat
1633 1645 1640 1666 :
1654 1636 1691 1666 Ut
1701 1637 1754 1675 qui
1763 1643 1821 1665 non
1831 1633 1934 1665 inedia
1945 1633 2128 1673 tantumve·

1248 1680 1314 1712 rum
1327 1686 1417 1713 etiam
1430 1681 1530 1714 villus
1543 1680 1705 1723 asperitate
1716 1692 1830 1716 omnem
1838 1686 1964 1723 corporis
1972 1686 2127 1724 appetitio·

1254 1740 1321 1762 nem
1340 1741 1481 1762 amaram
1494 1731 1630 1764 redderet
1641 1754 1650 1762 .
1678 1730 1852 1766 Consonat
1863 1731 1997 1766 laudato
2003 1731 2039 1765 in
2049 1731 2129 1765 ioco

1248 1778 1519 1822 Teophylaeius:
1547 1781 1610 1814 Mel
1617 1779 1725 1825 agreste
1746 1780 1808 1822 est,
1832 1780 1913 1823 quod
1927 1781 1947 1814 ἃ
1961 1779 2044 1822 feris
2063 1783 2130 1823 apt-

1249 1829 1302 1863 bus
1311 1829 1482 1872 conficitur,
1507 1832 1542 1865 ό·
1560 1835 1593 1864 in
1613 1831 1768 1866 arboribus
1791 1844 1826 1866 ac
1841 1836 1939 1874 petris
1961 1835 2130 1864 invenitur.

1249 1879 1375 1915 Verum
1387 1879 1449 1914 alia
1461 1880 1563 1925 longe
1582 1880 1628 1915 est
1648 1881 1807 1917 sententia
1829 1880 1954 1916 laudati
1975 1880 2131 1917 Cardian-

1251 1931 1289 1966 lis
1299 1943 1306 1964 :
1333 1931 1436 1965 Mellis
1444 1942 1481 1965 ex
1494 1932 1655 1967 calamellis
1665 1937 1836 1967 maximam
1849 1936 1882 1966 in
1892 1933 1981 1971 ἔνθα
1987 1929 2129 1975 partibus

1251 1983 1384 2016 vidimus
1397 1982 1617 2022 abundantiam
1629 2009 1637 2016 .
1664 1984 1822 2020 calamelli
1831 1991 1930 2017 autem
1937 1979 2009 2026 sunt
2019 1983 2130 2016 calami

1249 2035 1331 2075 pleni
1343 2033 1428 2068 melle
1442 2057 1452 2074 ,
1477 2034 1513 2067 id
1522 2030 1560 2074 ist
1568 2058 1580 2075 ,
1600 2032 1684 2078 succo
1693 2035 1864 2075 dulciffimo,
1887 2044 1926 2066 ex
1935 2031 2081 2076 quoquafi
2095 2038 2129 2066 in

1250 2083 1388 2118 torculari
1409 2084 1581 2126 compresso,
1607 2085 1643 2118 &²
1663 2085 1708 2117 ad
1733 2089 1832 2128 ignem
1853 2080 2028 2126 condensato
2041 2088 2131 2125 prius

1249 2131 1332 2178 quafi
1340 2133 1399 2166 mel
1411 2157 1422 2174 ,
1440 2133 1503 2176 post
1511 2132 1574 2167 baec
1585 2133 1824 2178 quafisaccarum
1834 2134 1957 2176 efficitur
1969 2157 1977 2165 .
2003 2135 2132 2167 Vocatur

1249 2193 1347 2218 autem
1354 2184 1412 2217 alio
1423 2189 1538 2218 nomine
1551 2186 1744 2219 eanamelies
1753 2210 1760 2218 .
1789 2185 1883 2228 ,Quod
1891 2194 1995 2216 nomen
2006 2194 2045 2217 ex
2054 2193 2133 2216 cana

1250 2233 1378 2269 &melle
1388 2238 1582 2276 componitur.
1608 2237 1657 2268 Eo
1679 2236 1760 2278 quod
1779 2239 1885 2268 cannis
1899 2231 1963 2275 five
1980 2234 2135 2267 arundini·

1251 2284 1339 2319 nibus
1350 2283 1521 2329 hujusmodi
1530 2285 1639 2318 calami
1642 2283 1704 2327 fiat
1709 2284 1823 2327 fimiles
1836 2310 1844 2318 .
1871 2283 1958 2318 Infra
1981 2282 2132 2318 describit

2145 1906 2217 1948 0²12·
2229 1914 2274 1944 53·

1252 2333 1424 2379 Iordanem
1442 2335 1578 2369 fluvium
1590 2359 1602 2376 ,
1626 2336 1663 2369 &
1674 2335 1825 2381 adjungit
1837 2347 1849 2368 .-
1874 2334 2144 2376 Campiadiaecem,

1250 2395 1294 2419 tes
1306 2397 1346 2419 ex
1354 2386 1515 2419 calamellis
1529 2383 1676 2429 condensa
1688 2387 1879 2420 multitudine
1892 2382 2042 2425 stillantes
2065 2383 2132 2417 dul·

303 2459 352 2482 res
367 2458 424 2480 non
426 2445 575 2488 fuerunt.
604 2435 902 2483 Hujusmodificmere
912 2436 1001 2478 culpa
1011 2447 1069 2469 non
1080 2434 1131 2476 est,
1144 2430 1198 2480 nifi
1253 2437 1405 2476 cedinm‚
1426 2433 1538 2479 saccari
1543 2442 1703 2486 procreant
1715 2436 1954 2469 abundantiam.
1980 2432 2132 2468 Affirmat

306 2496 492 2531 intuentibus
503 2495 539 2527 id
544 2490 687 2536 scandalo
689 2487 747 2532 fit.
777 2487 991 2530 propterquod
1010 2487 1131 2519 minime*
1153 2496 1195 2519 co·
1250 2487 1403 2522 sanetum
1426 2487 1587 2530 Ioannem
1611 2487 1681 2530 ipso
1702 2485 1787 2521 vesci
1809 2486 2021 2520 consuetum.
2046 2482 2134 2516 Ean-

306 2548 410 2581 medas
421 2544 552 2578 butirum
564 2549 642 2575 inter
653 2544 801 2579 Francos,
816 2546 870 2570 aut
879 2542 957 2571 inter
967 2537 1043 2569 alios
1054 2533 1194 2578 quosdam

307 2593 410 2631 allium
423 2620 431 2628 .
458 2593 502 2627 Et
515 2592 599 2626 infr-21
607 2616 615 2623 .
648 2587 762 2631 Caseus
773 2611 784 2627 ‚
805 2588 879 2628 jure
888 2590 1027 2629 gentium
1049 2583 1109 2628 esui
1132 2596 1194 2618 conf

307 2647 365 2692 ceff
360 2659 394 2680 us
403 2670 414 2685 ,
424 2647 447 2677 ἃ
458 2638 681 2683 nonnullisfere
702 2634 788 2681 quast
790 2635 878 2679 pestis
891 2640 1009 2670 vitame
1021 2659 1029 2667 .
1057 2634 1107 2668 At
1118 2635 1195 2668 verd

309 2699 351 2732 de
363 2694 538 2740 AEgyptiis
549 2717 560 2733 ,
570 2689 660 2734 quod
675 2699 735 2733 pro
746 2686 866 2721 salibus
875 2709 887 2726 ,
895 2683 929 2719 id
943 2684 989 2719 est
1001 2709 1013 2727 ,
1021 2683 1151 2719 deliciis
1161 2685 1195 2719 dc

311 2747 453 2782 lauticiis
463 2752 630 2778 uterentur
640 2740 736 2774 caseo
749 2761 761 2779 ,
781 2737 815 2771 δι
829 2736 938 2780 ipsum
952 2734 1047 2769 omni
1058 2733 1135 2768 cibo
1148 2736 1196 2769 su-

312 2795 542 2842 perfunderent
552 2814 563 2831 ,
573 2792 608 2826 in
620 2789 747 2825 decima
760 2797 848 2822 nona
861 2784 1042 2822 collatione
1063 2785 1195 2820 testatur

314 2849 454 2891 Ioannes
469 2843 638 2878 Caffianus
647 2866 655 2873 .
682 2837 787 2887 Qod
799 2836 901 2881 ipsum
912 2833 1014 2870 hodie
1024 2836 1151 2870 faciunt
1161 2835 1194 2869 δε

315 2897 387 2933 Itali
401 2922 408 2930 .
437 2892 570 2930 Adduci
593 2891 723 2936 possent
747 2886 857 2923 adhuc
877 2886 984 2929 plures
1004 2884 1194 2928 hujusmodi

315 2945 592 2983 consuetudinum
605 2940 777 2975 varietates
787 2962 795 2970 .
1037 2954 1042 2959 «

367 2999 397 3033 S.
408 2997 640 3037 Hieronymo,
669 2986 881 3024 manducans
891 2984 910 3019 ὲ
922 2986 953 3020 S.
965 2984 1095 3028 Joanne
1114 2983 1194 3028 Bap-

320 3046 392 3080 tista
406 3045 543 3081 locustas
552 3040 728 3077 affirmanti
740 3037 833 3073 fuiffe
847 3036 1002 3071 animalia
1015 3059 1027 3076 ,
1063 3036 1192 3069 consen-

321 3095 362 3128 tit
383 3097 411 3129 S.
437 3094 639 3140 Augustinus
650 3117 661 3133 ,
685 3101 722 3124 ac
744 3088 779 3123 in
790 3087 859 3131 ejus
881 3087 948 3120 vita
968 3086 999 3120 S.
1021 3083 1194 3120 Poffidius.

323 3143 448 3178 Verum
467 3143 567 3188 longe
578 3141 712 3177 aliterin
723 3139 838 3174 litteris
849 3136 889 3171 ad
902 3134 1127 3171 Timotheum
1138 3134 1194 3169 Le·

323 3194 447 3231 &orem
459 3193 565 3229 scribit
577 3193 714 3228 Isidorus
732 3189 913 3224 Pelufiota:
949 3184 1100 3228 Locusta,
1136 3189 1196 3229 qui-

324 3244 383 3278 bus
386 3245 416 3290 J
421 3253 526 3275 oannes
538 3243 674 3276 alebatur
685 3265 695 3281 ‚
721 3252 779 3274 non
791 3241 961 3272 animantia
966 3234 992 3279 s
987 3245 1042 3269 unt
1054 3260 1066 3276 ,
1091 3245 1126 3269 ut
1136 3241 1198 3278 qui-

326 3295 402 3328 dam
422 3295 550 3332 imperiti
567 3299 676 3330 putant
689 3314 697 3323 .
737 3288 830 3331 Abfit.
870 3288 933 3321 Sed
960 3285 1121 3320 herbarum
1148 3293 1199 3318 aut

324 3344 499 3386 plantarum
503 3336 690 3385 summitates
707 3363 713 3370 .
741 3339 796 3372 Ad
808 3339 939 3373 tertium
953 3335 1140 3371 S-Matthaei
1152 3347 1201 3370 ca-

326 3403 388 3440 put
398 3391 507 3428 mitior
515 3387 564 3426 est
576 3385 865 3431 Theophyiactus:
895 3387 1030 3432 ,Quidam
1041 3387 1143 3423 dicunt
1162 3385 1201 3421 lo-

129 2681 205 2718 Cap.
227 2681 254 2709 6.

145 3096 277 3135 Cap-22.

148 3209 210 3242 Lib.
242 3220 267 3239 1.

151 3253 203 3289 Ep.
221 3259 286 3288 ¹33·

1250 2536 1325 2570 dem
1353 2537 1546 2571 sententiam
1566 2537 1711 2578 sequitur
1729 2537 1763 2571 in
1776 2535 1854 2570 sacri
1877 2534 1953 2568 belli
1973 2531 2106 2567 historia
2118 2554 2131 2572 ,

1251 2587 1349 2630 Syriae
1361 2597 1495 2630 campos
1514 2586 1720 2628 describens,
1747 2583 1938 2620 Fulcherius
1949 2581 2133 2616 Carnuten·

1254 2637 1294 2670 fis
1318 2649 1325 2668 :
1350 2639 1431 2670 Tunc
1443 2645 1530 2670 erant
1540 2643 1573 2670 in
1581 2643 1664 2679 agris
1674 2637 1761 2670 cultis
1772 2634 1870 2677 meffies
1881 2632 2022 2674 quaedam
2032 2655 2043 2671 ,
2052 2641 2130 2673 quas

1255 2696 1363 2720 vocant
1375 2688 1552 2721 canamelles
1564 2708 1576 2724 ,
1599 2684 1794 2718 arundinibus
1799 2682 1929 2725 fimiles,
1954 2682 1976 2713 ἃ
1995 2691 2073 2714 cana
2095 2681 2131 2714 (θ’

1255 2738 1339 2770 melle
1358 2747 1463 2770 nomen
1479 2733 1675 2777 compofitum.
1703 2734 1810 2772 Unde,
1834 2741 1869 2764 ut
1887 2739 1984 2774 puto,
2017 2731 2054 2765 et
2071 2731 2132 2764 mel

1236 2760 1240 2818 ,1
1250 2785 1392 2829 sylvestre
1402 2785 1618 2825 diciturillud,
1643 2785 1722 2826 quod
1731 2781 1825 2815 dehis
1841 2779 1998 2825 sapienter
2019 2779 2132 2822 confici-

1254 2845 1304 2869 tur
1319 2860 1326 2866 .
1356 2839 1420 2867 Has
1429 2836 1555 2876 quidam
1561 2842 1682 2876 propter
1686 2830 1823 2875 saporem
1836 2832 1981 2865 mellitum
1991 2829 2130 2864 dentibus

1246 2883 1388 2927 famelici
1412 2883 1636 2918 ruminabamus
1655 2907 1664 2916 .
1703 2881 1836 2917 Eisdem
1859 2880 1924 2916 fere
1945 2880 2050 2914 verbis
2062 2878 2130 2912 haee

1256 2935 1350 2969 refert
1366 2934 1557 2980 incognitus
1571 2934 1605 2968 in
1616 2932 1760 2978 ejusdem
1779 2931 1855 2968 belli
1876 2930 2010 2965 historia
2030 2928 2133 2972 Scrip-

1257 2993 1326 3024 tor‚
1350 2983 1568 3030 ‹Sc-adjungit:
1595 2985 1669 3019 Plus
1680 2984 1751 3017 inde
1757 2981 1877 3027 saporis
1899 2978 2131 3024 capeffebamus,

1257 3046 1346 3078 quam
1355 3040 1467 3078 vigoris
1479 3060 1487 3067 .
1512 3033 1732 3078 Tripolitanae
1756 3031 1910 3066 Civitatis
1927 3029 2132 3063 obsidionem

1260 3096 1356 3129 atque
1368 3097 1481 3131 agrum
1492 3084 1646 3120 describit
1657 3085 1691 3117 in
1703 3083 1819 3117 eadem
1829 3079 1963 3114 historia
1977 3078 2134 3113 Albertus

1261 3135 1443 3178 Aquensis,
1467 3145 1564 3178 atque
1576 3134 1798 3178 prosequitur:
1823 3129 2001 3163 Calamellos
2023 3129 2135 3162 ibidem

1260 3188 1383 3220 mellitos
1391 3194 1446 3229 per
1456 3194 1625 3228 camporum
1642 3185 1803 3227 planitiem
1821 3180 2011 3214 abundanter
2036 3187 2135 3221 reper-

1263 3247 1331 3277 tos,
1356 3248 1428 3279 quos
1450 3245 1558 3270 vocant
1578 3233 1720 3278 saccina,
1740 3229 1825 3273 suxit
1843 3232 1995 3272 populus,
2018 3228 2133 3263 illorum

1259 3285 1373 3329 salubri
1388 3285 1473 3330 succo
1496 3287 1638 3320 laetatus.
1663 3286 1710 3315 Et
1730 3287 1787 3314 vix
1808 3281 1852 3312 ad
1865 3278 2132 3323 saturitatemprae

1264 3338 1414 3371 dulcedine
1426 3337 1539 3377 expleri
1548 3334 1599 3370 boc
1605 3332 1720 3377 gustato
1729 3329 1890 3364 valebant.
1917 3336 1978 3364 Hoc
2000 3332 2078 3361 enim
2082 3335 2130 3368 ge-

1268 3399 1322 3423 nus
1333 3385 1550 3433 hcrbaesummo
1558 3382 1656 3419 labore
1668 3382 1859 3428 agricolarum
1863 3387 1920 3423 per
1931 3376 2129 3459 fiiffiiltlllotzreae-

2151 3045 2210 3078 Lib.
2235 3056 2260 3074 2.

2151 3165 2304 3199 L·5-C·37·
