2352 3736
139 530 200 563 Lib·
226 537 257 564 6.

133 949 196 982 Lib·
222 963 266 983 υ.

131 1001 158 1023 c.
182 1000 206 1027 5.

130 1109 161 1139 L.
172 1119 199 1144 9·
216 1117 241 1139 c.
252 1119 279 1145 9.

125 1377 198 1414 Cap-
223 1386 253 1414 9.

122 2247 209 2288 Epi'i.
231 2258 258 2276 :-

131 2891 193 2923 lib.
219 2902 261 2922 12.

130 2940 193 2969 cap.
218 2941 241 2967 5.

386 179 478 237 158
544 190 547 192 ’

368 260 412 294 Et
427 260 504 293 hinc
517 268 586 292 non
597 256 701 293 solum
712 257 907 294 Occidentis
919 254 1096 298 Imperium
1111 281 1122 297 ,
1133 256 1186 291 sed

314 311 426 345 omnia
439 308 652 343 Barbarorum
665 309 786 342 ibidem
798 308 913 348 Regna
927 304 1040 339 invasit
1051 306 1167 341 abusus
1179 331 1186 339 .

313 360 405 406 Qin
416 358 450 391 ὅ(
460 358 636 403 Imperium
646 357 791 392 Orientis
806 379 812 387 .
835 354 969 388 Etenim
983 355 1024 389 de
1037 355 1186 401 Georgio

312 408 440 452 Cyprio
477 406 662 444 Patriarcha
675 403 1046 447 Constantinopolitano
1077 407 1185 441 scribit

310 459 709 504 NicephorusGregoras:
737 453 780 487 Ab
791 457 969 497 Imperatore
983 478 995 496 ,
1017 455 1185 491 Androni-

310 522 352 545 co
363 510 544 552 Paleologo
558 530 569 546 ‚
590 504 652 547 post
679 504 780 537 debita
796 503 943 549 suffragia
968 506 1002 539 o·
1025 504 1186 545 testtmonia

309 560 471 604 olefignatus
492 555 529 597 est
543 580 552 595 ,
587 556 621 589 δ’
646 554 794 595 pastorale
809 557 920 595 pedum
942 560 975 587 in
996 558 1187 597 Imperatorio

303 608 436 656 suggestu
457 632 468 648 ,
505 610 601 639 veteri
621 616 698 637 more
724 605 762 637 ab
789 609 970 647 Imperatore
989 606 1158 647 porreequm
1174 631 1185 647 ,

308 662 439 698 accepit.
467 656 577 690 Etiam
598 654 852 698 Metrophanem
881 654 1102 691 patriarcham
1116 681 1127 696 ,
1152 657 1185 691 &

306 705 439 748 quidem
464 705 609 741 adstante
636 706 793 739 Romano
820 704 947 749 Legato
968 729 980 746 ,
1019 706 1112 739 fuisse
1139 706 1180 740 ab

303 758 499 799 Imperatore
536 754 723 789 investitum
757 755 890 789 testatur
926 754 960 789 in
999 756 1181 790 Florentini

305 807 453 841 Concilii
473 805 621 840 Historia
644 804 794 840 Silvester
817 804 1024 849 Sguropulus
1040 830 1047 837 .
1077 806 1119 839 Et
1140 806 1181 840 de

303 857 430 892 cunstis
448 856 627 902 generatim
651 854 835 889 Abbatibus
855 855 936 888 dicit
960 854 1081 889 ibidem
1093 855 1180 890 idem

303 905 506 951 Imperator.-
533 909 612 939 Satis
626 911 746 939 memini
757 917 802 937 me
810 916 908 938 eorum
923 903 1047 948 singulis
1067 907 1181 947 pedum

305 957 453 998 Pastorale
466 963 497 989 in
510 967 629 989 manum
640 955 800 998 porrexisse
814 980 824 995 ,
851 956 932 988 unde
947 961 999 997 qut
1008 963 1158 997 acceperat
1169 978 1179 996 ‚

303 1006 408 1050 uquue
421 1011 479 1050 pro
502 1005 648 1048 PraeseHo
666 1005 846 1038 habebatur.
875 1004 920 1039 Et
942 1014 1081 1049 magnus
1102 1005 1181 1039 Pro-

302 1056 502 1100 tosyncellus
517 1069 530 1091 ,ι
558 1057 598 1089 Jd
622 1055 660 1088 ab
682 1061 803 1098 antiquo
825 1060 858 1088 in
882 1066 959 1088 more
975 1052 1098 1096 pofitum
1119 1053 1156 1094 est
1168 1078 1179 1094 ‚

300 1115 334 1141 ut
354 1107 415 1150 post
439 1107 616 1140 traditum&
628 1116 679 1139 tua
695 1105 847 1146 Majestate
858 1104 991 1138 baculum
1004 1129 1015 1144 ‚
1042 1107 1180 1138 patriar-

301 1157 389 1191 cham
408 1159 542 1196 adeant,
575 1159 610 1191 er
629 1154 827 1199 con-secantur
856 1180 863 1188 .
901 1156 945 1188 Et
966 1153 1006 1188 de
1031 1152 1179 1189 Ecclefiae

302 1207 679 1251 Constantinopolitanae
701 1203 889 1239 Patriarcha
901 1204 1012 1238 scribit
1036 1204 1069 1236 in
1082 1213 1178 1247 opere

300 1258 342 1291 de
355 1258 448 1292 sacris
460 1255 736 1291 ordinationibus
758 1255 892 1288 Simeon
907 1251 1177 1296 Archiepiscopus

299 1306 598 1342 Theffalonicenfis
609 1319 615 1338 :
639 1311 802 1346 Imperator
814 1303 919 1337 Eleae‘to
928 1309 1048 1347 virgam
1053 1309 1178 1345 propria

299 1368 392 1389 manu
403 1358 519 1389 tradit.
549 1356 592 1388 Et
604 1355 743 1388 iterum:
773 1359 897 1397 Virgam
913 1352 1174 1396 ,utbonorabt'lt'us

293 1406 447 1449 potestatis
463 1405 622 1446 Pastoralts
631 1403 788 1447 simbolum
802 1429 813 1443 ‚
839 1408 1003 1444 Imperator
1013 1415 1104 1437 manu
1114 1412 1176 1437 tra·

297 1457 345 1489 dit
357 1465 480 1498 propter
491 1455 625 1488 honorem
637 1452 864 1495 &securitatem
877 1477 888 1493 ‚
914 1462 1006 1494 atque
1017 1463 1052 1486 ut
1063 1454 1175 1487 demon-

290 1505 366 1546 stret
373 1504 406 1549 se
419 1505 566 1546 Pastorem
579 1529 591 1545 ,
614 1515 699 1546 quem
712 1505 789 1536 Deus
804 1502 906 1545 elegit,
935 1501 1083 1537 charitate
1105 1514 1175 1536 com-

293 1555 387 1597 pleeti
418 1580 424 1586 .
462 1554 588 1589 Eodem
611 1553 713 1587 modo
734 1553 817 1597 alios
839 1552 916 1585 item
939 1550 1140 1586 Patriarchas
1163 1576 1173 1592 ‚

295 1617 335 1639 ac
356 1605 515 1650 Bulgariae
536 1603 828 1645 Archiepiscopum
842 1602 1022 1644 promoveri
1034 1603 1171 1636 affirmat

295 1656 429 1700 antiqua
450 1653 644 1688 Patriarchae
666 1651 1025 1692 constantinopolitani
1053 1651 1172 1695 eligen-

295 1705 330 1739 di
352 1705 516 1743 formula,
550 1703 584 1736 &
607 1702 757 1746 adjungit
777 1701 819 1734 de
836 1700 942 1733 cleeris
963 1700 1170 1734 Abbatibus:

297 1755 341 1787 Ab
362 1757 555 1796 ImperatorIs
568 1762 657 1784 manu
665 1749 813 1793 sceptrum
819 1748 872 1792 seu
881 1751 991 1792 pedum
1003 1755 1167 1791 accipiunt.

296 1805 480 1847 Utriusque
518 1802 709 1836 investituras
747 1800 850 1837 ritum
891 1800 979 1843 large
1015 1798 1167 1834 describit

295 1854 462 1898 Georgius
482 1852 636 1889 Codinus
647 1850 874 1894 Curopalates.
907 1849 985 1895 Ejus
995 1850 1167 1883 exordium

296 1903 428 1948 quidam
454 1903 596 1938 referunt
623 1902 656 1936 in
684 1894 779 1937 L'eon
801 1912 832 1934 m
860 1900 1002 1935 Maurum
1029 1901 1166 1944 Impera-

293 1966 397 1989 torem
412 1980 422 1995 ,
450 1964 505 1988 aut
526 1953 612 1988 certe
633 1952 667 1986 in
688 1952 767 1994 ejus,
801 1951 879 1984 lium
907 1949 1164 1985 Constantinum

292 2004 505 2039 Caballinum
524 2029 535 2046 ‚
568 2003 625 2046 qui
662 2001 917 2036 Constantinum
944 1999 1163 2035 patriarcham

291 2055 448 2097 produxit
471 2055 505 2088 in
527 2052 719 2087 Ambonem
739 2076 750 2091 ‚
787 2051 907 2094 ipfique
936 2051 1004 2083 illic
1032 2049 1163 2084 tradidit

290 2104 430 2150 insignia
452 2105 683 2147 Episcopatus..
710 2101 813 2149 Qod
841 2101 945 2144 ipsum
964 2100 1069 2134 distus
1091 2100 1163 2134 Leo

291 2156 400 2190 fecisse
421 2151 743 2188 diciturPatriarchae
757 2151 944 2184 Anastasio.
970 2149 1161 2184 Hincenim

291 2205 331 2241 ad
369 2205 462 2239 illurn
499 2202 616 2246 scripsit
650 2200 829 2244 Gregorius
855 2199 1014 2234 secundus
1050 2198 1164 2233 Ponti-

290 2256 364 2291 fex:
392 2254 649 2298 ,Quemadmodum
673 2250 814 2294 Pontifex
834 2248 1052 2298 introspiciendi
1062 2254 1094 2283 in
1106 2251 1166 2282 Pa-

291 2309 395 2341 latium
407 2316 463 2338 non
484 2303 574 2337 habet
591 2301 764 2344 potestatem
777 2324 787 2340 ‚
808 2311 843 2333 ac
864 2302 1028 2344 dignitates
1050 2302 1162 2344 Regias

292 2355 445 2398 deferendi
454 2366 468 2396 ‚·
488 2353 529 2396 fic
540 2363 633 2395 neque
646 2354 811 2393 Imperator
822 2355 854 2383 in
866 2349 1009 2391 Ecclefias
1028 2349 1164 2393 introspr‘-
1182 2355 1185 2388 i,

293 2408 413 2445 cstndt,
440 2405 635 2439 &demones
647 2408 679 2434 in
693 2402 777 2434 clero
784 2402 971 2444 peragendi,
998 2411 1092 2442 neque
1101 2411 1165 2432 con-

291 2456 429 2501 secrandi
441 2479 451 2495 ‚
471 2455 521 2488 vel
528 2452 656 2492 Symbola
667 2454 687 2484 5
688 2451 840 2484 aridorum
850 2453 870 2484 5
871 2457 1102 2484 aeramentorum
1112 2451 1166 2483 ad-

295 2505 482 2544 ministrandi
493 2529 503 2544 ,
525 2502 582 2546 stad
596 2513 684 2544 neque
691 2502 900 2544 participandi
906 2500 967 2542 fine
979 2508 1066 2542 opera
1074 2502 1171 2533 sacer·
1184 2499 1186 2515 ¹

296 2557 376 2589 dous
400 2579 407 2586 .
436 2554 529 2587 Hinc
548 2551 665 2585 merito
689 2551 722 2584 &
743 2550 890 2584 Silvester
912 2550 1112 2594 Sguropulus
1134 2550 1168 2583 ἀ
1186 2543 1188 2568 i

296 2602 508 2647 Nicephorus
527 2604 690 2645 Gregoras
710 2601 873 2634 affirmant
893 2601 956 2634 esse
977 2609 1101 2633 morem
1113 2611 1167 2632 an-

296 2656 441 2698 tiquum.
470 2653 547 2686 Erat
559 2650 735 2685 admodum
749 2650 920 2683 solemnis.
950 2648 1166 2691 Ejusenimin

295 2703 517 2748 Metrophane
538 2699 724 2736 patriarcha
739 2697 869 2733 videndi
881 2700 973 2733 causa
987 2696 1168 2742 Theophy·

295 2756 396 2789 laetus
408 2778 419 2795 ,
447 2753 556 2788 nescio
571 2751 661 2793 cujus
674 2750 769 2793 propi:
777 2749 1105 2791 Constantinopolim
1118 2760 1169 2791 pa·

294 2807 327 2850 gi
339 2803 530 2846 Presbyter,
557 2801 681 2835 accessit
700 2800 836 2834 eandem
862 2800 1002 2843 Regiam
1030 2798 1168 2837 urbem,

295 2855 373 2889 &in
386 2854 450 2898 ipsa
464 2852 651 2888 Dominicae
662 2850 869 2883 Ascenfioms
883 2849 997 2893 vigilia
1009 2847 1166 2891 populum

299 2907 389 2939 suum
403 2904 549 2938 curiosus
559 2900 750 2943 dereliquit.
763 2900 812 2933 lta
827 2898 935 2932 scribit
948 2899 1034 2931 idem
1049 2897 1167 2940 Sguro·

318 2955 407 2991 ulus.

297 2966 317 2997 P
349 3006 391 3037 Et
402 3002 482 3038 hinc
494 3000 592 3037 etiam
603 2999 701 3035 hodie
711 2999 862 3034 barbarus
874 2997 1067 3032 Christianae
1080 2995 1166 3029 Reli-

302 3052 410 3096 gionis
434 3052 533 3086 hostis
555 3052 739 3085 Turcarum
767 3050 942 3092 imperator
967 3045 1167 3081 patriarchas

304 3112 439 3139 omnes,
466 3101 643 3145 Episcopos
655 3099 923 3144 atqueAbbates
943 3108 996 3140 per
1016 3095 1166 3129 baculum

305 3151 455 3188 investit,
480 3150 666 3184 existimans
678 3150 750 3183 sein
764 3150 878 3182 cuneta
906 3145 1080 3179 Christiani
1104 3145 1168 3178 Irn-

305 3198 535 3243 peratorisjura
547 3199 737 3232 succeffiffe.
765 3201 808 3232 Er
831 3197 1024 3241 quibusdam
1040 3196 1164 3229 videtur

302 3248 336 3283 id
347 3260 412 3282 non
429 3248 558 3290 penitus
568 3246 812 3281 admirandum.
844 3249 976 3281 Etenim
989 3247 1075 3290 quod
1087 3245 1154 3277 Hie

302 3297 536 3341 rosolymitana
547 3295 684 3329 Ecclesia
699 3297 889 3330 Patriarchae
909 3297 955 3330 sui
976 3296 1165 3330 ebulonem

302 3350 400 3383 etiam
411 3346 429 3379 a
441 3344 587 3379 Chosroa
600 3343 762 3377 Persarum
775 3346 867 3389 Rege
879 3346 959 3379 olim
982 3347 1163 3379 confirmari

304 3396 473 3441 postularit
495 3419 504 3434 ‚
533 3392 621 3435 supra
642 3393 823 3425 audivimus
850 3395 867 3426 a
894 3394 1080 3438 Nicephoro
1103 3395 1165 3429 Ca-

301 3449 385 3484 limo
404 3472 412 3480 .
449 3445 507 3479 Ast
528 3441 712 3487 exemplum
741 3454 806 3476 non
828 3442 872 3476 est
895 3444 988 3486 plene
1011 3444 1054 3479 ad
1077 3456 1143 3481 rem
1158 3469 1165 3477 .

653 177 903 240 Quia-ri
938 174 1241 219 Moenum
1261 188 1339 219 Lts
1374 175 1790 237 Disseruit-ro,

1247 258 1317 292 Nec
1349 259 1439 292 enim
1458 257 1585 292 constat
1607 258 1790 296 Chosroarn
1812 262 1903 297 suiffe
1923 263 2092 309 Paganum
2106 290 2116 299 .

1245 307 1362 353 Longe
1372 309 1458 343 aliud
1472 309 1506 342 in
1520 309 1595 343 sacri
1606 307 1688 342 Belli
1700 310 1847 346 Historia
1856 313 1965 348 scribit
1977 315 2115 351 Guiliel-

1244 368 1316 393 mus
1325 359 1509 402 Tyriorum
1523 357 1816 404 Archiepiscopus:
1840 362 1985 406 chosroae
2007 365 2114 409 Persa-

1244 420 1308 441 rum
1331 412 1397 442 Rex
1417 409 1626 451 potenttffimus
1649 432 1661 449 ‚
1697 410 1817 442 Domini
1839 415 1975 449 maurini
1997 417 2114 459 August}

1238 458 1336 500 filiam
1347 481 1358 497 ,
1383 466 1498 493 nomine
1510 462 1644 492 Mariam
1661 482 1673 498 ,
1699 464 1732 493 in
1752 470 1874 494 uxorem
1893 464 1979 499 duecte
1993 489 2003 505 ‚
2028 468 2113 506 cujus

1239 514 1344 551 gratia
1353 510 1478 552 conjugit
1491 512 1662 543 Lavacrum
1671 515 1901 553 regenerationis
1913 514 2039 554 adeptus
2048 516 2089 556 est
2101 540 2114 557 ,

1239 556 1359 601 fuitque
1378 561 1575 592 Romanorum
1595 560 1779 603 arnictffimus
1804 584 1815 600 ,
1840 562 1983 603 quamdtu
1999 567 2114 604 pradi-

1243 607 1306 640 θαι
1318 614 1399 641 vixit
1410 612 1588 650 Imperator.
1615 607 1670 643 Ad
1681 609 1777 652 hujus
1797 610 1918 646 caedem
1946 612 2114 649 vindican-

1243 659 1317 691 dam
1332 659 1442 701 irrupit
1454 658 1510 692 ille
1521 659 1554 691 in
1566 659 1761 701 Imperium,
1783 660 1944 704 Principis
1958 662 2003 696 sui
2017 665 2114 699 truci-

1241 706 1386 742 datorem
1401 707 1552 742 Phocam
1564 707 1754 752 indignatus
1776 709 1795 742 ὲ
1820 710 1982 745 Romanis
1999 711 2114 747 admits

1242 757 1310 793 sum
1333 759 1367 792 in
1388 759 1637 802 Imperatorem.
1666 759 1770 805 Qod
1789 771 1830 793 an
1852 771 1961 796 verum
1984 763 2043 801 fit,
2066 763 2113 797 est

1242 818 1289 841 res
1300 808 1407 853 longae
1419 808 1602 852 quaestionis
1623 828 1630 837 -
1658 808 1830 855 Qidquid
1840 810 1898 851 srt',
1923 812 2112 848 investitura

1241 868 1308 891 non
1323 859 1386 893 fuit
1407 858 1515 899 aliud,
1541 869 1640 902 quam
1661 858 1784 903 Regius
1804 859 1838 893 in
1861 860 2028 897 Antistitis
2048 863 2112 897 ele·

1241 907 1384 942 Ctionem
1405 909 1579 943 consensus
1598 932 1609 948 ,
1654 908 1796 952 ideoque
1811 909 1908 944 etiam
1930 911 1948 944 ὲ
1975 911 2113 957 Pagano.

1242 955 1392 1002 Principe
1405 959 1499 1001 poffit
1510 970 1564 1002 per
1573 957 1836 1001 dispensatoriam
1858 961 2047 1003 patientiam
2060 972 2115 997 to·.

1242 1006 1332 1042 lerari
1346 1031 1354 1039 .
1381 1008 1518 1042 Nam&
1531 1007 1616 1051 apud
1639 1019 1701 1043 nos
1716 1033 1726 1050 ,
1751 1010 1840 1052 quod
1861 1011 1895 1043 in
1917 1011 2035 1054 quinta
2054 1012 2115 1047 sua.

1243 1056 1396 1091 Romana
1421 1056 1559 1099 Synodo
1580 1058 1708 1101 questus
1726 1057 1789 1093 fuit
1808 1061 1988 1105 Gregorius
2014 1063 2108 1104 septi-

1240 1116 1324 1146 mus,
1334 1107 1433 1140 etiam
1448 1107 1585 1140 fizminae
1598 1107 1830 1143 investiebant.
1855 1109 1957 1157 Qod
1969 1110 2115 1146 Mathis.

1239 1155 1289 1190 dis
1316 1156 1487 1201 Augusta,
1513 1156 1640 1200 Regina
1662 1156 1875 1200 Anglorum,
1899 1161 1999 1193 etiam
2018 1161 2110 1204 Epis-

2138 340 2242 372 L-1·c·
2262 353 2286 371 ι.

1240 1217 1341 1249 copos
1353 1217 1407 1249 per
1419 1205 1537 1249 pedum
1560 1205 1780 1245 investiverit,
1804 1206 1916 1242 diserte
1932 1207 2044 1244 scribit
2063 1205 2217 1245 Siw'I-ibde-

1239 1267 1335 1292 meon
1347 1253 1535 1290 Monachus
1549 1256 1780 1291 Dunelmenfis
1791 1280 1799 1288 .

1289 1305 1419 1339 Abusus
1430 1303 1484 1340 hic
1496 1305 1625 1339 videtur
1637 1317 1804 1349 nunquam
1822 1306 1916 1342 fuisse
1937 1308 1970 1342 in
1993 1309 2111 1353 Hispa-

1241 1355 1292 1388 nia
1305 1379 1312 1387 .
1340 1356 1473 1390 Etenim
1486 1354 1607 1389 Gothis
1617 1356 1651 1388 in
1676 1355 1742 1399 ipsa
1763 1356 1975 1401 regnantibus
1985 1380 1998 1398 ‚
2019 1358 2111 1394 Con·

1240 1406 1397 1439 ssantinus
1417 1405 1630 1444 Caballinus‚
1652 1416 1707 1439 aut
1723 1405 1795 1440 Leo
1818 1407 1943 1441 Isauras
1970 1409 2116 1445 necdum

1237 1465 1327 1489 erant
1339 1479 1349 1495 ‚
1358 1456 1391 1489 ἀ
1402 1456 1419 1489 a
1432 1455 1596 1489 Roderico
1606 1454 1696 1489 fatali
1708 1454 1802 1501 Rege
1812 1457 1911 1499 usque
1919 1456 1961 1492 ad
1978 1457 2115 1494 Urbani

2129 1253 2191 1285 cap·
2215 1255 2258 1281 14·

1237 1505 1368 1539 secundi
1382 1515 1526 1549 tempora
1540 1503 1597 1538 sub
1617 1507 1784 1540 Saracenis
1796 1506 1966 1550 Tyrannis
1983 1509 2111 1553 gemuit
2155 1509 2157 1511 ’

1237 1554 1293 1588 ista
1307 1555 1448 1588 Ecclesia
1461 1579 1471 1594 ‚
1497 1565 1594 1598 atque
1606 1555 1651 1589 ita
1663 1556 1742 1590 dum
1756 1567 1810 1599 per
1833 1557 2000 1592 laudatum
2021 1557 2115 1595 Pom

1235 1604 1355 1638 tificem
1368 1605 1553 1638 reviviscere
1567 1605 1661 1648 caepit
1673 1605 1707 1639 in
1722 1605 1946 1641 Christianam
1965 1606 2113 1652 discipliz

1237 1665 1309 1687 nam
1324 1678 1335 1694 ,
1344 1654 1376 1687 δε
1388 1654 1466 1697 ejus,
1478 1655 1511 1690 ὃς
1523 1654 1676 1699 Gregorii
1693 1655 1765 1689 Vll.
1780 1655 1930 1692 adversus
1940 1657 2107 1692 investitu-

1235 1715 1300 1737 ram
1311 1704 1448 1738 Decreta
1459 1704 1600 1737 omnino
1610 1705 1727 1748 recepit
1740 1730 1746 1737 .
1759 1705 2108 1752 QodDaimbertum

1236 1753 1387 1786 Pisanum
1413 1752 1703 1798 Archiepiscopum
1728 1754 1761 1789 in
1784 1756 1961 1799 Hispanias
1979 1757 2021 1791 ad
2047 1758 2107 1792 Al-

1233 1802 1395 1846 phonsum
1409 1803 1536 1848 Regem
1549 1803 1664 1849 legarit
1686 1803 1836 1849 laudatus
1860 1806 2044 1848 Urbanus,
2069 1807 2112 1841 ἱιι

1233 1854 1309 1887 sacri
1333 1854 1415 1887 Belli
1439 1854 1587 1887 Historia
1611 1852 1719 1888 scribit
1739 1853 1894 1889 Albertus
1914 1856 2107 1891 Canonicus
2126 1851 2184 1882 Lib·
2199 1860 2227 1885 ⁷·
2251 1861 2284 1883 Ε·
2328 1867 2333 1874 “

1232 1901 1388 1947 Aquensis
1402 1928 1409 1934 .
1437 1903 1584 1938 Laudata
1596 1904 1734 1938 Decreta
1745 1904 1790 1938 est
1803 1904 1857 1939 ille
1869 1906 1940 1939 istic
1950 1905 2037 1941 haud
2046 1906 2115 1941 du·.
2124 1895 2151 1922 ὀ·
2173 1891 2205 1924 ⁸⁵
2226 1902 2252 1929 7·

1229 1952 1281 1988 bie
1292 1964 1445 1987 executus
1456 1978 1463 1985 .
1491 1954 1668 2001 Eademwde
1678 1954 1960 1989 causa.0rientalis
1972 1954 2030 1989 sub
2041 1956 2103 1991 La·

1226 2003 1305 2036 tinis
1318 2003 1464 2048 Regibus
1477 2002 1619 2037 Ecclesia
1630 2003 1693 2037 fuit
1715 2003 1814 2039 libera
1835 2004 1877 2038 ab
1895 2003 1958 2039 isto
1981 2004 2102 2040 abusu.

1227 2052 1426 2087 Godefridus
1448 2054 1535 2086 enim
1546 2051 1772 2098 Lotharingiae
1791 2053 1893 2095 Dux,
1921 2066 1959 2089 ac
1981 2054 2130 2098 primusa

1226 2102 1457 2145 Hierosolyme
1470 2101 1633 2145 Rex,licet
1642 2103 1755 2138 omnia
1765 2103 1918 2148 Gregorii
1927 2104 2056 2148 septimi
2065 2106 2102 2141 in

1225 2153 1408 2186 Henricum
1423 2163 1574 2195 quartum
1594 2154 1664 2186 aska
1687 2164 1754 2188 non
1777 2154 1918 2196 probarit
1937 2179 1947 2195 ‚
1973 2154 2008 2189 δε
2030 2154 2113 2189 Βυι

1225 2201 1385 2245 dolphum
1397 2203 1520 2236 Sueviae
1541 2203 1691 2242 Ducem,
1715 2203 1833 2237 &disto
1854 2203 2018 2238 pontifice
2039 2215 2102 2247 pro

1226 2253 1313 2287 disto
1324 2253 1474 2286 Henrico
1486 2252 1661 2296 degradato
1671 2252 1835 2288 suffestum
1846 2255 2076 2298 Imperatorem
2086 2272 2114 2295 ,ι

1228 2304 1362 2346 propriis
1381 2302 1412 2334 in
1439 2300 1526 2334 bello
1548 2302 1700 2336 manibus
1720 2302 1897 2343 occiderit,
1928 2314 2114 2347 nunquam}

1228 2363 1333 2386 tamen
1362 2353 1479 2396 legitur
1504 2352 1695 2385 investivisse
1717 2377 1725 2384 .
1752 2352 1813 2386 Sed
1839 2364 1898 2387 nec
1920 2353 2006 2387 ullus
2031 2353 2111 2395 eius·

1229 2404 1413 2436 Succeflor.
1441 2402 1541 2445 Regii
1555 2412 1662 2435 tamen
1685 2403 1862 2437 consensus
1881 2413 2006 2437 morem
2029 2403 2180 2457 numm).
2208 2439 2235 2458 η·

1233 2502 1431 2544 Tyriorum·
1751 2538 1753 2540 ,

1284 2553 1393 2585 Etiam
1417 2552 1450 2585 in
1474 2549 1587 2589 Italia,
1609 2550 1775 2594 praesertim
1794 2551 1827 2583 in
1851 2549 2035 2584 Provinciis
2056 2551 2107 2585 ad⁴

1235 2600 1556 2635 RomaniPontificis
1566 2601 1841 2634 consecrationem
1863 2599 2108 2643 spirantibus„

1237 2662 1402 2695 nunquam
1415 2651 1506 2684 fuiffe
1517 2649 1649 2683 abusum
1664 2648 1753 2683 hunc
1772 2649 1956 2683 audivimus
1970 2650 2059 2692 supra
2078 2650 2107 2683 ὲ.

1231 2701 1331 2733 Floro
1367 2701 1528 2741 Diacono
1542 2699 1753 2742 Lugdunensi
1779 2722 1787 2731 .
1825 2699 1870 2734 Et
1892 2697 1969 2732 hinc
1991 2699 2032 2733 de
2053 2700 2108 2742 seq

1231 2752 1368 2793 metipso
1380 2749 1517 2783 Ostiensi
1544 2748 1706 2791 Episcopo
1731 2748 1841 2786 scribit
1861 2748 1902 2782 ad
1917 2749 2106 2792 Nicolaum,

1211 2819 1215 2854 f
1231 2800 1407 2833 secundum
1420 2798 1616 2832 Pontificem
1627 2799 1761 2833 SanCtus
1781 2798 1896 2832 Petrus
1915 2798 2074 2834 Damiani
2086 2810 2105 2830 t.

1232 2453 1386 2496 viguisse,
1413 2452 1519 2494 palam
1538 2450 1645 2485 scribit
1666 2452 1862 2487 Guilielmus
1884 2451 2099 2496 Metropolim
2119 2475 2186 2505 cap,
2216 2477 2259 2505 ¹3,
2323 2459 2325 2461 '

1229 2850 1310 2882 cedo
1313 2850 1380 2890 juri
1393 2847 1587 2891 Episcopatus
1600 2874 1608 2888 ‚
1621 2849 1654 2881 (9
1662 2856 1716 2889 per
1724 2847 1798 2893 bunc
1808 2849 1967 2889 annulum,
1976 2853 2096 2891 virgam
2117 2847 2181 2879 Lib,
2208 2859 2253 2880 ¹0-

1210 2907 1214 2939 Ι
1229 2904 1307 2932 enim
1315 2897 1421 2938 tultstt's
1434 2922 1445 2938 ‚
1469 2903 1603 2931 renuntio
1617 2925 1623 2930 .
1652 2897 1807 2933 Pontifici
1820 2897 1925 2932 reddit
1936 2896 2095 2931 annulum
2120 2891 2169 2925 Ep.
2194 2898 2222 2927 9·

1211 2880 1214 2905 Ι

1210 2942 1395 2992 laevir-gam
1409 2973 1418 2989 ‚
1446 2949 1533 2991 quod
1545 2949 1674 2991 peripsa
1695 2948 1736 2982 ab
1758 2948 1837 2987 illo,
1861 2959 1929 2981 non
1951 2946 1970 2980 a
1991 2946 2104 2980 Laico·

1211 2976 1492 3039 'Principefuiffet
1506 2998 1692 3031 investitus.
1720 2998 1762 3032 Et
1775 2997 1816 3032 de
1836 2996 1981 3029 Henrico
2002 2996 2104 3029 sexto.

1211 3055 1213 3095 j
1229 3049 1422 3089 imperatore
1435 3049 1541 3081 scribit
1552 3050 1585 3081 in
1599 3049 1787 3082 sclavorum
1796 3044 1963 3080 Chronico
1974 3044 2097 3078 Arnol·

1210 3098 1408 3144 {dusAbbas
1432 3098 1641 3132 Lubecenfis:
1671 3102 1812 3131 Henrtcus
1832 3099 1864 3127 in
1886 3094 2096 3138 Langobar-dia

1209 3146 1214 3201 Ι
1225 3146 1331 3189 pofitur
1354 3146 1531 3190 Episcopum
1552 3148 1708 3189 quemdam
1731 3143 1821 3186 adse
1841 3143 1966 3185 accersiri
1991 3144 2095 3186 Juffit‚
2119 3154 2176 3184 1¹11,
2196 3165 2224 3192 3,
2241 3153 2266 3185 ξ,

1211 3202 1274 3235 [cut
1294 3204 1385 3229 etiam
1404 3200 1483 3230 dixit
1505 3223 1514 3238 ,
1539 3201 1595 3229 Dic
1613 3198 1738 3234 clerice,
1768 3196 1787 3225 ᾶ
1810 3206 1866 3236 quo
1887 3193 2096 3235 investtturam
2123 3198 2163 3223 ¹6,

1209 3239 1213 3259 '
1229 3248 1427 3289 Pontificalem
1442 3247 1616 3291 suscepisti?
1641 3248 1687 3277 Et
1706 3245 1754 3276 ille
1769 3267 1779 3282 ‚
1806 3247 1966 3277 ADomino
1988 3247 2092 3286 Papa.

1229 3301 1358 3339 Cumque
1369 3304 1454 3331 tertio
1475 3296 1583 3340 eisdem
1605 3293 1705 3327 verbis
1727 3304 1792 3325 eum
1812 3293 1985 3336 requififfi't‚
2011 3295 2094 3326 dlxit

1231 3346 1393 3388 Episcopus
1406 3360 1412 3378 ε
1437 3350 1557 3380 Domine
1566 3343 1643 3376 nibil
1653 3343 1688 3375 de
1700 3343 1862 3386 Regaltbus
1878 3343 2000 3384 poffideo
2011 3367 2021 3382 ‚
2041 3353 2093 3375 nec

1230 3398 1435 3437 ,Ministerl‘ales
1449 3406 1499 3428 nec
1509 3397 1612 3425 curtes
1627 3396 1734 3436 Regias
1747 3392 1836 3426 habeo
1847 3417 1858 3432 ,
1869 3393 1974 3424 idcirco
1985 3393 2021 3424 de
2029 3404 2093 3424 ma·

1229 3447 1311 3479 nibus
1324 3444 1445 3479 Domini
1453 3443 1548 3485 Papae
1561 3441 1736 3476 Parocht‘am
1746 3466 1757 3483 ,
1782 3446 1827 3477 cui
1833 3439 1960 3487 praesum
1971 3465 1981 3480 ,
1992 3450 2073 3475 teneo
2082 3461 2095 3477 ι

1964 3492 2044 3524 Tunc
