2352 3736
122 368 261 407 Leo}

111 922 270 963 Le3.c,36.

377 174 477 230 306

298 253 407 288 tionis
416 247 561 295 periculo
572 270 584 287 ,
610 244 785 291 scribitque
794 243 836 280 de
845 246 877 279 se
892 255 934 278 ac
958 243 1000 278 de
1018 243 1153 279 mutatis
1172 244 1190 279 a

298 304 334 339 fe
348 303 381 337 in
394 301 495 336 aliam*
503 306 648 332 mentem
660 296 832 340 Episcopis
842 295 1026 338 Imperator
1047 295 1188 339 Joannes

302 355 574 388 Cantacuzenus:
603 343 812 390 Adfirmabant
822 356 875 379 nec
879 344 1065 388 fibiprobari
1075 370 1088 386 ,
1126 350 1188 381 Pa-

297 398 462 439 triarcbam
475 397 579 434 throno
589 397 724 439 depelli,
749 394 809 438 nist*
818 395 999 440 perversam
1021 396 1186 431 dollrinam

297 453 333 486 Θ
344 449 383 483 ab
394 448 571 485 ,orthodoxa
583 448 723 490 religione
734 447 828 483 valde
837 445 1057 490 dffcrepantem
1073 446 1185 491 sedari

293 498 515 542 ostenderetur.
541 498 668 532 Omnia
682 496 817 541 Papalia
839 498 1010 543 privilegia
1023 497 1059 535 in
1084 496 1188 533 Patri,-

293 548 431 586 archam
440 548 854 591 Constantinopontanum
865 547 1073 584 Schismatici
1095 549 1185 587 Grae-

293 601 328 636 ci
350 599 617 642 transcripserunt
627 624 635 636 ,
673 597 786 635 Etiam
806 597 890 637 illud
917 624 929 641 ‚
966 600 1057 644 quod
1078 600 1185 635 asserit

291 650 420 696 Papam
431 651 493 684 effe
517 648 610 694 supra
634 648 829 685 Concilium
843 673 856 691 ‚
883 649 1027 695 ideoque
1048 650 1090 686 ab
1112 652 1183 695 ipso

291 713 365 737 non
377 700 437 735 nisi
450 700 497 736 ob
509 699 665 735 Haeresim
676 699 766 744 posIe
776 700 945 746 degradari
958 727 970 744 ‚
995 711 1052 736 aut
1073 701 1183 746 potius

291 751 450 787 declarari
471 751 703 796 degradatum.
741 750 811 786 Hic
831 751 877 785 est
897 751 956 787 ille
990 751 1179 787 Patriarcha

291 803 453 852 Joannes,
489 802 547 847 qui
569 803 731 846 Joannem
752 801 944 837 Andronici
968 802 1101 838 secundi
1123 802 1180 837 Pa·

290 851 425 898 laeologi
438 851 546 886 filium
566 852 739 887 coronavit
751 852 786 886 in
804 852 1036 897 Imperatorem
1048 878 1058 894 ‚
1084 854 1119 888 &
1138 853 1179 888 de

291 914 360 948 quo
369 902 481 938 scribit
492 903 581 937 idem
592 902 866 938 Cantacuzenus:
893 907 931 937 In
947 915 1008 947 qua
1023 902 1096 946 festi
1115 904 1176 938 diei

289 954 461 989 celebritate
470 965 570 987 omnes
579 954 660 995 pene*
681 955 822 989 Proceres
834 978 845 994 ,
863 962 898 986 ut
919 965 1062 996 quemque
1081 958 1177 996 Impe-

288 1010 393 1041 ratrix
406 1028 419 1045 ,
444 1002 630 1038 patriarcha
639 1027 651 1044 ,
676 1004 712 1037 Θ
722 1005 886 1040 Concilium
898 1005 950 1048 effi·
961 1005 1178 1049 dignumjudi-

286 1063 398 1089 carant
410 1079 422 1095 ,
445 1055 611 1097 dignitates
622 1054 727 1096 adepti
735 1052 828 1097 sunt.
869 1054 1072 1094 Patriarcba,
1107 1059 1178 1098 quia

284 1107 419 1155 gradum
424 1111 599 1146 permutare
621 1115 678 1137 non
695 1112 818 1147 poterat
830 1129 841 1145 ,
868 1104 972 1139 habitu
987 1104 1023 1149 se
1040 1104 1178 1148 augustio-

288 1168 354 1190 rem
367 1154 466 1199 fecit,
492 1157 527 1189 &
548 1160 581 1188 in
596 1152 862 1199 subscriptionibus
889 1157 979 1191 colore
1004 1159 1114 1197 ceruleo
1135 1155 1174 1196 est

288 1204 360 1250 usus
371 1230 384 1247 ‚
404 1205 633 1248 flammeumque
640 1204 694 1249 seu
701 1214 816 1249 tegmen
829 1210 959 1248 capitis,
985 1207 1066 1251 quod
1085 1207 1178 1240 antea

291 1255 496 1291 Patriarcbas
506 1280 518 1296 ‚
538 1255 610 1298 fide
621 1254 779 1289 Monachis‘
786 1259 844 1289 non
852 1256 939 1300 ffnt
950 1280 962 1296 ‚
987 1255 1088 1289 album
1091 1254 1177 1297 ferre

286 1319 355 1343 mos
364 1314 452 1345 erat,
487 1304 548 1349 ipse
565 1317 639 1339 auro
658 1305 822 1346 illustravit
832 1329 844 1346 ,
869 1308 1041 1340 servatoris
1065 1305 1154 1346 nostri
1164 1330 1176 1347 ‚

286 1356 456 1391 &illibatae
474 1358 539 1398 eJ'us
551 1359 712 1389 Genitricis
726 1359 870 1399 Deiparae
883 1381 894 1396 ,
921 1368 957 1390 ac
960 1360 994 1402 J
995 1361 1103 1391 oannis
1114 1358 1178 1389 Ba-

279 1406 385 1455 ptistae
396 1412 428 1439 in
438 1417 470 1440 eo.
480 1406 607 1448 depic‘lis
619 1405 751 1441 iconibus
761 1430 769 1438 .
797 1407 842 1440 Et
853 1404 920 1441 hoc
934 1408 1012 1453 quia
1036 1404 1176 1451 gradum

284 1457 540 1502 permutare,seu
549 1455 648 1490 altius
661 1467 730 1491 non
741 1457 843 1499 posset
851 1457 1034 1492 ascendere.
1045 1457 1175 1500 Episco-

285 1518 399 1555 patum
414 1509 507 1540 suum
517 1506 670 1540 censebat
680 1506 823 1541 omnino
833 1507 1175 1551 supremum,ideoque

279 1559 318 1593 ἃ
330 1558 427 1591 variis
438 1557 472 1591 id
484 1556 658 1600 profitetur
668 1555 873 1590 ornamentis
887 1580 894 1588 .
905 1555 986 1602 Qae
997 1557 1113 1593 omnia
1124 1568 1175 1592 or·

277 1618 354 1644 tum
366 1607 494 1642 ducunt
505 1617 548 1643 ex
559 1604 726 1641 Michaele
740 1605 912 1641 Cerulario
922 1631 930 1639 .

332 1656 570 1703 Degradare&
591 1658 736 1692 erectum
759 1657 778 1690 a
799 1657 832 1689 se
852 1656 988 1689 furnum
1009 1654 1173 1692 destruere

276 1708 397 1744 minati
411 1705 591 1741 Michaelis
603 1705 776 1743 audaciam
787 1714 888 1746 atque
898 1703 1084 1747 potentiam
1097 1715 1169 1738 orn·

277 1757 365 1793 nino
405 1756 517 1792 timuit
561 1755 744 1799 Imperator
778 1754 919 1789 isaacius
948 1753 1144 1789 Comnenus
1163 1776 1176 1793 2

275 1807 423 1852 ideoque
449 1807 490 1841 de
515 1804 587 1849 ipso
611 1805 717 1849 pergit
731 1805 873 1847 Ioannes
896 1804 1039 1846 Scylitza
1051 1818 1063 1837 ,ε
1100 1812 1174 1840 Haec

274 1860 406 1896 audiens
430 1860 593 1899 Imperator
613 1854 790 1888 Michaelem
809 1855 1026 1895 muffitantem‚
1057 1853 1174 1894 studuit

273 1915 377 1953 potius
389 1907 507 1950 aliquid
517 1914 691 1948 perpetrare
701 1916 793 1947 quam
799 1910 874 1946 pati
884 1929 891 1936 .
928 1906 1034 1948 ,Quare
1043 1915 1109 1938 cum
1121 1909 1172 1942 Ar-

275 1959 482 2003 changelorum
504 1957 570 1989 dies
594 1955 783 1998 adveniffet,
818 1955 968 2002 egreditur
990 1954 1173 1992 Patriarcba

276 2011 322 2044 ad
328 2007 506 2042 suburbana
519 2007 581 2039 loca
591 2029 604 2046 ,
631 2013 666 2040 ut
680 2003 860 2045 ibtstudiose
884 2015 919 2038 ac
935 2002 1060 2047 fhlemni
1084 2008 1148 2038 ritu
1160 2029 1172 2046 ‚

274 2071 344 2104 quae
354 2060 399 2091 ad
407 2059 486 2090 diem
493 2055 601 2098 festum
606 2062 796 2098 pertinerent
808 2078 819 2094 ,
853 2062 1015 2098 perageret
1028 2078 1036 2086 .
1073 2059 1171 2097 Impe-

274 2118 359 2144 rator
372 2118 472 2142 autem
482 2116 516 2141 ut
526 2108 605 2141 lucro
612 2105 669 2149 fibi
680 2105 782 2139 oblata
792 2102 930 2145 occafione
937 2112 1060 2147 accepta
1069 2129 1081 2146 ,
1093 2109 1173 2141 veri-

273 2171 327 2196 tus
341 2165 455 2203 nequis
467 2155 612 2191 tunultus
637 2165 690 2190 aut
705 2155 898 2198 perturbatio
913 2154 1022 2197 fleret,
1049 2154 1172 2188 turbam

273 2213 405 2247 militum
415 2207 490 2250 misit
500 2234 510 2249 ,
533 2214 584 2251 qul
595 2206 693 2251 ipsum
705 2205 833 2248 nanfine
846 2210 1010 2253 ignominia
1031 2206 1048 2238 ἑ
1066 2204 1172 2239 throno

274 2268 444 2303 correptum
455 2270 489 2292 ac
500 2260 576 2293 mulo
586 2256 748 2301 impositum
759 2282 771 2298 ,
796 2254 885 2299 usque
896 2256 941 2289 ad
951 2257 1039 2289 littus
1051 2280 1063 2296 ,
1090 2257 1173 2298 quod

271 2312 314 2354 est
324 2317 356 2344 in
369 2308 547 2344 Blachernis
559 2333 570 2348 ,
590 2309 775 2351 impellentes
789 2308 980 2341 deduxerunt
993 2330 1005 2346 ,
1030 2307 1065 2339 ό*
1075 2304 1171 2350 ipsum

271 2365 310 2397 ὁ·
333 2361 490 2395 Patrueles
511 2361 576 2400 eJ’us
588 2382 599 2399 ,
632 2368 724 2401 atque
736 2357 807 2390 inde
818 2356 928 2390 Lembo
948 2355 1112 2398 impofitum
1129 2357 1173 2388 ad

272 2410 468 2455 Proconesum
478 2419 512 2443 ut
523 2411 658 2444 exularet
670 2433 681 2449 ,
714 2409 935 2451 perducendum
955 2412 1074 2443 curavit
1084 2431 1091 2438 .
1105 2404 1172 2449 Ipse

270 2474 338 2496 cum
350 2461 501 2504 aliquibus
515 2460 714 2502 Metropolitis
726 2459 877 2491 collocutus
892 2481 903 2498 ,
933 2458 969 2491 &³
980 2458 1015 2492 de
1038 2454 1100 2500 tosa
1121 2456 1172 2492 ab·

271 2513 401 2550 dicando
414 2510 630 2553 spellatiffimis
656 2507 784 2551 ipsorum
805 2507 906 2541 eleo‘i‘is
922 2531 932 2547 ,
958 2518 1057 2541 eorum
1081 2515 1171 2549 opera

272 2567 399 2596 nuntiat
419 2569 452 2593 ut
477 2557 762 2602 Archiepiscopatum
784 2558 914 2599 deponat
940 2580 951 2596 ‚
990 2556 1172 2599 priusquam

273 2610 372 2655 ipsum
380 2621 446 2645 cum
468 2610 603 2642 dedecore
626 2613 772 2647 amittat,
797 2613 837 2639 iis
861 2618 930 2648 quae
951 2615 1053 2639 contra
1077 2604 1171 2648 ipsum

272 2665 404 2697 Decreta
417 2667 503 2694 erant
513 2683 524 2700 ,
548 2657 682 2700 expolitis
698 2658 913 2700 &propalatis
924 2657 1033 2694 synodo
1046 2657 1081 2689 (5
1093 2660 1171 2687 con-

272 2713 340 2747 cilio
352 2736 359 2743 .
385 2711 446 2745 Sed
456 2720 521 2742 cum
533 2707 601 2751 ipsis
614 2707 699 2750 visus
712 2708 780 2751 effet
800 2704 980 2749 eujusmodi,
1006 2711 1058 2747 qui
1081 2713 1169 2747 expu-

271 2767 363 2811 gnari
377 2763 412 2796 (θ’
425 2762 554 2802 deprimi
565 2770 622 2792 non
628 2759 719 2802 posset
733 2781 744 2797 ,
771 2764 917 2799 quantum
929 2757 973 2788 ad
987 2753 1084 2798 ipsum
1094 2762 1167 2789 atti-

274 2812 367 2845 nebat
379 2837 390 2853 ,
424 2808 582 2853 desperata
595 2808 662 2850 fuit
685 2806 819 2850 depositio
840 2807 1020 2845 sacerdotii,
1047 2807 1085 2840 de
1105 2817 1167 2849 qua

273 2865 455 2905 Imperatore
466 2860 570 2901 affidue’
578 2865 725 2904 cogitante
737 2881 749 2898 ,
777 2859 894 2890 interea
904 2861 1004 2890 vitam
1015 2867 1081 2888 cum
1093 2868 1168 2889 mor·

276 2921 307 2947 te
326 2910 507 2945 Patriarcha
527 2910 692 2952 tranquille
723 2916 901 2943 commutat.
941 2907 1038 2946 Cujus
1058 2914 1166 2947 corpus

276 2965 439 3003 Imperator
453 2985 465 3003 ,
488 2960 568 3005 quod
577 2958 673 3003 ipsum
686 2959 758 2999 jam
777 2962 963 2999 poenituerat
978 2980 989 2996 ,
1015 2954 1168 2998 honorifice

277 3014 524 3055 importandum,
550 3012 629 3045 &in
634 3007 689 3053 suo
702 3007 874 3048 Monasterio
897 3006 1100 3048 reponendum
1119 3016 1169 3039 cu-

277 3067 351 3099 rat,
381 3061 529 3105 perculsus
548 3072 580 3094 eo
598 3060 740 3093 miraculo
754 3082 765 3098 ,
792 3059 875 3100 quod
895 3057 1045 3090 acciderat
1062 3080 1073 3096 ,
1111 3067 1170 3089 non

277 3107 341 3150 ipse
353 3113 434 3147 modo
448 3135 459 3150 ‚
478 3113 534 3154 sed
542 3121 640 3144 omnes
649 3115 701 3152 qui
713 3120 777 3143 cum
791 3106 855 3151 ipso
865 3116 953 3141 erant
965 3131 972 3139 .
999 3110 1087 3140 Nam
1098 3107 1169 3144 dex·

277 3168 330 3193 tra
342 3159 527 3193 Patriarchae
540 3172 646 3196 manus
657 3166 688 3193 in
699 3165 790 3193 crucis·
810 3158 940 3203 figuram
959 3156 1146 3198 conformata
1158 3180 1169 3196 ,

277 3215 312 3243 ut
321 3218 386 3240 mos
405 3208 443 3247 est
451 3209 638 3242 benedicendi
652 3211 760 3257 populo
773 3209 954 3248 acclamanti
972 3216 1101 3249 pacem,
1126 3212 1169 3241 ita

277 3257 535 3305 firmapermanfit
546 3282 557 3296 ‚
584 3270 675 3301 neque
685 3271 749 3293 cum
761 3269 876 3292 mortuo
888 3266 1005 3301 corpore
1017 3256 1056 3297 est
1066 3262 1168 3294 immu-

278 3317 349 3342 tata
361 3332 369 3340 .
395 3307 601 3354 Qaeornnia
613 3310 785 3343 confirmat
801 3309 902 3343 etiam
916 3306 1067 3347 Michael
1089 3307 1168 3350 Gly-

278 3367 334 3393 cas
349 3382 357 3390 .
385 3356 433 3391 lta
441 3355 498 3399 qui
512 3354 641 3389 turbide
651 3358 771 3404 semper
786 3359 934 3402 vixerat,
960 3358 1062 3397 etiam
1072 3357 1171 3395 turbi-

279 3406 321 3443 de
330 3407 378 3447 est
401 3406 589 3446 defunctus.
816 3427 820 3430 »

893 158 1544 207 DrssenrArlo‘

1440 287 1792 341 CAPUT
1862 294 1966 343 111.

1296 412 1360 459 An
1372 411 1528 458 Divina
1549 408 1753 458 Clementia
1771 426 1886 461 extra
1895 409 2103 477 Ecclesiam

1481 496 1646 550 operetur
1670 481 1912 533 Maenala}

1362 600 1527 636 Iraculum
1540 600 1625 638 istud
1637 626 1650 644 ,
1674 602 1765 646 quod
1781 602 1946 641 Michaeli
1969 602 2144 642 CerulatIo

1385 651 1607 687 adscribitur&
1630 653 1696 691 suis
1720 654 1933 697 symmistis,
1959 654 2006 689 'est
2031 654 2144 690 admo-

1244 701 1326 738 dum
1348 702 1456 738 sterile
1479 715 1517 738 ac
1540 703 1712 738 modicum
1737 729 1745 737 .
1782 704 1952 740 Ambiunt
1974 705 2025 739 illi
2050 704 2142 749 quod

1245 755 1363 788 omnes
1374 754 1500 798 semper
1510 753 1691 789 Haereticos
1704 764 1803 799 atque
1815 754 2049 791 schismaticos
2073 767 2144 790 am·

1245 802 1336 842 biisi'e
1357 803 1469 839 scribit
1487 804 1523 838 in
1544 803 1832 850 Praesctiptionum
1852 805 1938 841 libro
1958 805 2141 841 Tertullia-

1244 865 1323 888 nus:
1352 857 1667 897 Adficiuntpraetered
1689 857 1787 890 multa
1810 857 1848 890 de
1859 857 2035 890 auc‘loritate
2046 853 2142 900 cujus-

1244 916 1301 946 que
1312 905 1448 939 notioris
1474 909 1642 945 Haeretici,
1666 906 1735 939 illos
1758 909 1890 941 maxime
1911 906 2055 940 doHrinae
2073 905 2140 949 suae

1239 953 1521 999 fideniconftrmaffe
1533 979 1545 996 ‚
1571 965 1700 990 mortuos
1706 953 1883 1001 sufistuffb,
1911 957 2023 991 debiles
2046 957 2141 999 refor-

1245 1006 1352 1048 maffe‚
1370 1004 1684 1050 futurafignificaffi,
1710 1014 1743 1044 ut
1763 1010 1869 1041 merito
1895 1007 2020 1050 Apostoli
2042 1008 2139 1043 crede-

1242 1064 1360 1090 rentur.
1391 1055 1471 1090 Illos
1481 1056 1576 1090 sucos
1595 1055 1690 1090 elidit
1700 1057 1869 1102 insigniter
1890 1058 1979 1092 idem
2003 1056 2139 1092 Tertul-

1242 1105 1350 1140 lianus
1363 1129 1375 1145 ,
1399 1105 1434 1139 &
1448 1104 1555 1150 placet
1565 1103 1621 1139 hic
1634 1105 1760 1150 aliquid
1783 1105 1900 1141 addere
1915 1132 1923 1139 .
1951 1106 2136 1143 Miraculo·

1242 1166 1315 1192 rum
1327 1156 1549 1199 patrationem
1564 1178 1576 1195 ‚
1599 1165 1699 1200 atque
1713 1154 1791 1190 inde
1803 1156 1919 1190 erroris
1930 1156 1978 1190 sui
2000 1157 2139 1193 austori-

1241 1215 1344 1240 tatem
1354 1207 1488 1247 venari,
1514 1205 1562 1240 est
1575 1205 1663 1240 avita
1674 1205 1823 1250 superbia
1847 1205 2003 1240 omnium
2028 1205 2144 1241 Hare-

1241 1256 1384 1291 ticorum
1397 1280 1404 1288 .
1432 1255 1570 1290 Etenim
1580 1256 1737 1299 Spiritum
1758 1256 1911 1290 Sandium
1924 1280 1936 1297 ,
1974 1266 2075 1299 quem
2095 1254 2140 1295 ab

1241 1305 1411 1349 Apostolis
1432 1317 1540 1341 emere
1559 1306 1701 1341 tentavit
1720 1306 1842 1344 *Simon
1867 1306 1994 1350 Magus
2015 1329 2028 1346 ‚
2065 1317 2140 1341 non

1240 1356 1445 1403 fuitjonata
1454 1368 1511 1401 per
1522 1355 1786 1406 ipsumvinterna
1807 1356 1978 1397 sanctitas,
2005 1353 2059 1389 fied
2083 1367 2141 1390 ex-

1241 1416 1331 1444 terna
1342 1407 1448 1452 gratia
1458 1403 1697 1441 miracfflorum
1710 1431 1718 1439 .
1747 1406 1792 1440 Et
1804 1405 1883 1441 hinc
1894 1403 1936 1441 de
1946 1404 2073 1441 cunetis
2083 1416 2140 1451 ge·

1242 1458 1380 1491 neratim
1391 1457 1561 1491 Gnosticis
1570 1481 1582 1498 ‚
1609 1456 1669 1500 qui
1679 1468 1721 1491 ex
1731 1456 1802 1502 ipso
1815 1456 1866 1491 uti
1877 1467 1918 1491 ex
1930 1454 2064 1499 putrido
2087 1466 2140 1490 ca·

1237 1505 1355 1541 davere
1381 1518 1506 1541 vermes
1525 1505 1747 1548 ebullierunt,
1782 1505 1896 1542 scribit
1917 1507 2054 1541 Sanetus
2073 1505 2140 1540 Ire-

2154 883 2285 924 Cap-n·

1240 1567 1344 1590 naeus:
1375 1560 1508 1590 Virtutes
1526 1562 1645 1599 operari
1664 1558 1806 1591 dicuntur
1834 1581 1846 1598 ‚
1882 1567 1942 1590 non
1964 1561 1999 1589 in
2020 1560 2138 1592 virtuto
2154 1557 2315 1595 Lac-56¹

1237 1607 1320 1646 Dei,
1358 1616 1452 1648 neque
1463 1612 1497 1639 in
1509 1611 1640 1640 veritate
1649 1630 1660 1646 ,
1688 1617 1780 1648 neque
1788 1612 1822 1640 in
1843 1605 1990 1647 beneficiis
2011 1603 2139 1639 bomini-

1234 1654 1289 1688 bus
1296 1655 1447 1696 facientes
1456 1667 1492 1689 ea
1501 1655 1710 1698 quaefaciunss
1732 1654 1791 1699 sed
1799 1660 1833 1689 in
1838 1660 2001 1697 perniciem
2013 1655 2049 1688 (5
2057 1665 2138 1688 erro-

1234 1714 1299 1739 rem
1318 1711 1377 1745 per
1386 1710 1520 1748 magicas
1530 1704 1674 1746 illufiones
1685 1729 1697 1746 ,
1720 1707 1756 1739 ό·
1766 1703 1909 1748 universa
1922 1703 2041 1746 fraude
2060 1705 2137 1747 plus

1236 1754 1381 1788 laedentes
1395 1778 1407 1794 ‚
1443 1756 1537 1796 quam
1551 1755 1715 1788 utilitatem
1720 1754 1874 1796 praestans
1883 1753 1932 1787 his
1944 1759 1997 1795 qut
2012 1755 2139 1789 credunt

1236 1809 1304 1843 eis,
1329 1808 1362 1836 in
1373 1814 1407 1839 eo
1415 1805 1498 1846 quod
1508 1802 1671 1847 seducunt.
1700 1804 1857 1848 Ipsosque
1874 1804 1988 1849 Magis
2008 1803 2046 1841 δε
2065 1803 2141 1838 Cir·

1238 1852 1442 1888 culatoribus
1452 1853 1545 1890 fuisse
1568 1853 1839 1891 familiarissimos
1858 1854 2015 1888 asseverat
2034 1853 2138 1900 etiam

1237 1903 1470 1940 Tertullianus
1482 1915 1490 1936 :
1518 1905 1564 1938 Et
1575 1903 1643 1940 haec
1655 1904 1862 1941 familiaritas
1872 1903 2048 1948 praesertim
2069 1913 2140 1940 am-

1240 1952 1321 1993 biit,
1347 1953 1370 1987 fi
1384 1965 1453 1989 non
1467 1954 1608 1999 gratiam
1619 1978 1631 1994 ,
1646 1953 1759 1988 saltem
1771 1955 1886 1991 fucum
1898 1954 2138 1990 miraculorum

1238 2003 1388 2038 obtinere
1400 2029 1407 2036 .
1435 2004 1548 2039 Etiam
1559 2004 1708 2038 adversus
1728 2003 1897 2039 Ebionem
1919 2002 2031 2037 scribit
2055 2004 2136 2038 San-

1238 2055 1307 2087 &us
1323 2052 1547 2097 Epiphanius:
1573 2054 1685 2088 Verum
1694 2055 1822 2098 agedum
1833 2056 1855 2087 ὰ
1867 2061 2058 2087 monumento
2071 2055 2135 2086 La·
2148 2070 2309 2108 [4⁰33.-

1238 2114 1342 2140 aarum
1351 2102 1459 2146 accerse
1473 2128 1483 2144 ,
1508 2112 1562 2138 aut
1569 2105 1664 2138 alium
1671 2108 1844 2148 quempIam,
1857 2111 2009 2138 mortuum
2020 2108 2133 2137 excita-

1238 2162 1289 2195 to;
1316 2163 1371 2187 aut
1380 2154 1505 2196 infebhs
1528 2156 1614 2196 lepra
1623 2150 1772 2197 repar-ga,
1796 2159 1884 2188 caecis
1903 2152 2029 2197 visum,
2066 2164 2134 2187 ner-

1237 2215 1343 2237 vorum
1362 2203 1536 2248 resolutione
1554 2204 1760 2239 laborantibus
1779 2203 1968 2248 sanitatem,
1987 2201 2018 2244 fi
2019 2211 2108 2245 potes
2119 2226 2133 2242 ,

1236 2253 1354 2295 restitue
1373 2279 1380 2286 .
1417 2255 1479 2288 Sed
1507 2255 1575 2288 ideo
1593 2262 1653 2288 non
1667 2263 1758 2297 ,potes
1771 2277 1783 2293 ‚
1819 2255 1902 2296 quod
1931 2251 2134 2295 infidelitate,

1236 2302 1394 2347 carnisque
1406 2305 1538 2343 vinculis
1553 2328 1565 2345 ,
1591 2316 1628 2339 ac
1638 2306 1713 2348 legis
1737 2303 1924 2346 imperfec‘lis
1948 2308 2135 2338 caeremoniis

1236 2354 1391 2398 illigatus,
1419 2359 1571 2388 contraria
1582 2356 1628 2388 illi
1641 2359 1741 2388 omnia
1747 2354 1848 2396 facis.
1880 2359 1977 2397 Atque
1999 2363 2034 2387 ut
2051 2361 2137 2395 prae-

1229 2404 1310 2444 stare
1317 2407 1451 2439 maxime
1456 2406 1549 2449 posses
1560 2405 1690 2449 id‚quod
1693 2412 1818 2448 propter
1829 2405 2035 2446 depravatam
2044 2413 2133 2438 tuam

1229 2453 1322 2495 fidem
1334 2454 1456 2489 minime
1462 2464 1548 2497 potes
1560 2456 1692 2499 assequi,
1718 2467 1778 2488 non
1798 2454 1891 2495 instar
1912 2453 2024 2494 Christi
2042 2454 2105 2485 dico
2117 2473 2130 2491 2

1228 2503 1288 2547 sed
1309 2516 1402 2548 neque
1424 2505 1536 2546 Christi
1558 2516 1664 2538 nomen
1685 2506 1732 2538 ad
1748 2505 1866 2540 edenda
1881 2505 2022 2546 prodigia
2041 2508 2130 2542 potes

1232 2560 1393 2596 invocare,
1434 2565 1489 2588 aut
1509 2555 1539 2597 fi
1551 2565 1655 2590 tamen
1676 2560 1889 2592 invocaveris,
1916 2553 2019 2594 efficies
2040 2551 2131 2593 quid·-

1232 2616 1341 2646 quam.
1371 2605 1503 2649 Nempe
1525 2606 1626 2640 etiam
1650 2604 1764 2638 Ebion
1785 2605 1819 2638 δε
1840 2601 2008 2636 Ebionitae
2027 2600 2127 2635 omni

1232 2655 1340 2689 studio
1351 2656 1460 2700 gratiae
1469 2653 1565 2697 hujus
1576 2656 1630 2690 seu
1652 2653 1821 2687 veritatem
1845 2653 1901 2685 seu
1922 2651 2036 2685 fucum
2058 2661 2128 2686 am·

1233 2705 1365 2742 biebant
1376 2730 1383 2737 .
1410 2705 1518 2739 Addit
1528 2704 1646 2739 eadem
1660 2703 1806 2737 vanitate
1817 2701 1971 2737 tumuisse
1992 2701 2028 2735 δε
2050 2699 2126 2734 Ma-

1231 2765 1339 2789 netom
1351 2768 1362 2788 .·
1388 2754 1424 2789 δε
1460 2752 1593 2797 quidem
1604 2753 1643 2786 ad
1658 2751 1838 2787 sanandum
1850 2750 1968 2784 Persici
1979 2749 2082 2795 Regis
2092 2750 2130 2784 fi·

1230 2805 1312 2841 lium
1325 2829 1333 2836 .
1360 2802 1487 2840 Verum
1501 2802 1555 2837 hic
1567 2804 1652 2837 inter
1674 2802 1765 2835 istius
1784 2810 1903 2835 manus
1924 2800 2126 2844 exspiravit,

1229 2864 1324 2895 atque
1337 2853 1383 2887 ita
1395 2852 1546 2887 convicit
1559 2864 1660 2887 omne
1672 2851 1869 2896 praestigium
1881 2876 1888 2884 .
1918 2850 2047 2884 Eodem
2058 2859 2127 2884 am·

1229 2903 1300 2937 bitu
1312 2901 1394 2937 adeo
1408 2902 1570 2937 laboravit
1579 2914 1656 2937 cum
1667 2903 1722 2936 sua
1730 2901 1900 2950 Qintilla
1910 2901 1944 2935 δε
1952 2899 2129 2933 Maximil-

1234 2954 1264 2989 la
1284 2953 1470 2987 Montanus
1483 2977 1494 2994 ,
1521 2962 1556 2986 ut
1578 2952 1769 2996 promissum
1791 2952 1810 2986 a
1830 2950 1987 2985 Domino
2008 2946 2124 2991 JESU.

1230 3001 1363 3037 Christo
1375 3003 1534 3047 Spiritum
1545 3004 1699 3038 Sanstum
1711 3002 1838 3037 cunstis
1852 3000 1916 3037 suis
1937 2996 2127 3033 Charisma-

1234 3053 1320 3089 tibus
1332 3052 1500 3092 blaterarit
1515 3065 1583 3087 non
1595 3053 1650 3087 die
1662 3051 1871 3089 pentecostes
1881 3050 1916 3082 in
1927 3047 2123 3092 Apostolos,

1232 3104 1285 3138 sed
1309 3115 1412 3148 nuper
1433 3105 1469 3137 in
1493 3105 1526 3138 se
1544 3102 1725 3138 advenisse.
1749 3101 1906 3146 Spiritum
1917 3099 2072 3134 Sanctum
2086 3098 2124 3132 in

1231 3155 1263 3188 se
1288 3154 1351 3188 esse
1377 3155 1605 3189 incarnatum.
1633 3153 1709 3188 Tot
1733 3151 1770 3191 ὃς
1794 3161 1850 3195 per
1870 3149 1903 3182 se
1923 3149 1958 3183 &
1984 3149 2124 3192 pei-suos
2145 3165 2147 3168 -

1231 3204 1336 3238 edidit
1362 3215 1538 3249 portenta,
1564 3215 1601 3239 ut
1628 3203 1781 3238 Sannum
1809 3198 2025 3234 Eleutherum
2037 3198 2123 3232 Pon-

1232 3254 1375 3296 tificem,
1401 3265 1602 3300 omnemque
1635 3253 1827 3289 Romanam
1862 3249 2042 3284 Ecclesiam
2077 3244 2122 3305 ad

1232 3305 1298 3349 ipsa
1320 3303 1625 3342 communicatoriis
1646 3301 1764 3336 litteris
1786 3297 2031 3344 comprobanda
2053 3297 2121 3329 fere

1234 3356 1541 3399 circumscripserit,
1567 3354 1602 3390 &
1617 3351 1752 3389 tandem
1776 3350 1939 3387 seduxerit
1960 3356 2120 3390 magnum

1232 3406 1480 3443 Tertullianum
1500 3429 1509 3438 -
1546 3404 1592 3442 Et
1627 3402 1798 3440 adversum
1845 3396 2036 3434 Donatistas
2085 3394 2120 3429 in
2139 3389 2297 3425 L.65·c.‘4.5

1232 3455 1442 3493 Trastatibus
1455 3457 1547 3502 super
1557 3454 1665 3492 Sansti
1676 3452 1812 3500 Ioannis
1833 3445 2122 3534 Evanggsstrxgtde-

2139 3429 2232 3462 Τωέὲ-
2252 3437 2298 3468 13.
