2352 3736
392 147 459 195 88

319 234 352 277 fi
359 234 477 277 quidem
481 238 624 273 parentes
636 229 724 273 ipfius
735 254 746 270 ,
767 234 922 273 proximi,
946 228 998 260 vel
1006 225 1140 260 haeredes
1148 236 1203 269 pro

325 282 520 317 'luminaribus
539 278 643 323 sponte
664 282 740 323 quid
757 280 857 321 offerre
877 279 1026 310 voluerint
1039 301 1049 315 ‚
1075 283 1203 319 accipere

327 345 386 367 non
396 340 557 368 vetamus:
572 329 653 364 Peri
663 333 732 364 vero
743 354 753 368 ‚
780 328 832 360 vel
851 332 932 369 exigi
948 326 1069 369 aliquid
1082 334 1199 362 omnino

321 381 512 429 prohibemus
535 405 547 420 ,
573 392 610 415 ne
630 380 708 422 quod
725 378 816 410 valde
835 375 1024 420 irreligiosum
1049 377 1087 417 est
1105 403 1116 419 ,
1145 388 1215 411 aut·v

326 431 446 465 venal1s
447 430 571 472 fortasse
584 454 595 471 ,
621 428 702 470 quod
710 424 781 467 abst‘t
792 451 803 467 ‚
829 428 946 461 dicatur
973 427 1098 468 Ecelefia
1108 453 1119 469 ,
1145 436 1199 461 aut

323 479 571 514 vosdebumanis
593 478 759 510 videamini
779 476 922 510 mortibus
937 479 1110 521 gratulari,
1127 475 1158 518 fi
1161 489 1198 511 ex

314 534 421 564 'eorum
436 527 631 564 cadaveribus
646 525 794 567 studeatis
818 537 950 569 quaerere
970 527 1095 570 quolibet
1115 530 1200 561 modo

322 573 540 622 compendium.
565 575 659 610 Idem
680 576 714 609 in
737 577 797 610 suo
821 577 861 611 ad
875 577 1101 612 Parochianos
1114 577 1201 612 Pres-

324 630 453 672 byteros
463 626 645 669 Capitulari
667 626 776 661 statuit
788 626 946 661 Pontifex
958 628 1027 662 Leo
1041 639 1173 671 quartus
1188 643 1199 663 .-

322 679 435 715 Nullus
447 676 574 720 vestrum
585 685 642 718 pro
654 681 774 710 mortuis
779 676 957 721 sepeliendis
976 685 1132 719 proemium
1144 688 1199 711 aut

318 737 426 761 munus
437 733 560 771 exigat.
590 727 633 760 Et
654 728 689 760 in
707 726 889 762 Canonicis
910 728 949 762 ad
972 729 1200 763 Hedenulfum

318 772 574 812 Laudunensem
610 778 809 821 Episcopum
847 778 961 811 litteris
995 780 1198 813 Hincmarus

316 827 534 871 Metropolita
558 827 727 861 Remenfis
750 842 762 861 :
786 827 950 872 Episcopus
970 838 1021 861 aut
1042 830 1195 867 Presbyter

311 882 370 919 Pro
376 876 529 920 ftpultura
539 900 550 916 ‚
577 877 738 911 obaudiens
751 881 878 912 Decreta
901 881 940 910 B.
953 883 1106 924 Gregorii,
1129 889 1195 921 pre-

312 933 393 962 tium
416 928 454 961 de
475 928 686 971 terraconceffa
703 929 860 970 putredini
867 940 1043 972 quemquam
1064 941 1121 963 non
1128 938 1195 972 per-

315 983 421 1011 mittat
444 983 476 1011 in
484 976 541 1021 sua
553 976 699 1011 Parochia
719 990 850 1020 quaerere
861 1003 872 1019 ,
897 981 932 1013 Θ
944 981 982 1013 de
1001 981 1095 1014 alieno
1121 980 1196 1013 velle

315 1027 395 1060 lubia
405 1029 625 1070 compendium.
653 1026 801 1062 Adducit
819 1029 943 1064 laudati
957 1030 1109 1076 Gregorii
1132 1041 1195 1062 ver-

312 1077 355 1110 ba
365 1077 406 1111 ad
414 1078 610 1121 ianuarium
626 1078 853 1114 calaritanum
868 1106 875 1113 .
904 1078 947 1114 Et
963 1081 998 1116 in
1009 1081 1114 1124 primo
1127 1081 1196 1112 suo-

312 1138 386 1162 rum
395 1127 635 1171 capitularium
649 1128 734 1163 libro
748 1143 759 1163 .·
787 1130 939 1168 Presbyter
948 1138 1005 1172 pro
1017 1129 1194 1173 sepeliendis

308 1179 477 1223 quidquam
495 1184 578 1212 xenii
602 1191 658 1212 non
675 1184 776 1223 exigat
804 1206 814 1222 ‚
845 1174 900 1214 'vel
920 1190 1091 1222 extorqueat
1115 1205 1121 1211 .
1162 1181 1193 1212 51

313 1230 390 1270 quid
408 1239 507 1263 autem
531 1231 650 1270 Altari,
681 1231 735 1264 vel
753 1230 886 1271 Ecclefiae
907 1255 917 1272 ,
945 1239 996 1263 aut
1016 1229 1072 1272 fibi
1089 1235 1190 1272 gratis

311 1279 441 1312 oblatum
445 1279 543 1322 fuerit
555 1282 576 1311 ci
586 1282 705 1313 devotis
725 1281 902 1322 quibuslibet
918 1305 929 1320 ,
955 1290 1017 1313 cum
1027 1278 1191 1323 benignita·

307 1337 340 1361 ee
362 1335 488 1370 recipere
513 1341 571 1361 non
590 1330 811 1361 interdicimus.
841 1330 884 1363 Et
905 1331 940 1362 in
963 1330 1060 1363 tertio
1085 1329 1189 1364 libro:

310 1382 349 1409 Ut
353 1387 410 1418 pro
433 1378 491 1410 Ioco
507 1376 689 1419 sepultura,
709 1378 784 1418 ficut
793 1381 883 1411 sacra
908 1381 1105 1413 &canonica
1119 1378 1189 1423 san-

305 1432 360 1461 ›xit
381 1425 567 1467 authoritas,
594 1438 677 1460 nemo
697 1428 718 1458 ἃ
759 1439 935 1471 quocumque
953 1431 1117 1472 quidquam
1143 1441 1192 1462 xe-

309 1483 354 1510 m'i
362 1484 482 1520 exigat:
503 1476 534 1518 fi
540 1486 638 1510 autem
659 1476 777 1520 aliquid
793 1478 950 1521 quisquam
967 1486 1068 1522 gratis
1091 1479 1191 1520 offerre

307 1529 437 1560 voluerit
446 1526 507 1568 post
515 1525 661 1569 sepultum
682 1536 787 1568 corpus
804 1553 814 1568 ,
841 1527 1005 1572 hocsuscipi
1024 1541 1082 1562 non
1108 1540 1191 1563 veta-

308 1589 393 1610 mus.
422 1578 464 1611 Et
489 1578 683 1612 Concilium
705 1577 876 1613 Meldense
900 1590 907 1610 :
937 1584 1034 1612 Nemo
1059 1588 1116 1622 pro
1133 1580 1190 1612 loco

302 1626 465 1674 sepultura:
481 1652 490 1667 ‚
516 1637 549 1660 ut
573 1628 672 1661 verbis
693 1630 721 1661 5.
743 1632 877 1672 Gregorii
896 1638 1036 1669 utamur,
1057 1636 1190 1671 pretium

306 1679 345 1711 de
358 1687 440 1711 terra
445 1680 601 1720 putredini
611 1679 732 1721 conceffa
742 1704 752 1719 ,
780 1680 816 1712 (9
832 1681 868 1711 de
877 1681 972 1712 alieno
995 1681 1070 1713 velle
1084 1681 1189 1720 facere

135 1135 210 1174 Cap.
228 1146 273 1168 12,

136 1389 210 1428 Cap·
229 1399 239 1419 1
248 1399 272 1417 2.

304 1729 388 1761 Iuc‘lu
409 1730 637 1770 compendium,
662 1729 760 1770 aliquo
782 1731 866 1761 modo
888 1739 1001 1763 tentet.
1027 1732 1059 1763 si
1072 1731 1190 1771 quando

304 1787 405 1812 autem
427 1785 561 1820 proximi
571 1780 624 1813 vel
643 1778 777 1813 haeredes
786 1777 891 1822 sponte
918 1781 1037 1822 aliquid
1046 1779 1147 1820 offlrre
1157 1785 1189 1813 in

305 1828 435 1871 Ecclesia
448 1831 597 1862 voluerint
608 1835 640 1861 in
653 1828 858 1871 eleemosinam
879 1829 1011 1871 defunc‘li
1024 1855 1035 1870 ,
1061 1836 1189 1872 accipere

303 1890 363 1911 -non
374 1887 532 1912 vetamus.
561 1882 630 1911 Peti
653 1890 725 1912 vero
745 1880 799 1912 vel
807 1885 889 1923 exigi
908 1881 1048 1922 aliquid,
1073 1886 1188 1913 omnino

301 1927 506 1971 prohibemus.
524 1928 566 1960 Et
579 1928 610 1960 in
625 1929 682 1962 sno
695 1928 877 1971 Capitulari
889 1929 1056 1964 Herardus
1071 1930 1188 1964 Archi·

300 1980 473 2023 episcopus
482 1979 706 2012 Turonensis:
735 1982 780 2011 De
793 1980 1013 2012 venditionibus
1019 1979 1188 2023 sepulchro-

300 2041 372 2063 rum
381 2055 392 2072 ,
420 2031 454 2063 (3'
463 2029 500 2062 de
525 2028 572 2061 his
584 2034 635 2070 qui
658 2037 716 2070 pro
722 2027 886 2070 sepultum
898 2041 1023 2062 munera
1039 2037 1163 2075 exigunt
1177 2056 1187 2072 ,

304 2088 337 2113 ut
353 2078 500 2122 severiter
518 2086 690 2120 puniantur
715 2078 974 2122 &distringantur
988 2104 996 2110 .
1024 2079 1069 2112 Et
1082 2081 1188 2121 Syno-

305 2130 365 2163 dus
377 2128 630 2162 Namnetenfis:
658 2130 901 2170 Praecipiendum
916 2128 1076 2172 ficundum
1088 2133 1185 2162 Cano-

307 2192 378 2213 num
397 2177 608 2212 authoritatem
629 2201 641 2218 ,
669 2186 702 2210 ut
722 2180 758 2211 de
777 2177 940 2220 sepulchris
973 2179 1183 2213 &hominibus

304 2229 482 2273 sepeliendis
498 2228 575 2261 nihil
582 2233 712 2261 muneris
722 2233 846 2270 exigant
857 2252 868 2268 ,
894 2228 1093 2271 nififorte'qui
1101 2228 1187 2271 sept-0*

308 2283 381 2313 i'itur
392 2304 401 2320 ,
428 2279 662 2321 vivensjufferit
674 2276 809 2318 Ecclefiae
821 2302 830 2318 ‚
856 2283 889 2310 in
904 2281 987 2320 cujus
1000 2285 1077 2324 atrio
1084 2278 1188 2323 sepeli·

309 2340 380 2369 tur,
407 2327 515 2372 defuis
538 2329 659 2370 aliquid
677 2327 826 2368 tribuere,
853 2336 906 2360 aut
927 2334 1022 2362 etiam
1027 2329 1089 2371 post
1113 2342 1188 2362 nior-

310 2389 369 2413 tem
377 2380 479 2419 illius,
505 2378 611 2420 quibus
636 2378 809 2422 commissum
831 2377 869 2417 est
891 2381 956 2419 ejus
980 2378 1183 2422 eleemosinam

303 2430 405 2472 facere
416 2453 425 2469 ‚
453 2430 489 2462 de
500 2428 586 2462 rebus
600 2430 680 2462 illius
694 2429 812 2470 aliquid
824 2429 897 2462 dare
904 2427 1008 2471 sponte
1018 2432 1165 2463 voluerint
1179 2454 1185 2461 .

309 2484 419 2513 Tamen
432 2481 598 2512 nullatenus
609 2492 628 2511 a
642 2479 822 2515 Presbyteris
835 2480 895 2511 illis
909 2481 1028 2521 aliquid
1038 2486 1187 2524 exigatur,

303 2529 366 2571 five
388 2530 425 2562 ab
439 2530 498 2562 illis
512 2530 642 2570 qui'locis
664 2530 697 2561 (τ
710 2534 784 2561 vicis
792 2527 930 2570 praesunt
943 2554 949 2561 .
980 2530 1023 2564 Et
1035 2528 1185 2572 Synodus

309 2580 528 2614 Triburienfis
549 2592 559 2611 .-
587 2579 781 2622 abrogandas
803 2602 813 2618 ,
843 2580 876 2611 (π
895 2578 1074 2619 Christianis
1095 2586 1186 2612 omni-

311 2631 362 2663 hus
383 2630 566 2663 devitandus
589 2641 648 2661 mos
671 2633 792 2670 iniquus
807 2626 950 2670 subrepsit
974 2653 983 2669 ,
1005 2628 1187 2671 sepulturam

311 2687 428 2713 mortuis
454 2680 584 2713 debitam
593 2677 649 2721 suh
659 2684 757 2719 pretio
769 2679 895 2711 vendere
908 2703 918 2717 ,
938 2679 972 2711 Θ
988 2682 1044 2712 Dei
1050 2685 1187 2723 gratiam

304 2731 405 2772 facere
417 2731 551 2763 venalem
562 2754 569 2760 .
591 2729 665 2762 Effe
677 2729 759 2762 dicit
770 2739 895 2762 morem
908 2738 1029 2762 naturae
1039 2730 1072 2763 &
1084 2730 1188 2763 Evan-

313 2781 400 2824 gelio
411 2781 576 2813 adversum
585 2803 595 2819 ,
621 2779 653 2812 &
667 2777 833 2822 subjungit
845 2792 855 2812 .·
882 2779 1122 2821 Interdidlumfit
1132 2791 1187 2811 om-

314 2830 401 2862 nibus
424 2830 603 2871 Christianis
627 2838 739 2862 terram
758 2834 882 2861 mortuis
904 2831 1059 2869 wndere,
1085 2831 1120 2862 (θ’
1140 2831 1190 2863 de-

314 2880 408 2913 bitam
417 2880 601 2923 sepulturam
621 2880 783 2922 denegare.
812 2876 884 2919 Nifi
894 2884 1025 2920 proximi
1046 2880 1080 2913 o·
1102 2884 1187 2911 amici

317 2930 447 2969 defundi
463 2938 584 2972 propter
609 2940 712 2962 nomen
731 2932 851 2960 Domini
872 2951 882 2966 ,
906 2930 939 2961 (⁰5
959 2930 1188 2970 redemptionem

318 2984 426 3012 animae
439 2986 501 3012 viri
516 3005 526 3020 ,
537 2993 575 3024 gr
583 2986 643 3012 atis
653 2979 770 3021 aliquid
778 2979 888 3010 donare
898 2980 994 3011 velint
1003 3003 1010 3011 .
1021 2979 1063 3012 Et
1077 2979 1187 3013 S.Le0-

147 3041 243 3079 Lib.3.
255 3041 302 3080 Ep,
320 3026 373 3058 nis
395 3030 470 3060 noni
483 3029 652 3063 pontificis
665 3028 816 3071 Synodus
829 3028 998 3062 Remenfis
1013 3041 1020 3061 :
1047 3033 1099 3061 Ne
1116 3034 1184 3070 quis

148 3086 175 3114 8·
317 3083 373 3117 pro
394 3073 539 3116 sepultum
555 3081 720 3122 quidquam
730 3084 878 3121 exigeret.
908 3079 952 3112 Et
965 3080 999 3113 in
1018 3078 1136 3112 litteris
1149 3078 1188 3112 ad

322 3125 504 3167 Hugonem
525 3130 659 3166 primum
672 3128 951 3171 Byzuntinensem
966 3126 1189 3172 Archiepisco-

318 3183 401 3218 pum
423 3174 553 3206 Sanc‘ius
573 3175 685 3210 Petrus
708 3178 864 3212 Damiani
887 3192 897 3210 .·
925 3185 1003 3213 Hinc
1026 3180 1187 3211 notandum

322 3234 413 3268 quam
435 3222 604 3261 detestanda
617 3224 655 3263 fit
669 3234 800 3260 avaritia
813 3229 989 3261 clericorum
1001 3254 1010 3269 ,
1037 3235 1088 3270 qui
1101 3230 1137 3260 de
1144 3226 1188 3270 se-

318 3273 452 3316 psdturis
473 3270 605 3312 Ecclefiae
621 3279 754 3312 pretium
770 3276 914 3318 sperant,
940 3289 1004 3311 cum
1029 3277 1080 3310 hoc
1100 3284 1191 3311 etiam

324 3324 415 3355 Deum
437 3328 604 3365 ignorantes
615 3323 742 3353 Gentiles
764 3325 955 3359 exhorreant.
983 3330 1031 3361 Illi
1042 3333 1188 3370 recipiunt

322 3383 386 3407 tum
407 3371 526 3412 ‘’ffimff
539 3395 551 3412 2
574 3369 617 3410 ''fl“
636 3372 819 3411 impudenter
840 3381 983 3417 exigunt,
1009 3385 1098 3411 etiam
1121 3379 1191 3411 dum

320 3430 448 3470 negatur
457 3445 465 3454 .
492 3420 541 3455 Illi
551 3428 769 3459 contemnenter
780 3421 908 3458 Abrabae
922 3430 1056 3469 pretium
1067 3429 1168 3463 dicunt
1178 3452 1188 3470 ‚

129 2006 206 2043 Cap.
222 2015 268 2039 77.

130 2162 205 2191 Can.
221 2163 248 2190 ἐ,

637 147 911 192 ΞεσυΝυΛ
947 146 1359 190 PROOEM1AL15
1397 145 1835 207 DISSERTATIO,

1268 230 1305 260 In
1328 227 1425 260 elec‘lis
1448 226 1610 271 sepulchris
1630 233 1733 272 nostris
1749 232 1840 277 sepeli
1871 243 2017 269 mortuum
2039 243 2136 277 tuum,

1268 276 1417 320 nullusque
1426 288 1455 310 te
1461 285 1571 321 poterit
1577 280 1730 321 prohibere
1739 297 1753 326 ;
1764 285 1809 324 isti
1813 286 1967 328 gentilium
1972 285 2120 329 suppares
2128 310 2141 327 ‚

1268 330 1377 368 ajunt,
1404 331 1546 370 Appende
1564 330 1741 373 pecuniam,
1767 337 1801 368 Θ·
1807 333 1920 377 suscipe
1937 333 2141 378 sepulturam.

1269 377 1311 410 Et
1324 377 1458 412 Urbani
1486 379 1617 413 secundi
1631 379 1824 416 PlacentIna
1835 383 2004 427 Synodus:
2032 389 2143 420 Praeci'-
2158 387 2228 416 Can.
2248 395 2293 424 13.

1262 430 1362 469 pimus
1373 437 1468 471 utpro
1485 428 1639 473 sepultura
1667 430 1747 465 nihii
1755 442 1886 474 unquam
1909 440 2068 479 engatur.
2095 437 2142 471 Et
2158 427 2267 457 C³⁰·3'

1264 477 1406 520 ejusdem
1418 480 1570 522 Synodus
1581 481 1839 515 Claromontana
1852 496 1862 515 .·
1874 486 1986 518 Nullus
1999 488 2139 528 deinceps

1258 524 1442 570 sepulturam
1463 538 1569 574 exigat
1593 556 1600 562 .
1628 531 1672 564 Et
1695 532 1727 564 in
1754 533 1811 566 suo
1829 531 2007 575 Capitulini
2026 537 2139 571 Gualo

1264 577 1461 612 cardinalis:
1491 580 1680 614 Prohibemus
1688 580 1743 624 sub
1754 589 2047 619 excommunicatione
2062 610 2073 627 ,
2099 598 2139 620 ne

1240 656 1243 659 .
1262 629 1433 662 sacerdotes
1449 629 1502 662 vel
1510 631 1614 663 Clerici
1625 631 1758 672 occafi‘one
1773 634 1898 673 alicujus
1919 631 2138 676 consuetudinis

1256 685 1312 719 pro
1331 676 1486 720 fipultura
1509 681 1624 721 aliquid
1643 688 1760 726 exigere
1773 684 1825 716 vel
1843 693 2017 725 extorquere
2024 684 2141 728 praesu-

1261 738 1368 768 mant,
1390 728 1521 772 sedeam
1543 730 1705 764 liberaliter
1721 731 1859 772 studeant
1883 733 2065 773 ministrare.
2093 734 2138 770 Et

1261 778 1294 810 in
1311 779 1363 811 sua
1375 780 1522 813 exstante
1545 781 1629 824 apud
1641 780 1813 825 Rogerum
1830 782 1992 817 Hoveden
2000 785 2064 818 sem
2076 784 2141 820 Re-

1259 829 1357 861 menss
1373 830 1510 873 Synodo
1524 830 1673 864 Calixtus
1686 832 1860 865 secundus:
1888 836 2081 874 Praecipimus
2103 844 2137 868 ut
2153 848 2212 879 1:01,
2221 858 2290 885 475-

1256 877 1476 923 prosepultum,²
1497 881 1647 914 exactione
1670 882 1783 915 nullum
1805 889 1920 915 omnino
1938 889 2137 925 pretiumcxi-

1252 937 1361 971 gatur.
1391 931 1478 964 Etin
1494 932 1702 965 Lateranenfi
1726 931 1941 967 Innocentius
1952 934 2110 968 secundus
2123 948 2135 967 :
2163 950 2169 956 κ

1259 981 1317 1010 Pro
1321 977 1484 1022 ſspulturae
1499 988 1661 1022 acceptione
1679 984 1790 1015 nullum
1803 985 1984 1016 venditionis
2002 990 2134 1025 pretium

1256 1034 1415 1072 engatur.
1445 1031 1488 1064 Et
1510 1032 1545 1064 in
1567 1031 1766 1065 Londinem‘i
1791 1034 1931 1075 Ioannes
1950 1032 2135 1068 Cardinaiis

1257 1077 1297 1111 de
1318 1078 1435 1112 Crema
1450 1093 1460 1113 .-
1488 1082 1548 1112 Pro
1565 1078 1718 1122 sepultura
1741 1083 1853 1116 nullum
1868 1090 1985 1117 omnino
2003 1090 2136 1126 pretium
2151 1079 2226 1109 0²¹¹·
2244 1089 2300 1114 ²4*

1255 1133 1412 1170 exigatur.
1440 1130 1534 1161 Etin
1563 1129 1715 1163 Remenfi
1743 1132 2048 1175 Eugeniustertius.
2075 1137 2137 1168 Pro

1250 1175 1414 1220 sepulturae
1433 1184 1595 1220 acceptione
1617 1181 1730 1212 nullum
1749 1187 1882 1222 pretIum
1903 1187 2042 1225 exigatur
2055 1209 2062 1215 .
2090 1183 2136 1218 Et

1256 1228 1290 1260 in
1312 1228 1499 1261 Turonenfi
1523 1229 1709 1263 Alexander
1730 1232 1844 1265 tertius
1868 1245 1879 1264 .·
1906 1234 1965 1264 Pro
1978 1230 2135 1275 sepultura
2151 1234 2229 1273 Cap.
2247 1240 2292 1267 16.

1255 1279 1335 1310 nulla
1355 1277 1520 1320 cujuspiam
1537 1279 1631 1320 pretii
1651 1282 1806 1313 venalitas
1829 1284 2013 1322 intercedat,
2041 1294 2140 1326 neque

1248 1325 1305 1369 sub
1317 1328 1435 1362 obtentu
1459 1330 1580 1369 alicujus
1591 1328 1809 1372 consuetudinis
1840 1341 1955 1365 reatum
1974 1331 2062 1374 suum
2080 1335 2136 1367 ali-

1254 1384 1320 1420 quis
1344 1386 1462 1412 tueatur
1483 1404 1490 1412 .
1519 1381 1604 1422 ,Quia
1627 1381 1814 1413 diuturnitas
1842 1380 1981 1423 temporis
2003 1393 2060 1416 non
2078 1389 2138 1416 mi·

1255 1434 1318 1460 nuit
1326 1436 1447 1470 peccata
1459 1452 1469 1467 ‚
1494 1427 1548 1472 sed
1559 1441 1663 1472 auget.
1691 1432 1733 1463 Et
1756 1431 1788 1463 in
1805 1431 2010 1466 Lateranenfi
2023 1445 2035 1465 .·
2062 1437 2137 1467 Hor-

1253 1478 1336 1511 ribile
1348 1484 1436 1511 nimis
1450 1478 1488 1518 est
1499 1481 1580 1521 quod
1591 1486 1622 1511 in
1630 1479 1806 1523 quibusdam
1818 1481 1956 1521 Ecclelt‘is
1979 1481 2072 1516 locum
2083 1493 2136 1517 ve-

1253 1529 1365 1560 nalitas
1382 1528 1553 1571 perhibetur
1576 1529 1684 1563 habere
1700 1555 1709 1570 ,
1734 1537 1777 1562 ita
1787 1539 1820 1563 ut
1840 1539 1898 1572 pro
1917 1530 2076 1574 ftpulturis
2098 1535 2137 1568 θ

1251 1583 1380 1620 exequiis
1408 1589 1585 1612 mortuorum
1617 1586 1806 1622 requiratur,
1833 1582 1867 1614 (5
1891 1592 1947 1614 non
1966 1583 2046 1623 poffit
2065 1582 2135 1624 ille,

1251 1634 1301 1670 qui
1312 1630 1443 1672 indiget,
1470 1628 1523 1668 ista
1542 1635 1713 1672 perci-pere,
1741 1629 1798 1671 nist*
1801 1642 1924 1664 manum
1943 1632 2065 1672 implere
2088 1643 2135 1665 cu-

1250 1685 1365 1710 raverit
1390 1680 1540 1722 largitoris
1561 1704 1567 1712 .
1598 1679 1777 1714 Adversam
1801 1682 2074 1715 consuetudinem
2085 1680 2134 1715 di-

1250 1728 1295 1761 cit
1308 1729 1370 1761 effe
1397 1729 1501 1773 legem
1521 1731 1637 1763 mortis
1652 1755 1663 1770 ,
1688 1731 1721 1764 &
1739 1731 1908 1764 Clericalis
1921 1731 2134 1766 avaritiaecoe-

1249 1778 1383 1811 citatem
1404 1778 1564 1822 poenalem
1580 1801 1591 1817 ,
1618 1779 1758 1824 ideoque
1782 1779 1824 1813 ab
1846 1780 1911 1823 ipsa
1935 1791 2004 1815 non
2026 1780 2133 1816 minui

1251 1839 1419 1870 peccatum
1435 1853 1445 1868 ‚
1471 1829 1523 1862 sed
1549 1830 1659 1872 augeri
1690 1854 1695 1861 .
1725 1830 1768 1863 Et
1790 1830 1824 1863 in
1848 1828 2053 1864 Londinenfi
2073 1831 2136 1873 Sy·

1251 1878 1340 1912 nodo
1362 1877 1546 1913 Richardus
1567 1877 1693 1913 Primas
1718 1880 1978 1914 Cantuarienfis:
2006 1882 2068 1914 Pro
2086 1878 2137 1924 so-

1244 1928 1370 1969 pultura
1392 1927 1471 1962 nihil
1500 1935 1639 1972 exigatur
1655 1952 1663 1961 .
1690 1932 1722 1962 Si
1744 1936 1811 1972 quis
1835 1937 1936 1962 contra
1956 1929 2010 1962 hoc
2025 1929 2133 1969 facere

1245 1977 1489 2022 praesumpfi’rit,
1515 1979 1675 2013 anathema
1684 1979 1736 2018 fit.
1767 1978 1870 2027 Qod
1888 1978 1992 2021 ipsum
2013 1978 2136 2011 confir-

1251 2029 1351 2062 mavit
1374 2030 1460 2072 apud
1478 2028 1646 2064 laudatum
1672 2030 1841 2073 Rogerum
1865 2027 2019 2061 successor
2037 2026 2128 2061 illius

1248 2077 1431 2112 Hubertus.
1460 2079 1672 2114 Omnes'hac
1691 2078 1774 2113 dere
1786 2078 1939 2112 Canones
1970 2077 2130 2111 adducere

1247 2125 1276 2158 fi·
1288 2127 1384 2160 velim
1397 2152 1407 2167 ‚
1433 2128 1562 2162 deficiet
1573 2138 1626 2162 me
1639 2129 1728 2168 diesi
1756 2127 1926 2176 Qosdam
1950 2128 2059 2161 tamen
2072 2138 2129 2160 vo·

1248 2176 1296 2209 lui
1319 2177 1474 2212 adductos
1495 2203 1506 2219 ‚
1534 2188 1569 2212 ut
1598 2188 1768 2221 parentum
1792 2178 1974 2212 nostrorum
1995 2175 2125 2212 castitas
2175 2193 2179 2197 -

1249 2226 1304 2260 fiat
1318 2228 1442 2262 cunctis
1455 2229 1627 2263 manifesta
1641 2254 1649 2262 .

1297 2276 1430 2322 Regnat
1450 2277 1664 2313 hodielutum
1686 2279 1793 2320 istud,
1819 2279 1968 2314 adversus
1989 2277 2077 2322 quod
2091 2276 2137 2312 in·

1249 2329 1306 2361 suo
1325 2327 1506 2370 capitulari
1531 2328 1642 2362 statuit
1665 2329 1865 2362 Guilielmus
1887 2330 2004 2362 Sancto
2030 2326 2135 2363 lvon‘i‘

1249 2378 1442 2411 Carnutenfi
1479 2378 1671 2412 Coaetaneus
1708 2378 1889 2422 Episcopus
1925 2377 2125 2412 parificans.-

1249 2427 1413 2467 Presbyteri
1433 2439 1489 2461 non
1511 2430 1667 2462 detineant
1694 2437 1813 2471 corpora
1838 2437 2015 2461 mortuorum
2035 2424 2125 2469 super

1247 2485 1359 2511 terram
1371 2503 1381 2518 ,
1407 2478 1541 2520 occafione
1550 2483 1692 2521 pecuniae‘
1706 2478 1916 2519 extorquendae
1925 2501 1932 2508 .
1959 2477 2002 2510 Et
2017 2476 2051 2509 in
2065 2475 2124 2509 suo

1250 2528 1330 2561 item
1352 2529 1533 2572 Capitulari
1558 2528 1716 2561 successor
1738 2526 1805 2569 ejus
1819 2525 1921 2560 Odo:
1948 2524 2125 2559 Prohibetur

1250 2577 1398 2618 distriiie,
1424 2589 1459 2611 ne
1463 2586 1519 2620 pro
1528 2576 1676 2618 interrafio
1697 2584 1798 2618 corpus
1805 2574 1923 2619 sepeliri
1946 2573 2102 2614 differatur
2112 2583 2130 2617 ‚³

1244 2626 1367 2670 sedptst
1374 2626 1557 2671 sepulturam
1568 2633 1692 2670 exigant
1704 2626 1870 2659 laudabiles
1882 2623 2103 2667 consuetudines
2114 2650 2122 2657 .

1251 2677 1294 2710 Et
1321 2678 1354 2710 in
1395 2678 1575 2712 Oxonienfi
1612 2676 1750 2720 Synodo
1789 2672 1970 2718 Stephanus
1998 2674 2126 2708 Primae

1250 2727 1488 2761 Cantuarienfis
1512 2740 1518 2759 :
1545 2731 1597 2759 Ne
1613 2735 1670 2768 pro
1690 2728 1794 2768 aliqua
1818 2731 1944 2767 pecunia
1965 2725 2131 2768 denegetur

1244 2776 1399 2820 sepultura
1422 2802 1429 2808 .
1458 2777 1587 2811 Laudat
1624 2777 1658 2810 &
1679 2776 1850 2818 exequitur
1876 2774 2131 2809 Lateranensem=

1250 2827 1436 2860 Innocenti}
1451 2826 1507 2859 111.
1521 2827 1692 2860 Canonem
1707 2850 1717 2866 ,
1743 2827 1924 2859 exaffiones
1951 2824 2025 2857 istas
2038 2822 2125 2867 daut·

1250 2887 1382 2910 nantem
1405 2876 1445 2910 de
1467 2877 1629 2910 Simonia.
1660 2876 1703 2910 Et
1724 2876 1757 2909 in
1772 2875 1888 2908 litteris
1906 2872 1946 2907 ad
1957 2871 2124 2908 Daimber-

1249 2938 1320 2960 tum
1333 2928 1424 2960 suum
1437 2927 1658 2960 Senonensem
1670 2924 1960 2968 Archiepiscopum
1970 2921 2123 2956 Thomas

1250 2976 1362 3011 Abbas
1385 2977 1695 3020 Maurigniacenfis:
1722 2978 1832 3008 scimus
1856 2983 1946 3017 quam
1957 2970 2124 3011 detestabile

1248 3028 1358 3060 malum
1379 3026 1417 3068 fit
1440 3032 1567 3068 accipere
1589 3025 1788 3069 sepulturam,
1813 3025 1847 3057 Θ
1863 3024 2038 3055 divinarum
2051 3020 2126 3064 scri-

1243 3078 1595 3118 pturarumeruditione,
1622 3078 1826 3118 &pauperum
1837 3072 2001 3113 oppreffione
2014 3095 2025 3111 ,
2051 3082 2126 3113 quos

1248 3133 1280 3159 in
1301 3132 1415 3159 vicinia
1432 3126 1527 3167 nostra
1541 3151 1551 3167 ,
1577 3125 1710 3169 &solum
1730 3131 1762 3158 in
1786 3119 1907 3162 Dimefi
1926 3120 2022 3154 vestra
2039 3122 2129 3155 vide·

1249 3187 1312 3209 mus
1321 3178 1366 3208 ad
1375 3175 1533 3219 sepulchra
1542 3185 1717 3210 mortuorum
1721 3174 1842 3215 plorare
1860 3177 1957 3215 magis
1969 3172 2128 3212 amiffionee

1249 3227 1383 3259 bonorum
1402 3252 1413 3268 ,
1439 3239 1529 3270 quam
1548 3235 1667 3269 corpora
1687 3221 1891 3263 defuncqorum
1913 3246 1920 3253 .
1960 3221 2045 3266 Agit
2067 3220 2124 3254 ad-

1250 3278 1356 3310 versus
1387 3274 1594 3311 Monasterio'
1609 3276 1667 3308 suo
1686 3271 1832 3305 vicinum
1858 3272 2046 3314 &ampense
2067 3270 2128 3303 Ca-

1251 3326 1390 3370 pitulum
1412 3352 1422 3368 ‚
1450 3325 1491 3361 de
1510 3336 1577 3367 quo
1599 3321 1704 3366 pergit
1729 3322 1763 3355 in
1788 3321 1903 3355 litteris
1925 3320 1966 3354 ad
1988 3318 2128 3362 Chryso-

1252 3388 1379 3422 gonum
1402 3402 1412 3417 ,
1440 3377 1596 3409 Romanae
1629 3371 1776 3405 Ecclesia:
1801 3372 1992 3405 Diaconum
2014 3369 2125 3402 Cardi-

1252 3428 1359 3463 nalem
1380 3450 1391 3467 ,
1416 3426 1450 3458 ὃς
1473 3422 1598 3461 Calixti
1619 3421 1752 3459 secundi
1781 3418 2069 3459 Bibliotheearium
2094 3419 2128 3454 δε

1994 3470 2081 3505 Can-

2138 2450 2213 2489 Cap.
2233 2452 2263 2486 53
