2352 3736
500 219 590 250 De
662 205 701 250 S.
775 198 1113 250 L'EONr's

237 279 486 333 munga-verit,
507 286 635 332 arguit.
664 277 877 331 quuiturde
902 284 1050 319 Eustatio
1071 284 1128 318 se-

250 337 385 372 basteno
395 337 480 382 apud
492 337 670 372 Armenios
680 363 691 380 ,
708 336 834 372 Acacio
847 336 1031 370 Caesarienfi
1044 332 1129 377 apud

249 387 439 423 ‘Palaestinos
452 413 461 428 ,
490 389 640 435 Geor-gio
652 386 845 422 Laodicenfi
868 385 953 428 apud
973 387 1071 428 Syros
1091 384 1148 423 E-,

251 440 413 482 piscopo,
430 438 464 472 ’δὲ
488 438 560 471 aliis
584 438 746 480 ejusmodi
768 435 975 474 turbinibus,
1002 435 1042 468 de
1063 434 1133 477 qui-

249 489 313 523 'bus
332 488 442 523 scribit
462 489 561 523 etiam
572 487 613 523 ad
627 488 792 522 Evasenos
807 500 817 518 .·
845 484 986 527 Basilidis
999 483 1131 534 Paphla-

249 545 336 583 gonis
368 533 516 577 Altaria,
540 540 614 572 dum
636 536 872 580 Paphlagoniam
896 534 1052 576 transiret,
1070 531 1133 576 sub-

250 595 348 624 vertit
370 589 550 630 Eustatius‘,
564 585 605 621 (a
619 583 747 629 propriis
762 584 883 626 'mensis'
895 586 990 627 Miffae
1010 585 1130 626 officium

255 640 415 675 celebravit
436 638 585 672 .Utitur
605 636 733 677 verbis,
760 633 899 672 ‘'”5102‘42‘0‘
917 636 955 669 -&
981 633 1135 663 Υ-ΠαςΡέΦω

258 701 327 734 quae
352 689 406 723 hic
427 699 510 722 -non
547 686 781 722 subversionem
803 713 813 729 ‚
851 688 903 722 sed
937 688 1134 724 commotio-

256 750 334 774 nem
360 733 469 782 poti'us
490 746 545 771 aut
556 737 1034 782 dissolutionemfignificant:
1059 748 1134 771 nam

253 787 369 823 sacrati
392 785 526 832 Lapidis
544 787 694 822 motione
716 795 773 822 aut
794 786 1003 824 dissolutione
1025 787 1134 821 Graeca

256 838 427 882 praesertim
448 837 573 872 Altaria
599 838 728 870 fuerunt
760 837 884 880 semper
917 838 1135 884 prophanata.

257 889 302 923 Et
323 887 401 923 hinc
427 888 567 931 ipsorum
600 885 823 920 reconciliatio
847 888 958 930 paffim
985 888 1070 933 apud
1092 888 1135 930 ip-

258 940 310 972 sos
332 946 467 973 vocatur
477 935 618 976 stabilitio
630 934 764 979 Mensae.
800 937 947 982 Magnus
979 949 1057 985 ergo
1078 937 1139 970 Ba-

250 988 346 1020 silius
358 986 450 1019 istam
464 985 699 1029 Episcoporum
710 986 884 1020 factionem
895 988 1004 1032 culpat
1015 1014 1025 1030 ‚
1047 985 1137 1031 quod

253 1035 406 1070 Basilidis
426 1035 576 1077 Altaria,
607 1035 764 1079 tanquam
793 1035 939 1073 haeretiea
962 1065 974 1081 ,
1004 1035 1138 1083 propha-

248 1087 380 1122 *naverit
399 1111 409 1126 ,
443 1086 475 1119 &
505 1096 583 1119 tunc
616 1086 708 1129 super
731 1085 798 1129 ipsa
819 1087 853 1121 in
876 1089 940 1122 suis
963 1088 1139 1123 Antimen-

250 1137 308 1171 'sris
334 1136 501 1171 celebrarit
527 1161 534 1168 .
580 1134 625 1168 Et
672 1135 821 1170 Basilidis
867 1138 994 1174 Altaria
1040 1147 1136 1172 vocat

253 1183 407 1227 mtm‘iex,
420 1185 553 1219 istorum
565 1182 642 1218 vero
654 1184 858 1221 Antimensia
870 1198 963 1223 vocat
978 1185 1115 1224 “W-“few
1131 1212 1138 1219 .

255 1232 509 1271 Vocabulorum
529 1234 696 1269 distinctio
718 1235 838 1270 clamat
862 1249 910 1272 res
929 1238 1021 1273 fuisse
1030 1235 1142 1270 distin-

256 1289 334 1322 θος.
374 1286 418 1320 Et
438 1286 584 1330 integros
608 1284 770 1320 Altarium
796 1286 918 1331 lapides
940 1288 1060 1323 fatiiosr
1088 1285 1139 1319 isti

256 1349 328 1372 non
347 1344 524 1380 potuer-unt
552 1346 607 1378 per
640 1345 774 1370 ornnem
803 1338 976 1373 Orientem
1007 1337 1143 1371 circum-

255 1387 338 1421 ferre
360 1411 367 1418 .
405 1387 482 1420 Scio
514 1395 594 1419 voce
627 1382 744 1419 -rpxm‘ax
765 1398 835 1421 non
864 1388 1110 1424 Antimensium
1127 1409 1138 1426 ‚

255 1435 313 1472 'sed
335 1437 481 1471 mensam
504 1434 695 1479 significari.
726 1435 853 1471 Verum
886 1439 975 1480 quod
998 1438 1099 1481 ipsam
1112 1447 1143 1470 e·

257 1487 342 1522 tiam
362 1484 564 1520 Antimensis
588 1485 781 1528 applicarint
816 1487 943 1528 Graeci,
968 1489 1014 1522 est
1042 1485 1145 1520 mani-

255 1535 396 1572 festum.
437 1534 547 1569 Etiam
585 1534 751 1578 portatilia
789 1535 889 1578 apud*
912 1547 974 1570 nos
1007 1537 1145 1569 Latinos

257 1585 387 1620 Altaria
411 1584 502 1628 extra
520 1606 523 1610 r
539 1580 716 1617 Dioecefim'
751 1586 934 1619 consecrari
972 1596 1040 1618 non
1077 1586 1147 1626 pos-

250 1633 522 1720 sunttzano‘stris
549 1633 719 1677 Episcopis
742 1657 753 1673 ,
789 1634 878 1667 extra
906 1634 998 1669 illam
1036 1643 1144 1667 tamen

254 1685 341 1731 depo
390 1691 424 1719 ta
449 1694 505 1728 per
515 1684 662 1718 severant
686 1684 873 1717 consecrata
898 1684 933 1716 δε
959 1682 1053 1726 piene
1080 1684 1146 1715 san-

306 1783 422 1820 Aliam
442 1785 569 1828 insuper
587 1783 796 1827 quaestionem
814 1784 979 1829 proposuit
992 1783 1088 1818 Bellae
1109 1784 1149 1817 E-

255 1837 431 1880 piscopus:
460 1834 637 1876 Antimenfia
655 1833 768 1877 scimus
788 1835 856 1876 fieri
875 1834 968 1878 solita
992 1860 1003 1876 ,
1032 1835 1150 1877 quando

257 1884 423 1929 Episcopus
445 1884 605 1928 consecrato
633 1886 667 1918 ό·
689 1886 823 1918 dedicato
851 1886 992 1927 Templo,
1014 1893 1149 1926 pannum

257 1933 367 1978 mensae
374 1933 555 1977 substratum
567 1960 577 1976 ‚
603 1933 794 1978 mensamque
803 1934 853 1978 seu
867 1937 971 1968 Altare
984 1943 1126 1977 tegentem
1139 1958 1148 1973 ‚

254 1992 291 2019 'in
306 1983 407 2028 frusta
427 1984 576 2027 diffec‘lum
589 2009 600 2024 ‚
622 1984 794 2026 pic‘lumque
814 1985 1025 2017 Sacerdotibus
1053 1984 1150 2024 distri·

257 2035 343 2075 buit,
368 2042 401 2066 ut
422 2045 454 2067 eo
460 2036 588 2076 praediti
593 2033 771 2078 sacrificium
788 2033 888 2074 offerre
901 2043 1011 2077 queant
1027 2058 1034 2065 .
1065 2034 1152 2077 ‚Quid

81 516 166 556 Epist.
189 526 238 551 27*

255 2083 432 2125 faciendum
444 2107 453 2123 ,
473 2088 505 2125 st
517 2083 609 2125 defini
632 2083 810 2125 Antimenfia
822 2108 831 2124 ‚
857 2095 920 2118 cum
933 2084 993 2126 fine
1013 2082 1060 2115 his
1081 2084 1150 2116 cele·
1172 2108 1174 2110 .

262 2133 350 2166 brare
363 2145 421 2166 non
431 2133 541 2167 liceat?
569 2131 647 2167 Alia
658 2133 940 2179 translatio-habet
956 2148 966 2167 :
993 2136 1036 2164 Et
1042 2132 1150 2176 scripto

261 2182 467 2217 Sacerdotibus
493 2182 659 2217 distribuit.
689 2185 733 2218 Et
760 2184 860 2218 reste.
883 2185 1040 2221 ,Graecum
1061 2184 1149 2227 quip-

247 2232 301 2277 φὲ
324 2231 566 2267 Antimenfium
588 2233 634 2267 est
655 2233 735 2277 quid
763 2233 864 2268 simile
888 2234 1000 2267 nostro
1029 2233 1149 2267 Latino

261 2283 436 2326 Corporali
454 2307 464 2322 ‚
490 2282 577 2326 quod
601 2295 660 2317 nec
681 2283 837 2326 penicillo
861 2306 871 2324 ‚
907 2295 968 2318 nec
994 2295 1053 2317 acu
1082 2283 1149 2326 pin-

261 2333 297 2378 gi
324 2333 516 2377 permittunt
540 2333 642 2366 nostri
664 2333 820 2367 Canones
839 2358 846 2364 .
886 2334 984 2368 Bellae
1020 2334 1152 2377 Episco-

262 2394 323 2426 pus
346 2393 421 2417 cum
444 2381 629 2417 Theodoro
656 2383 849 2418 Balsamone
872 2384 1025 2428 supponit
1047 2384 1151 2427 ipsum

263 2434 326 2466 effe
346 2444 416 2467 non
438 2432 608 2467 dumtaxat
629 2433 786 2468 vicarium
810 2433 949 2474 Altare,
976 2432 1030 2468 sed
1051 2434 1149 2468 etiam

263 2482 367 2526 plenae
393 2481 478 2517 inter
504 2481 734 2524 Presbyterum
762 2485 797 2517 δε
824 2484 1024 2528 Episcopum
1051 2483 1151 2517 Com-

263 2531 433 2566 munionis
450 2531 693 2574 rcharadterem,
720 2531 863 2577 ideoque
889 2533 1002 2568 debere
1029 2544 1149 2577 perco-

264 2581 415 2616 dicillum
451 2583 507 2624 ,seu
543 2583 779 2618 testimoniales
815 2584 940 2619 litteras
966 2583 1083 2623 tradi,
1116 2584 1149 2618 &

265 2631 430 2665 transferri
459 2643 526 2666 non
556 2633 643 2675 posse
668 2633 707 2666 de
734 2635 869 2677 persona
896 2636 931 2668 in
957 2635 1126 2678 personam
1143 2658 1150 2665 .

268 2681 429 2722 Supponit
442 2682 619 2724 unicuique
630 2682 823 2726 Presbytero
847 2684 962 2719 debere
973 2685 1038 2718 esse
1059 2685 1150 2718 suum

269 2728 534 2771 Antimensmm,
561 2731 700 2776 idedque
722 2735 854 2777 quaerit,
880 2733 937 2767 An
962 2732 1152 2777 Presbyter,

268 2779 327 2822 qui
350 2779 419 2822 ipso
442 2789 496 2821 per
516 2783 664 2822 quemvis
677 2785 788 2817 casum
802 2794 927 2824 careat,
954 2783 1048 2827 poffit
1072 2783 1152 2819 cele-

269 2829 384 2862 brare?
412 2828 456 2861 Et
477 2828 613 2863 Manuel
628 2853 638 2869 ‚
665 2831 795 2866 illorum
817 2833 1074 2868 Patriarcharum
1097 2834 1150 2877 qui

269 2879 341 2922 post
366 2887 492 2920 captam
514 2878 531 2911 a
553 2878 701 2913 Flandris
723 2880 1048 2926 Constantinopolim
1077 2884 1152 2918 rese·

269 2927 387 2962 derunt
410 2927 494 2970 apud
517 2928 655 2970 Niceam
668 2929 854 2973 Bithyniae,
882 2932 1036 2974 septimus
1057 2935 1154 2976 syno-

270 2978 387 3012 daliter
408 2976 570 3021 respondit
594 2991 604 3010 .·
644 2979 820 3022 Antimensi'a
843 2987 875 3013 in
893 2981 1025 3014 omnibus
1042 2983 1154 3025 [anilis

271 3026 374 3069 menfis
390 3028 463 3069 pont'
483 3028 582 3070 neceffe
605 3039 662 3060 non
680 3027 719 3068 est
731 3053 742 3068 ,
767 3028 825 3072 sed
843 3036 874 3063 in
893 3035 930 3063 iis
942 3055 953 3072 ,
974 3032 1011 3064 de
1050 3033 1152 3074 quibus

271 3082 415 3110 incertum
436 3102 447 3117 ‚
473 3088 545 3110 num
582 3076 754 3120 confhcratae
772 3073 832 3120 fint
854 3104 865 3119 ,
891 3092 942 3115 nec
977 3092 1014 3115 ne
1036 3106 1042 3113 .
1070 3086 1154 3116 Nam

274 3125 452 3167 Aniimenfia
487 3129 577 3160 Iocum
613 3128 746 3162 obtinent
784 3128 1003 3172 confi-ratarum
1040 3130 1155 3174 Mensa-

270 3186 359 3215 rum,
390 3186 440 3209 nec
464 3181 503 3210 iis
528 3185 600 3219 opus
619 3177 677 3220 est,
706 3178 755 3211 ubi
780 3177 901 3222 Mensas
912 3178 1093 3223 conficratas
1103 3183 1153 3226 effe

271 3224 398 3266 constat.

324 3274 530 3310 Antimensia
552 3276 663 3321 itaque
680 3278 869 3314 ‘Graecorum
891 3279 1044 3323 Episcopi
1087 3292 1154 3316 non

272 3323 502 3359 consecrabant
523 3328 640 3368 quoviS
663 3328 717 3362 die
740 3354 751 3370 ,
777 3329 830 3363 sed
850 3330 885 3364 in
907 3330 984 3363 solis
1002 3330 1157 3366 Ecclesia—

272 3384 345 3408 rum
367 3373 567 3409 solemnibus
588 3378 907 3413 consecrationibus.
944 3379 1048 3427 Qod
1069 3382 1157 3414 enim

275 3421 430 3459 haberent
452 3424 509 3458 illa
532 3427 725 3461 consecratae
746 3428 894 3463 Ecclesiae
912 3430 1087 3471 virtutem,
1111 3431 1157 3464 vi-

277 3471 433 3508 debantur
450 3474 546 3508 aliter
570 3487 639 3509 non
671 3478 885 3514 consecranda
912 3506 917 3512 .
954 3479 993 3514 In
1015 3478 1157 3516 Scholiis

326 3542 327 3545 κ
377 3523 484 3565 christ.
499 3528 577 3567 Lupi
591 3530 832 3569 Oper.Torn.1V.

1184 195 1787 251 NONNAcms.
1891 207 2001 267 '34²5

1193 284 1233 318 ad
1245 285 1426 330 Georgium
1438 281 1608 322 Codin'u'm
1620 285 1698 321 reste
1709 284 1818 321 scribit
1829 289 2072 331 JacobusGret-
2092 293 2149 325 Lib.
2183 306 2206 323 r.

1194 345 1282 368 zetus
1305 348 1312 367 ι
1350 336 1526 378 Antimenfia
1549 332 1637 371 erant
1664 345 1769 386 partes
1789 338 1948 380 tegumenti
1967 341 2069 383 illius,
2092 336 2164 372 Ca?-
2187 345 2212 369 9·
2273 370 2275 372 .

1193 386 1272 427 quod
1292 398 1401 419 novum
1424 387 1545 426 altare,
1571 388 1690 429 quando
1715 389 1868 430 Templum
1888 388 2070 432 consecraba-

1194 445 1243 468 tur
1256 460 1265 474 ,
1290 445 1441 478 operuerat
1455 461 1461 468 .
1490 437 1636 480 Ipsorum
1648 438 1785 471 formam
1796 437 1947 473 describit
1960 442 1993 473 in
2006 442 2071 476 suis

1195 486 1235 520 ad
1247 485 1492 531 Euchologium
1506 487 1606 520 Notis
1629 487 1768 529 Ioannes
1790 488 1899 523 Gaas-z
1927 490 2071 532 linteum,

1194 542 1239 568 cui
1263 536 1341 569 nullo
1359 536 1509 576 interjecto
1531 534 1624 578 discus
1644 541 1677 570 Φ·
1705 538 1793 570 Calix
1814 535 2072 586 superponuntur,

1197 591 1317 620 Latinis
1330 587 1484 629 Corporale
1494 588 1514 618 ἁ
1525 585 1633 626 Christi
1645 590 1769 629 Corpore
1777 586 1964 631 continendo,
1987 593 2074 623 ΘΜ-

1195 643 1235 670 515
1262 630 1368 662 cdxiv*
1396 636 1435 669 ab
1457 647 1487 668 co
1507 638 1687 669 involvendo
1706 638 1831 671 dicitur.
1855 641 1954 680 Hujus
1971 649 2074 674 autem

1200 687 1302 720 eadem
1312 685 1416 726 forma
1427 685 1465 726 est
1477 709 1487 725 ,
1513 696 1579 726 quae
1590 682 1759 726 Antinienfii
1768 712 1775 719 .
1804 690 1886 729 Ejus
1899 690 1937 722 ab
1949 691 1996 723 illo
2011 691 2075 723 nul·

1197 738 1257 769 lum
1267 736 1354 768 aliud
1363 734 1400 774 est
1411 733 1567 775 discrimen
1576 759 1587 775 ‚
1610 734 1664 776 nisi
1668 737 1747 778 quod
1756 740 1787 767 in
1797 739 1886 779 affuto
1897 740 1982 772 loculo
1996 743 2079 773 Anti·

1198 785 1331 828 menfium
1353 786 1494 827 reliquias
1513 789 1680 825 contineat,
1708 781 1812 812 mn‘w
1833 796 1932 820 autem
1956 790 2055 822 nullas
2069 814 2076 820 .

1199 836 1266 870 Uti
1301 835 1408 869 nostra
1431 833 1603 869 Portatilia
1627 834 1752 869 Altaria
1777 857 1788 873 ,
1823 837 1867 870 ita
1894 836 2080 871 Graecorum

1200 884 1404 920 Antimenfia
1419 884 1485 919 sine
1510 883 1701 929 sepulchro,
1728 880 1761 918 gc
1784 882 1909 930 inipso
1935 888 2082 921 recondi·

1199 937 1241 970 tis
1263 936 1451 970 Sandiorum
1471 935 1635 976 Reliquiis
1655 947 1722 968 non
1736 936 1866 978 possunt
1885 938 2080 971 consecrari.

1202 985 1525 1029 Requiritur&alius
1537 987 1640 1025 ritus,
1666 985 1784 1028 dequo
1807 987 1949 1030 Joannes
1973 986 2083 1021 Cithri

1203 1036 1399 1080 Episcopus:
1429 1035 1605 1077 Antimenfia
1623 1038 1785 1077 nonprimo
1799 1036 1903 1077 statim
1923 1038 2085 1071 dedicatio-

1202 1091 1248 1119 nis
1269 1087 1316 1120 die
1337 1084 1550 1126 distribuuntur
1572 1110 1583 1126 ,
1614 1083 1672 1127 sed
1697 1096 1767 1119 tunc
1788 1088 1905 1120 demum
1930 1087 1983 1120 ubi
2005 1098 2084 1130 tegu-

1165 1172 1175 1178 ,
1201 1145 1331 1170 mentum
1354 1137 1466 1169 altaris
1485 1143 1540 1177 per
1548 1132 1692 1178 sacrificia
1697 1134 1810 1178 septem
1821 1142 1960 1170 continuis
1984 1137 2085 1170 diebus

1203 1186 1300 1220 oblata
1303 1183 1565 1230 santificationem
1578 1186 1723 1228 accepisset
1737 1210 1748 1226 ‚
1774 1192 1806 1219 in
1812 1194 1916 1228 partes
1928 1186 2058 1230 divisum
2074 1211 2085 1226 ‚

1204 1239 1238 1270 <st
1255 1245 1312 1279 pro
1335 1234 1515 1277 Antimenfiis
1530 1235 1597 1277 ficit
1618 1235 1806 1276 distributum
1827 1262 1834 1268 .
1858 1236 1962 1283 Qod
1981 1237 2087 1279 ipsum

1206 1287 1316 1321 scribit
1337 1285 1514 1321 Matthaeus
1533 1285 1704 1321 Blastaris:
1733 1286 1906 1328 Antimenfia
1922 1285 2090 1329 sanc‘lifica·

1205 1342 1330 1370 cationis
1349 1343 1493 1371 virtutem
1498 1341 1710 1379 participant,
1737 1348 1860 1380 eamque
1875 1337 1936 1369 illis
1959 1337 2091 1377 Templo-

1206 1398 1271 1420 rmn
1284 1395 1375 1429 nuper
1384 1386 1610 1430 consecratorum
1621 1387 1760 1429 officium,
1787 1388 1820 1421 (τ
1842 1385 2034 1430 sepiemdiale
2059 1391 2091 1419 in

1209 1438 1306 1469 Altari
1313 1435 1493 1479 sacrificium
1505 1439 1689 1479 elargiuntur
1700 1461 1707 1468 .
1721 1437 1790 1471 Uti
1803 1448 1907 1470 novus
1918 1435 2071 1470 Sacerdos
2082 1460 2093 1475 ‚

1209 1487 1435 1521 ita&novum
1447 1486 1561 1519 Altare
1582 1496 1619 1519 ac
1645 1485 1828 1528 Templum
1849 1484 1988 1520 debebat
2008 1484 2096 1527 apud

1211 1536 1342 1568 Graecos
1354 1535 1542 1569 sanctificari
1554 1545 1610 1576 per
1621 1534 1820 1568 continuum
1844 1534 2097 1578 septemdierum

1211 1584 1433 1625 Sacrificium,
1459 1594 1557 1627 atque
1567 1583 1656 1619 itain
1671 1593 1801 1628 accepta
1819 1595 1871 1627 per
1894 1584 2094 1628 Episcopum

1211 1635 1452 1668 consecratione
1474 1634 1594 1667 firmari
1622 1659 1628 1665 .
1667 1634 1741 1668 Nec
1767 1635 1834 1668 sine
1861 1634 2092 1668 fundamento,

1211 1682 1289 1715 Post
1311 1681 1372 1716 hos
1402 1693 1481 1727 ergo
1515 1684 1635 1725 septem
1659 1682 1728 1716 dies
1749 1684 1829 1717 novi
1854 1683 1978 1717 Altaris
2010 1685 2099 1717 sacro

1212 1732 1287 1766 oieo
1311 1745 1349 1767 ac
1373 1733 1453 1766 vino
1477 1731 1640 1766 imbutum
1663 1732 1802 1767 linteum
1838 1733 2042 1767 dividebatur
2062 1732 2099 1766 in

1214 1781 1458 1827 plures-nostris
1484 1781 1720 1826 Corporalibus
1746 1780 1865 1817 similes
1892 1794 2017 1827 partes,
2042 1782 2101 1816 eis-

1212 1845 1274 1877 que
1294 1832 1427 1878 singulis
1454 1832 1707 1875 imponebantur
1733 1833 1834 1867 Sacrae
1845 1833 2024 1876 Reliquiae:
2056 1832 2102 1864 Et

1214 1882 1280 1917 haec
1300 1894 1391 1917 erant
1419 1882 1642 1916 Antimenfia.
1673 1883 1717 1916 Et
1742 1880 1820 1916 hinc
1845 1882 1886 1917 de
1914 1883 1984 1927 ipsis
2012 1880 2101 1915 hunc

1215 1933 1389 1967 Canonem
1415 1931 1517 1966 edidit
1545 1933 1679 1965 Sanetus
1716 1932 1923 1975 Nicephorus
1962 1932 2100 1967 Patriar-

1213 1982 1275 2017 cha
1297 1981 1702 2024 constantinopolitanus,
1729 1981 1777 2015 vel
1800 1981 1998 2026 quicumque
2020 1981 2104 2016 alius

1215 2034 1350 2067 istorum
1375 2031 1554 2065 Canonum
1582 2033 1690 2065 austor
1713 2043 1719 2062 :
1762 2033 1794 2064 51
1821 2040 1877 2073 per
1902 2036 2105 2076 ignorantiam
2178 2072 2188 2078 „

1213 2084 1303 2116 lotum
1322 2081 1420 2124 fuerit
1447 2081 1678 2123 Antimenfium‚
1706 2093 1764 2114 non
1782 2082 1943 2123 polluitur.
1971 2082 2105 2124 Sanc‘lifi-
2126 2072 2202 2110 ΟΨ·
2220 2081 2264 2108 ¹⁴·

1214 2139 1288 2166 catio
1315 2138 1393 2165 enim
1420 2136 1451 2164 in
1462 2143 1492 2164 eo
1501 2131 1555 2172 est.
1584 2134 1705 2164 Sacrum
1722 2142 1778 2165 non
1793 2133 1914 2173 efficitur
1935 2138 2102 2175 impurum«.

1215 2182 1318 2230 Qod
1341 2182 1424 2216 lotio
1451 2181 1508 2224 ipsi
1541 2182 1679 2216 auferret
1711 2182 1836 2216 sacrum
1870 2193 2104 2227 unguentum,

1215 2232 1409 2277 quibusdam
1446 2231 1511 2265 visa
1549 2231 1612 2265 fuit
1648 2233 1772 2266 auferre
1810 2234 1844 2266 δε
1881 2233 2105 2267 sanctificatio-

1217 2295 1311 2317 nem.
1340 2282 1471 2322 Voces,
1501 2283 1559 2315 Per
1579 2287 1797 2325 ignorantiam,
1823 2282 1975 2317 videntur
1993 2284 2104 2317 affere-

1216 2345 1249 2367 re
1264 2358 1275 2374 ‚
1298 2332 1388 2377 quod
1403 2331 1644 2366 Antimensmm
1664 2331 1839 2367 deliberate
1867 2345 1936 2368 non
1963 2334 2106 2377 potuerit

1217 2384 1312 2417 lavari
1328 2409 1334 2415 .
1891 2394 1894 2396 ’

1265 2433 1379 2468 Nostri
1392 2434 1426 2467 in
1438 2443 1527 2466 novo
1540 2433 1758 2469 Testamento
1778 2434 1934 2468 Sacrificii
1956 2432 2081 2468 Altaria
2094 2458 2106 2474 ‚

1218 2484 1290 2518 iicet
1310 2485 1418 2517 forsan
1443 2494 1509 2518 non
1537 2483 1685 2518 divinum
1701 2508 1712 2524 ‚
1733 2484 1875 2518 omnino
1895 2493 2005 2518 tamen
2032 2485 2105 2516 sunt

1215 2534 1400 2568 institutum
1414 2543 1512 2576 atque
1523 2533 1715 2568 mandatum
1730 2533 1963 2578 Apostolicum
1978 2559 1985 2565 .
2014 2534 2104 2567 Nam

1214 2583 1281 2627 ipsa
1292 2582 1401 2618 laudat
1415 2583 1448 2616 in
1461 2584 1523 2616 suis
1537 2583 1693 2627 Epistolis
1716 2585 1849 2619 Sanetus
1872 2583 1993 2618 Paulus
2015 2583 2104 2626 Apo-

1215 2634 1316 2667 stolus
1337 2658 1347 2674 ,
1383 2634 1417 2667 &
1442 2633 1642 2668 vetustissimi
1666 2634 1815 2669 Ecclesiae
1838 2634 1968 2668 Patres.
2000 2633 2104 2676 Ipsam

1217 2685 1328 2716 Altaris
1341 2694 1456 2717 vocem
1469 2681 1566 2717 habet
1580 2683 1686 2720 illejn
1703 2685 1847 2727 Epistola
1859 2684 1899 2718 ad
1922 2682 2080 2716 Hebraeos
2094 2708 2101 2715 .

1218 2733 1259 2766 Et
1274 2731 1407 2777 quddin
1430 2733 1578 2776 Epistola
1601 2732 1642 2767 ad
1668 2732 1865 2768 Corinthios
1887 2744 1941 2775 per
1964 2732 2104 2766 Domini

1216 2784 1359 2817 mensam
1372 2782 1538 2827 intelligat
1549 2781 1685 2822 Altare‚
1713 2783 1794 2817 reite
1806 2783 2104 2827 affirmatvigefima
2126 2773 2198 2811 0³1³·
2221 2783 2265 2804 ¹0·

1216 2833 1355 2867 secunda
1384 2832 1475 2865 seffio
1511 2831 1703 2866 Tridentini
1742 2833 1917 2867 Concilii.
1946 2832 2104 2866 Duranti-

1216 2883 1274 2917 bus
1298 2882 1482 2916 Gentilium
1503 2883 1781 2925 persecutionibus
1816 2883 1871 2918 illa
1907 2891 1998 2916 erant
2033 2893 2101 2916 non

1215 2932 1344 2967 tantum
1366 2933 1397 2965 in
1423 2933 1587 2973 Basilicis,
1614 2933 1666 2967 sed
1691 2934 1864 2977 insuperin
1890 2933 2102 2966 Coemeterio-

1215 2994 1286 3016 rum
1306 2983 1428 3026 cryptis
1448 2983 1482 3016 &
1502 2983 1631 3026 privatis
1656 2984 1778 3017 aedibus
1807 3009 1813 3015 .
1843 2984 1945 3016 Erant
1967 2994 2035 3017 non
2053 2983 2102 3016 so·

1215 3032 1282 3066 lum
1303 3032 1448 3075 lapidea,
1477 3032 1636 3066 sedetiam
1656 3033 1786 3077 lignea,
1808 3044 1843 3065 ac
1857 3032 1995 3067 faciliter
2006 3034 2103 3067 trans-

1215 3080 1385 3126 portabilia
1409 3107 1414 3112 .
1456 3081 1563 3115 Nobis
1586 3081 1714 3116 Latinis
1740 3082 1801 3116 esse
1824 3082 1973 3126 lapidea,
1999 3094 2036 3117 ac
2063 3083 2099 3115 in

1215 3131 1288 3167 solis
1309 3130 1453 3165 Bafilicis
1477 3131 1534 3175 figi
1555 3131 1639 3174 juffit
1663 3132 1797 3166 Sanstus
1829 3132 1988 3176 Sylvester
2008 3156 2014 3164 .
2054 3132 2098 3165 Ec

1215 3184 1392 3217 Decretum
1415 3182 1526 3215 omnis
1549 3182 1650 3214 etiam
1673 3182 1855 3216 Orientalis
1868 3182 2009 3216 Ecclesia
2021 3194 2101 3216 con-

1214 3233 1332 3266 stanter
1356 3231 1501 3265 admisit.
1530 3232 1662 3265 Etenim
1685 3231 1819 3274 subejus
1830 3232 2028 3267 pontificatu
2040 3233 2095 3263 sta·

1214 3284 1276 3317 tuit
1301 3279 1509 3315 Laodicenfis
1534 3279 1683 3323 Synodus
1706 3295 1712 3314 :
1740 3283 1835 3325 ,Quod
1855 3293 1911 3315 non
1935 3290 2044 3323 oportet
2061 3284 2094 3311 in

1214 3330 1346 3365 domibus
1368 3331 1526 3364 oblationes
1549 3331 1688 3365 celebrari
1700 3330 1738 3363 ab
1753 3329 1909 3374 Epijiropis
1927 3332 1978 3363 vel
1992 3329 2096 3365 Preby-

1214 3386 1285 3414 teris
1308 3405 1315 3412 .
1348 3379 1476 3414 Privata
1498 3405 1508 3421 ‚
1548 3381 1588 3414 ad
1611 3392 1681 3424 quae
1702 3381 1884 3415 Gentilium
1917 3377 2091 3421 persecutio

1214 3430 1437 3474 compulerat,
1463 3431 1617 3465 sacrificia
1643 3431 1711 3464 vult
1735 3432 1798 3474 jam
1811 3430 1930 3473 pacatis
1945 3426 2090 3459 Ecciefiae

1215 3480 1413 3526 temporibus
1426 3480 1598 3525 proscripta
1612 3482 1740 3524 penitus
1752 3492 1788 3514 ac
1799 3478 1962 3513 eliminata
1979 3501 1984 3506 .
1999 3474 2093 3510 Atta-

1611 3531 1643 3564 X
1670 3543 1692 3563 x
1967 3537 2042 3561 men
