2352 3736
50 648 185 686 fol.174·

50 690 113 724 Lib-
132 699 157 718 1·
179 697 206 719 C-

51 735 99 761 6²·
119 734 168 766 ⁶3.

44 1524 203 1563 tinnit-9.

49 1566 82 1596 &
103 1577 145 1597 10.

46 1607 126 1644 Cap·
139 1615 186 1644 ³1·

50 1653 101 1682 ³2·

49 1983 108 2017 Fol.
118 1994 182 2021 zor.

53 2168 187 2210 Epist-4⁴-

58 2513 190 2547 ΔΑΗ,-

59 2553 94 2582 A»
111 2560 192 2582 unt

527 151 594 182 ne
628 137 822 182 Reum
857 138 1115 182 ΑΝτιετι
1135 148 1244 179 TUM
1279 148 1734 182 Noutria-trous.

223 220 555 262 comedumt-tius,
582 218 805 262 Ultrajefflnae
816 219 964 254 Ecclefiae
979 217 1097 252 discor-

223 277 301 312 dem
308 273 349 308 dc
358 272 554 307 Hermanno
571 270 787 305 &Frederico
798 269 991 304 electionem
1009 267 1096 301 deci-

221 325 305 363 dens
315 347 328 364 ,
352 322 488 357 &Cleri
505 321 547 356 ad
564 320 814 365 Metropolitam
831 319 866 352 δε
877 315 1095 351 provinciales

221 375 406 419 Episcopos
436 371 701 407 reclamatIonem
727 377 943 404 contemnens
964 390 976 407 ‚
1001 365 1093 409 cujus

221 423 385 471 judicium
396 422 557 463 firmavit,
581 420 866 456 &recalcitrantes
886 416 1028 462 graviter
1038 427 1094 460 pu-

221 475 289 510 niit
303 474 469 509 Succeffor
487 471 692 507 Fredericus.
718 466 877 502 Potestati
897 477 1011 501 tamen
1032 466 1095 500 suae

222 524 346 559 diffisus
357 522 547 559 Conrardus
556 520 683 556 astasua
694 527 748 562 per
758 516 948 561 Eugenium
961 518 1093 551 tertium

220 573 422 609 Pontificem
443 571 567 608 curavit
583 566 752 603 ratificari.
777 567 827 601 Ita
847 564 947 601 habes
968 568 1005 601 in
1028 577 1093 601 ma-

222 635 294 670 gno
318 623 427 669 Belgii
448 619 639 658 Chronico,
664 617 698 653 &
717 615 804 660 apud
826 615 1017 652 otthonem
1027 616 1094 650 Fri-

221 674 407 719 fingenstm
417 672 454 706 in
463 679 562 712 opere
571 667 612 702 de
622 667 720 712 gestis
729 666 892 701 Frederici
901 691 910 699 .
938 667 983 700 Et
997 665 1093 709 hujus

220 723 365 769 praetenfi
382 718 555 764 jurisidetn
565 717 753 752 Fredericus
773 717 838 751 fuit
854 716 1093 754 tenaciffimus‚

222 783 342 819 urgens
358 767 562 805 concordati
587 766 684 802 verba
707 781 719 801 .·
745 766 870 800 ΕΙεὲἶιυ
890 767 1015 811 Regalia
1035 774 1092 807 per

222 833 253 857 te
261 825 400 863 recipiat.
426 818 577 853 Electum
598 818 661 852 fine
679 817 734 851 sua
754 817 794 852 de
807 815 986 862 Regalibus
1005 816 1093 850 inve-

221 873 332 909 stitura
352 893 364 911 ‚
390 867 538 913 adeoque
558 869 627 902 fine
648 869 707 901 suo
727 868 887 902 consensu
917 864 1004 901 dixit
1025 875 1093 900 non

218 919 308 967 poffe
316 920 513 953 consecrari.
542 918 638 952 Hinc
657 917 746 960 quod
765 914 988 951 discordantes
998 915 1094 960 Mag-

216 969 427 1014 deburgenfis
438 968 586 1003 Ecclefiae
595 978 698 1012 partes
707 966 886 1001 conciliare
898 976 968 1001 uon
980 966 1094 1010 posset,

213 1020 352 1054 cassavit
368 1019 564 1053 elestionem
581 1028 772 1062 utramque,
797 1017 833 1051 <Sc
861 1016 1094 1060 Episcopatum

217 1069 312 1104 dedit
331 1067 559 1104 Wickmanno
582 1093 591 1101 .
619 1068 791 1112 Eugenius
812 1066 925 1100 tertius
946 1075 1095 1110 potenter

215 1119 394 1155 interceffit
414 1144 427 1160 ,
451 1119 643 1163 protestatus
662 1117 762 1151 talem
793 1115 987 1159 potestatem
1010 1115 1095 1149 laico

217 1168 365 1213 Principi
377 1168 529 1203 interdici
551 1179 607 1212 per
617 1167 796 1206 Canones,
817 1167 999 1211 Episcopos
1023 1166 1097 1199 Fre-

218 1218 321 1253 derici
350 1220 494 1253 fautores
526 1216 679 1252 acerrime
712 1217 884 1259 increpans
912 1240 924 1257 ,
948 1215 1097 1249 indicens

218 1279 341 1303 novam
351 1269 596 1308 e!effionem,ae
607 1267 719 1312 legans
730 1265 812 1301 duos
823 1265 1029 1306 Cardinales‚
1039 1267 1095 1308 qui

220 1318 483 1354 Wickmannum
503 1317 728 1352 exturbarent.
756 1316 900 1351 Causam
921 1314 1008 1350 hanc
1023 1315 1099 1350 affe-

220 1369 344 1403 veravit
355 1379 526 1413 nunquam
541 1368 602 1402 ase
612 1366 857 1402 deserendam„⁴
868 1368 896 1400 F
898 1365 1034 1400 rederici
1053 1375 1098 1398 ta-

219 1428 300 1453 men
318 1417 476 1452 violentia
500 1417 686 1461 praevaluit‚
712 1417 857 1460 Legatos
879 1415 1044 1458 suspendit
1056 1414 1097 1448 ab

220 1467 409 1512 Apostolici
427 1466 779 1502 mandatiexecutione
791 1489 802 1505 ‚
828 1475 926 1507 atque
938 1464 984 1500 ita
1006 1466 1098 1498 iures

221 1517 590 1552 Ecclesiasticasvevafit
616 1514 715 1560 longe
747 1515 944 1549 insolentior
971 1539 979 1547 .
1015 1515 1099 1561 Qae

218 1566 334 1602 omnia
354 1567 478 1612 largius
497 1565 650 1600 describit
669 1565 819 1600 laudatus
839 1564 1019 1608 Episcopus
1040 1566 1100 1597 Ot-

218 1617 305 1658 tho,
331 1617 511 1661 adjungens
531 1614 630 1650 etiam
651 1614 862 1649 Colonienfis
882 1614 1031 1648 Ecclefiae
1051 1613 1100 1648 di-

219 1666 368 1703 scordem
381 1667 580 1702 elestionem
607 1665 702 1699 fuisse
723 1665 764 1699 ab
786 1664 844 1699 illo
865 1664 1007 1698 decisam
1029 1687 1041 1703 ,
1066 1663 1100 1696 &

219 1717 357 1762 quidem
378 1716 462 1752 adeo
481 1725 653 1761 potenter,
680 1724 716 1749 ut
738 1715 807 1758 ejus
830 1715 1010 1757 susceptum
1027 1713 1100 1746 Fre-

219 1767 367 1803 dericnm
388 1766 555 1801 Adrianus
588 1774 719 1809 quartus
743 1764 862 1799 Romae
886 1763 1098 1797 consecrarit.

220 1817 442 1866 Qodipsum
451 1816 563 1851 scribit
581 1825 740 1860 magnum
761 1814 869 1858 Belgii
882 1811 1076 1847 Chronicon
1089 1836 1100 1853 ‚

219 1868 404 1913 adjungens
423 1866 465 1901 de
476 1866 617 1901 discordi
640 1865 819 1904 electione,
845 1873 909 1903 qua
920 1862 1102 1896 Treveten-

219 1917 261 1951 fis
279 1915 423 1951 Ecclesia
433 1916 575 1960 elegerat
599 1912 818 1957 Rudblphum
838 1913 871 1947 δε
882 1912 1074 1947 Folmarum
1087 1926 1098 1945 .-

219 1964 499 2007 PerBaronesfuit
508 1965 683 2007 definitum,
705 1963 846 2006 partibus
867 1961 908 2003 fic
931 1963 1096 2005 diffentt'en-

218 2016 301 2051 tibus
310 2019 521 2058 Imperatorem
538 2015 614 2058 poffe
633 2012 793 2057 personam
813 2014 949 2045 idoneam
966 2010 1103 2055 surroga-

219 2078 274 2101 π.
300 2064 394 2101 Etde
414 2063 555 2100 discordi
568 2063 742 2109 Augienfis
752 2061 950 2098 Monasterii
970 2061 1100 2096 electio-

222 2127 266 2151 ne
282 2126 384 2161 agens
417 2113 613 2149 Chronicon
635 2113 783 2148 Ecelefiae
806 2110 1101 2146 Constantienfis:

223 2164 361 2199 albertus
380 2166 618 2200 &Hermannus
640 2163 740 2197 Εῖεέῖἱ
761 2174 859 2196 coram
873 2163 1029 2195 Frederico
1049 2160 1103 2193 bu-

217 2217 276 2257 Jus
287 2220 413 2248 nominls
418 2221 516 2257 primo
526 2218 722 2248 Romanorum
733 2211 875 2256 Caesare,
901 2221 972 2245 tunc
996 2217 1105 2251 tempo·

225 2270 270 2298 ris
292 2265 478 2306 imperialem
507 2268 769 2308 congregationem
798 2265 897 2304 spirae
919 2260 1103 2300 celebrante,

225 2322 471 2356 comparuerunt,
492 2312 550 2356 sed
565 2325 633 2347 cum
646 2315 762 2346 auditis
783 2311 853 2345 hinc
873 2312 945 2345 ind&
961 2309 1102 2353 partibus

225 2362 333 2407 Caesar
356 2362 472 2407 easdem
492 2363 665 2397 concordare
679 2367 843 2405 nequiret,
869 2364 1026 2404 Principes
1053 2361 1105 2394 de-

224 2423 386 2447 creverunt
398 2411 550 2456 Caesarem
558 2421 616 2455 pro
636 2411 725 2446 libitu
731 2411 785 2455 suo
799 2411 874 2455 posse
885 2412 959 2445 dare
981 2412 1105 2455 &elige-

224 2473 259 2497 re
278 2463 422 2497 abbatem
443 2473 530 2505 quem
554 2463 645 2497 vellet
670 2487 676 2493 .
703 2462 815 2510 Quam
841 2461 1034 2505 potestatem
1053 2460 1102 2494 illi

225 2512 314 2556 apud
349 2510 558 2546 Franciscum
586 2511 633 2546 du
668 2510 800 2546 Chesne
826 2509 979 2546 adscribit
1003 2511 1103 2545 etiam

225 2561 422 2597 Chronicon
434 2560 721 2596 Hildesheimense
734 2586 742 2594 .
769 2562 852 2596 Item
864 2562 899 2595 in
917 2561 983 2596 suis
992 2559 1104 2595 Anna-

228 2610 313 2646 libus
321 2613 454 2646 Simeon
465 2611 696 2647 Dunelmenfis
708 2636 717 2645 .
747 2610 792 2645 Et
800 2610 936 2656 quidem
949 2612 1006 2646 ista
1021 2611 1105 2645 Tre-

230 2661 409 2696 verenfinm
419 2662 459 2696 lis
477 2662 540 2697 suit
549 2661 713 2697 duriffima
727 2686 739 2702 ‚
764 2663 886 2707 agitata
898 2661 916 2696 ὰ
929 2661 1103 2696 Frederico

231 2708 398 2743 adversum
424 2722 489 2746 tres
524 2711 694 2747 successive
724 2711 902 2746 Pontifices
924 2736 936 2753 ,
961 2712 1114 2750 Lucium,

231 2758 367 2792 tertium
376 2782 387 2798 ‚
396 2758 573 2796 Urbanum
584 2763 717 2797 tertium
727 2786 739 2802 ,
765 2763 798 2796 ἀ
810 2763 942 2796 tertium
954 2761 1105 2796 Clemen-

232 2818 303 2841 tem
315 2831 322 2839 .
350 2808 578 2852 Fredericum,
603 2812 693 2855 quod
712 2812 781 2855 ejus
798 2811 961 2846 familiam
985 2813 1020 2846 in
1034 2812 1108 2846 Me-

232 2856 433 2891 dionalenfis
453 2858 592 2894 civitatis
617 2861 748 2896 excidio
770 2862 880 2896 fuisset
905 2861 983 2896 dure
1004 2863 1106 2906 perse-

230 2916 348 2946 cutus,
372 2906 571 2942 aversabatur
595 2910 754 2946 Urbanus
771 2936 783 2953 ,
807 2922 907 2956 atque
931 2913 976 2946 ita
995 2912 1106 2946 abillo

234 2957 386 3000 rejectum
408 2958 599 2991 Folmarum
617 2960 773 3005 suscepit,
798 2963 881 2996 &in
905 2961 1106 3005 Episcopum

235 3006 440 3041 consecravit
459 3033 467 3041 .
494 3006 676 3042 Videbatur
692 3012 823 3053 quaestio
843 3012 886 3046 fic
907 3011 971 3046 effe
995 3011 1109 3046 finita.

238 3055 300 3090 Ast
313 3055 447 3092 Urbani
468 3057 629 3100 judicium
649 3059 778 3094 caffiwit
790 3061 944 3098 Clemens
955 3086 967 3103 ‚
991 3061 1025 3095 ἃ.
1036 3062 1110 3096 Fol-

236 3117 367 3141 matum
377 3107 412 3141 dc
421 3106 639 3150 Rudolphum
649 3108 827 3144 exturbans
838 3134 849 3151 ‚
873 3112 1110 3156 imponensque

236 3157 419 3200 joannem.
444 3157 508 3191 Rei
527 3158 640 3192 seriem
662 3157 735 3193 vide
755 3159 840 3201 apud
860 3160 986 3196 dictum
999 3162 1108 3207 Belgii

236 3205 432 3240 Chronicon
445 3230 456 3247 ‚
480 3206 691 3243 Monachum
713 3207 932 3244 Godefridum
952 3233 965 3250 ‚
991 3210 1113 3246 Amol·

236 3256 320 3290 dum
348 3255 516 3290 Abbatern
548 3258 771 3293 Lubecensem
794 3281 805 3299 ‚
832 3257 1046 3303 Radulphum
1072 3260 1114 3296 de

237 3306 377 3349 Diceto,
389 3307 423 3341 δε
434 3303 625 3342 chronicon
637 3309 869 3353 Episcoporum
882 3309 1032 3344 Ecclefiae
1042 3310 1114 3347 Me·

237 3357 353 3391 tenfis.
366 3357 415 3391 lta
426 3356 560 3402 quidem
571 3358 655 3393 inter
661 3356 882 3395 Sacerdotium
894 3358 1113 3405 &Imperium

242 3416 309 3451 pax
316 3406 414 3444 rediit
421 3430 435 3449 ‚
453 3405 507 3444 sed
517 3406 682 3446 discordiae
691 3409 786 3447 radix
806 3419 877 3447 non
886 3409 950 3448 fuit
959 3411 1068 3448 evulsa
1077 3435 1087 3447 .

1871 149 1963 197 135

1206 218 1341 254 Etenim
1364 219 1575 264 quaestionem
1593 220 1758 266 resumpfit
1768 218 1930 256 Frederici
1942 219 2032 256 filius

1157 269 1191 303 δε
1201 270 1369 304 Successor
1389 270 1554 305 Henricus
1575 271 1685 305 sextus
1696 293 1708 311 ,
1733 270 1774 305 de
1784 283 1853 316 quo
1869 281 2033 318 magnum

1155 318 1266 363 Belgii
1284 318 1504 355 Chronicon:
1531 321 1622 363 Apud
1647 321 1788 354 Leodusm
1808 321 1914 356 elenu:
1936 320 1975 362 est
1999 326 2032 353 tn
2056 335 2189 372 fola„-

1156 367 1337 411 Episcopum
1353 369 1487 404 Albereus
1498 370 1729 404 archidiaconus
1741 394 1753 412 ,
1779 373 1895 405 Frater
1907 376 2032 406 Henricl

1157 421 1249 451 Ducis
1263 419 1455 462 Lovantenfis
1469 444 1480 460 ,
1504 428 1607 454 contra
1627 431 1715 464 quem
1734 423 1842 455 Comes
1863 422 2036 455 Baldutnus

1153 478 1217 501 cum
1233 465 1294 513 suis
1316 475 1486 504 nominavit
1506 471 1659 505 Albanum
1681 469 1873 514 Praepofitum
1898 496 1909 512 ‚
1934 469 2030 514 conso-

1154 518 1270 552 brinum
1276 517 1384 562 suum,
1401 520 1539 561 fratrem
1556 523 1683 554 Comitis
1695 523 1856 563 Manafferi
1870 520 2027 561 Reitestm-

1147 566 1189 609 fis
1198 593 1206 601 .
1233 570 1293 603 Sed
1302 569 1439 603 Albertus
1451 568 1627 610 Praepofitus
1640 593 1651 609 ,
1674 580 1740 604 cum
1751 571 1817 615 effer
1828 570 2005 606 illitteratus
2013 592 2027 610 ,

1152 620 1225 659 ceffit
1237 618 1351 653 Alberto
1367 617 1544 660 Lovantenfi
1550 644 1561 659 ,
1586 620 1622 652 εἰ*
1634 629 1779 654 venerunt
1789 621 1876 655 ambo
1896 621 1940 655 ad
1949 625 2028 655 Hen-

1154 675 1246 703 ricum
1264 674 1477 711 Imperatorem
1498 694 1505 701 .
1531 673 1696 710 Imperator
1717 672 1786 702 vero
1816 674 1913 705 noluit
1934 674 2036 705 Lova-

1155 717 1247 760 ntenfi
1260 720 1332 752 dare
1350 721 1478 764 Regalta
1500 742 1511 759 ‚
1536 719 1639 752 dicens
1668 718 1833 752 clodionem
1853 723 1961 765 vemffe
1985 721 2032 754 aa!

1149 767 1237 812 suam
1256 779 1377 802 manum
1397 793 1408 809 ‚
1441 774 1511 812 quia
1533 767 1696 811 habuffent
1719 772 1752 800 in
1775 769 1910 803 elec‘lione
1931 770 2041 813 discor-

1155 820 1255 852 diam.
1284 821 1331 852 Et
1340 829 1405 852 cum
1414 819 1480 862 effee
1489 817 1531 851 ibt
1539 821 1643 852 Comes
1656 817 1847 851 Theodora-us
1874 820 1910 851 de
1922 820 2042 860 Hor-stul

1155 879 1253 903 coram
1275 872 1454 911 Imperatore
1467 893 1478 910 ‚
1504 873 1623 913 rogavit
1639 876 1695 910 pro
1706 866 1863 910 Praepofito
1886 868 2041 910 Bonnenst'

1157 917 1298 953 Lotbarto
1312 919 1416 960 fratre
1431 917 1507 962 suo,
1531 924 1578 952 cui
1594 918 1699 959 statim
1720 923 1884 961 Imperator
1905 923 2014 951 annuit
2029 942 2043 958 ,

1156 970 1307 1003 &donum
1327 970 1450 1009 conceffit
1462 992 1473 1009 ‚
1494 970 1646 1003 mediante
1662 974 1792 1012 pecunia
1811 973 1905 1002 trium
1916 967 2045 1002 millium

1157 1018 1350 1054 Marcbarum
1363 1044 1370 1051 .
1398 1018 1526 1055 Verum
1539 1019 1695 1055 Albertus
1705 1019 1917 1054 Lovanienfis
1937 1017 2050 1064 aplael-

1158 1069 1237 1104 lavit
1249 1068 1415 1111 Romam,
1433 1069 1512 1104 &in
1524 1068 1677 1104 mendica
1696 1071 1857 1115 peregrini
1882 1068 1969 1104 veste
1992 1079 2049 1102 ac-

1157 1119 1246 1154 ceffit
1265 1118 1306 1153 ad
1317 1119 1534 1154 Coelestinum
1556 1119 1691 1154 tertium
1701 1119 1906 1155 Pontificem
1917 1143 1929 1160 ‚
1954 1117 2046 1153 obti-

1159 1170 1232 1203 nuit
1250 1170 1400 1211 causam‚
1425 1167 1510 1204 &in
1530 1167 1658 1210 reditu,
1686 1169 1779 1213 quod
1802 1169 1983 1203 Coloniam
2004 1167 2043 1202 δε

1158 1218 1457 1263 Metropolitanum
1477 1221 1574 1254 suum
1593 1219 1639 1254 ob
1664 1219 1796 1253 structas
1817 1218 1859 1253 ab
1883 1217 2038 1252 Henrico

1160 1268 1312 1314 Augusto
1330 1269 1462 1314 insidias
1481 1269 1571 1305 adire
1591 1281 1662 1304 non
1682 1270 1807 1313 posset,
1833 1269 1880 1304 est
1895 1266 2050 1302 Remisa

1160 1319 1343 1354 Guilielmo
1354 1318 1615 1367 Arcbiepiscopo
1631 1321 1858 1354 consecratus.
1887 1319 1971 1365 Quo
1998 1327 2057 1352 au·

1159 1369 1231 1403 dito
1243 1368 1409 1404 Henricus
1419 1369 1505 1405 adeo
1513 1368 1694 1405 excanduit
1702 1394 1713 1411 ‚
1741 1379 1778 1402 ut
1789 1379 1845 1412 per
1856 1368 1990 1403 emifl'os
2002 1367 2048 1400 la-

1161 1415 1469 1454 trones¹¹Albertum
1487 1418 1659 1454 trucidarit
1681 1443 1690 1451 .
1726 1419 1880 1461 Sepultus
1922 1415 1978 1451 hic
2001 1415 2051 1451 est

1160 1468 1282 1503 ibidem
1303 1493 1314 1508 ,
1340 1478 1417 1502 cum
1438 1467 1505 1502 hoc
1527 1466 1709 1512 Epitaphio
1732 1480 1740 1499 z
1767 1470 1862 1510 Legta
1884 1474 1932 1503 ηε
1954 1466 2052 1510 legit,

1161 1518 1283 1553 elec-‘lum
1292 1521 1387 1551 Roma
1394 1517 1559 1559 probavit,
1583 1521 1688 1550 Remis
1704 1514 1843 1559 sacravit
1856 1541 1867 1557 ,
1886 1513 2045 1558 sacratum

1160 1570 1391 1607 Martyrtza‘vtt.
1418 1566 1601 1601 Deeodem
1621 1566 1721 1601 habet
1734 1567 1929 1602 Romanum
1956 1566 2048 1600 Mar-

1161 1617 1366 1662 tyrologium
1377 1630 1389 1651 .-
1415 1620 1517 1651 Remis
1536 1615 1640 1650 Sanc‘lc·
1662 1616 1777 1649 Albmt
1789 1613 1955 1657 Leodienfis
1967 1618 2046 1658 Epi-

1157 1666 1239 1710 scopt
1259 1670 1467 1708 &Marmis,
1493 1673 1609 1709 qulpro
1620 1667 1735 1700 tuenda
1754 1665 1951 1709 Ecclefiasttca
1961 1665 2051 1702 lton-

1163 1727 1227 1751 tate
1246 1726 1365 1751 necatus
1384 1716 1441 1757 est.
1469 1717 1533 1751 Rei
1554 1717 1667 1751 seriem
1690 1717 1838 1760 pluribus
1862 1723 2041 1759 exponurt

1163 1767 1363 1802 Godefridus
1375 1765 1567 1802 Monachus
1584 1767 1619 1802 dc
1633 1766 1781 1801 Annales
1802 1765 1953 1802 Eccleliae
1964 1764 2054 1803 Lo-

1161 1815 1280 1851 diensis
1292 1842 1299 1849 .
1327 1817 1476 1851 Praerenfi
1490 1815 1581 1850 istius
1589 1816 1668 1860 juris
1679 1815 1765 1851 adeo
1785 1815 1912 1850 zelosus
1928 1816 2054 1858 semper

1164 1868 1225 1901 fuit
1237 1867 1344 1901 sextus
1359 1867 1527 1901 Henricus
1538 1890 1550 1907 ,
1575 1875 1613 1900 ut
1623 1865 1827 1910 Episcopum
1846 1863 2024 1909 quemdam
2036 1889 2053 1905 ‚

1162 1916 1253 1961 quod
1274 1925 1407 1960 rogatus
1427 1915 1446 1950 a
1457 1926 1525 1958 quo
1542 1915 1675 1950 haberet
1687 1915 1941 1959 Episcopatum,
1968 1915 2056 1949 seru·

1164 1977 1218 2010 per
1235 1965 1443 2010 responderet
1460 1966 1479 2000 ὲ
1490 1964 1597 2008 Papa,
1620 1964 1741 2008 jusserit
1753 1965 1899 2000 militum
1913 1966 2049 2002 suorum

1165 2014 1299 2060 pedibus
1308 2015 1514 2050 conculcari.
1542 2013 1650 2051 Unde
1669 2014 1787 2051 similes
1811 2016 1847 2050 in
1866 2015 2053 2060 Episcopos

1163 2066 1196 2101 &
1206 2076 1342 2101 omnem
1352 2066 1487 2101 Clerum
1498 2065 1671 2101 violentias
1682 2065 1835 2100 admirari
1868 2076 1937 2099 non
1952 2075 2052 2108 opor-

1164 2126 1210 2150 tet
1229 2116 1265 2151 in
1274 2115 1340 2159 ejus
1352 2115 1423 2151 filio
1435 2115 1609 2151 Frederico
1633 2115 1795 2150 secundo.
1822 2114 1902 2149 Fuit
1916 2115 2046 2149 malum

1165 2166 1421 2200 haereditarium.
1448 2164 1542 2200 Idem
1561 2165 1612 2208 jus
1621 2164 1679 2199 libi
1700 2164 1866 2210 arrogavit
1875 2165 2052 2208 proximus

1163 2215 1301 2249 Henrici
1315 2215 1481 2250 Succeffor
1491 2214 1602 2250 Ottho
1613 2222 1745 2259 quartus
1757 2240 1766 2248 .
1793 2215 1928 2251 Etenim
1943 2214 2056 2249 Eccle-

1164 2267 1211 2300 srae
1230 2265 1442 2311 Moguntinae
1455 2264 1640 2300 discordem
1659 2262 1700 2298 de
1721 2265 1879 2309 Lupoldo
1901 2264 2052 2300 &Siffri-

1165 2316 1211 2351 do
1228 2316 1422 2351 elessionern
1442 2314 1565 2350 decidit
1577 2339 1589 2356 ,
1613 2314 1746 2360 ejusque
1765 2314 1926 2358 judicium
1945 2315 2052 2350 Inno-

1164 2368 1290 2401 centius
1309 2365 1423 2400 tertius
1444 2365 1673 2400 confirmavit.
1701 2365 1813 2400 Etiam
1823 2365 1942 2400 nostris
1963 2373 2049 2400 tem-

1166 2416 1297 2461 poribus
1315 2415 1452 2450 ssmilem
1471 2415 1723 2461 Argentinenfis
1756 2415 1905 2450 Ecclefiae
1925 2413 2048 2452 discoe·

1164 2467 1254 2502 diam
1263 2466 1305 2501 ab
1315 2466 1513 2510 Imperatore
1525 2465 1667 2500 decisam
1691 2466 1786 2499 refert
1798 2467 1832 2499 in
1853 2464 1916 2500 suis
1931 2464 2049 2501 Anna-

1166 2516 1252 2551 libus
1266 2515 1436 2561 Augustus
1456 2514 1642 2550 Thuanus.
1668 2514 1796 2550 Verum
1819 2516 1904 2550 inter
1919 2514 2049 2551 Catho-

1167 2568 1266 2602 licum
1285 2565 1558 2603 &Lutheranurn
1567 2575 1636 2602 erat
1656 2565 1714 2601 ista
1723 2564 1907 2603 discordia.

2084 2342 2120 2375 Α·
2128 2352 2142 2372 ί
2150 2352 2215 2375 200.

1350 2806 1697 2857 CAPUT
1765 2810 1865 2856 VI.

1169 2950 1384 3016 Exponitur
1401 2947 1587 3015 legitimus
1599 2952 1749 3015 Regum
1773 2948 1812 2995 in
1836 2943 2043 3005 Canonicar

1394 3017 1575 3067 detliones
1586 3015 1773 3084 confinfiaes
1785 3051 1799 3063 .

1175 3161 1302 3248 AN
1314 3161 1414 3197 etiam
1425 3163 1496 3207 post
1507 3162 1662 3210 Gregorii
1681 3161 1807 3208 septimi
1828 3162 1968 3198 Decreta
1985 3160 2050 3197 Re

1290 3223 1347 3258 ges
1362 3211 1562 3257 habeantjus
1573 3213 1797 3249 consentiendi
1818 3213 1854 3247 in
1865 3214 1961 3248 fastos
1978 3210 2053 3249 An-

1174 3263 1313 3298 tistitum
1323 3263 1497 3299 electiones
1507 3289 1519 3306 ,
1547 3265 1751 3309 ipsarumque
1761 3263 1890 3299 Eleaos
1900 3274 2049 3308 compro-

1153 3352 1155 3354 *
1175 3311 1274 3349 bandi
1284 3337 1295 3354 ,
1320 3312 1402 3348 olim
1411 3315 1534 3360 agitata
1545 3315 1608 3351 fuit
1618 3315 1748 3359 quaestio
1766 3314 1851 3350 inter
1862 3314 2048 3359 Hugonem

1176 3364 1352 3398 Primatem
1370 3363 1624 3411 Lugdunensem
1636 3390 1648 3407 ,
1682 3364 1879 3410 Apostolicz
1899 3363 1990 3400 Sedis
2010 3362 2048 3394 in

1178 3414 1287 3452 Gallia
1293 3414 1456 3462 Legatum
1464 3438 1476 3459 ‚
1492 3416 1526 3452 ἅ
1535 3417 1687 3454 sancum
1697 3416 1833 3455 lvonem
1845 3414 2045 3499 ΕὲξοΡῠω

1941 3471 2000 3497 nu·-
