2352 3736
66 762 121 791 At!-
142 763 225 790 1028.

538 142 625 172 DE

239 227 294 261 que
306 213 419 250 adhaec
428 211 562 254 universi
570 215 742 251 reticerent,
767 210 849 243 ledits
862 208 1018 253 sententiis
1029 207 1118 251 super

240 264 295 299 bae
302 276 335 299 re
346 262 625 306 olimpromulgatis
631 261 669 295 ab
681 260 861 293 orthodoxis
876 259 1021 292 Patribus
1031 282 1041 298 ‚
1070 258 1118 289 de-

237 315 385 349 claratum
395 313 433 354 est
446 338 456 354 ,
471 314 550 355 quod
552 311 633 356 solus
643 315 786 345 Romanae
797 311 879 344 Sedis
892 308 1034 350 Pontifex
1055 313 1117 340 uni-

241 363 371 408 versalis
394 362 528 407 Ecclefiae
554 366 675 395 Primus
697 362 761 404 effet
786 362 820 394 (5
840 358 1011 400 apostolicus
1039 382 1046 389 .
1084 358 1115 390 A

239 416 336 449 nullo
349 425 401 458 per
412 415 470 448 ista
478 423 625 457 tempora
643 408 743 445 Gallo
767 418 823 442 aut
831 409 898 442 alio
911 408 1034 442 Latino
1059 405 1118 440 ho-

238 465 333 499 mine
345 465 419 509 lego
428 465 586 498 Romanae
600 461 746 495 Ecclefiae
757 459 939 492 Primatum
955 458 1048 492 fuisse
1060 457 1119 490 im-

241 515 393 558 petitum.
420 515 532 562 Quare
543 511 675 548 addusta
688 509 782 542 verba
795 509 966 551 respiciunt
980 508 1118 547 Graecos,

240 563 284 598 de
303 564 420 607 quibus
446 567 481 599 in
510 565 565 598 sua
601 559 774 598 Historiali
796 558 949 601 Epitome
975 556 1120 592 siffridus

242 614 415 658 Presbyter
436 611 606 652 Misnenfis
629 621 636 640 :
663 611 801 650 Tempore
828 613 1019 651 Imperatoris
1042 612 1121 639 Con-

240 667 329 698 tardi
337 664 460 708 secundi
483 685 495 701 ,
505 657 804 701 Ecclefia‘onentalis
816 660 921 699 recfft
931 658 981 692 ab
988 656 1108 693 obedien
1115 676 1122 680 -

241 714 286 749 tia
296 715 378 750 Sedis
386 710 551 754 Apostolicae
565 735 571 743 .
601 709 643 743 Et
655 708 818 754 incogniti
832 709 984 742 Auctoris
1007 707 1120 740 Histo-

241 760 523 804 ricaCompilatio
538 773 546 791 z
572 764 712 801 Tempore
724 759 815 800 hujus
830 763 1021 801 Imperatoris
1033 781 1044 797 ‚
1070 762 1121 799 qui

242 800 403 849 vocabiifur
413 812 585 846 conrardus
596 812 706 843 salicus
719 835 729 850 ‚
757 810 924 842 Orientalis·
936 806 1063 849 Ecclefia
1089 814 1121 840 in

245 862 308 906 Afia
323 861 504 906 fortitudine
515 864 682 902 Regnorum
693 883 704 899 ,
730 857 901 899 diverfitate
927 859 1097 902 linguarum
1110 881 1120 896 ,

241 913 431 952 multitudine
452 908 682 953 Epifiopaetuum
694 933 705 949 ,
725 909 839 952 grandi
849 919 998 942 terrarum
1024 906 1121 954 spatie

236 972 352 1006 magna
362 962 455 996 valde
471 984 482 1002 ,
508 960 610 1000 rectffit
620 959 660 993 ab
669 959 835 993 obedientia
847 961 932 993 sedis
945 958 1118 1002 Apstolicae.

236 1015 338 1047 *Aliter
356 1017 435 1045 enim
456 1011 615 1052 baptizant
627 1010 650 1050 ,⁴
659 1011 812 1053 generalia
828 1010 961 1043 Com-ilia
983 1020 1040 1042 non
1055 1008 1120 1050 fre·

242 1071 412 1106 quentant,
431 1061 545 1102 statuta
563 1063 761 1093 Romanorum
775 1060 949 1101 Pontificum
972 1070 1030 1092 non
1054 1065 1121 1091 reci-

238 1118 330 1157 piunt
353 1135 366 1153 ,
390 1113 428 1145 de
446 1111 631 1153 fermentato
655 1109 807 1151 conficiunt
821 1134 832 1150 ‚
858 1111 896 1143 de
916 1118 998 1151 pane
1023 1120 1121 1148 azymo

240 1161 379 1204 Confitere
398 1163 499 1195 nolunt
517 1185 528 1200 ,
555 1169 663 1204 negant
688 1162 832 1201 spiritum
857 1160 998 1193 §andium
1019 1168 1120 1201 proce-

242 1214 316 1246 dere
341 1215 362 1244 ἃ
387 1212 466 1245 Filio
483 1209 555 1252 ficut
579 1212 600 1242 ἃ
626 1213 722 1243 Patre
735 1233 746 1250 ,
771 1209 809 1242 ab
835 1209 1030 1251 Ecclefiastica
1056 1215 1120 1242 uni-

244 1270 310 1296 tate
324 1260 396 1305 shiffl
411 1261 507 1304 sunt,
532 1262 566 1294 Θ·
589 1266 633 1293 ita
655 1265 688 1293 in
692 1259 773 1300 statu
784 1262 1010 1293 damnatorum.
1037 1257 1122 1292 Pho-

244 1312 313 1346 tius
332 1311 377 1345 ob
398 1311 542 1344 invasam
563 1311 668 1344 sedern
693 1309 1118 1354 constantinopolitanam,

240 1362 282 1396 ’ἀ
302 1362 390 1396 varia
412 1361 475 1395 alia
501 1359 670 1400 facinora,
698 1361 870 1402 praesertim
886 1361 930 1394 ob
941 1360 1121 1394 conflatum

244 1411 332 1454 inter
343 1411 498 1445 Latinam
525 1410 716 1444 &Graecam
738 1408 913 1446 Ecclesiam
933 1420 1058 1444 novum
1084 1420 1122 1442 ac

244 1458 434 1497 inauditum
445 1457 590 1494 Schisma
601 1484 612 1500 ,
637 1458 679 1493 ab
691 1459 802 1493 ostava
818 1460 957 1502 Synodo
972 1457 1122 1504 degrada-

244 1520 301 1546 tus
314 1521 391 1545 cum
400 1509 554 1544 omnibus
565 1520 621 1553 per
632 1509 736 1551 ipsum
747 1509 942 1544 consecratis
955 1508 1122 1551 Episcopis

238 1561 283 1594 *δε
301 1560 461 1600 clericis,
487 1571 524 1594 ac
550 1569 613 1602 per
628 1560 790 1602 joannem
811 1560 961 1593 octavum
983 1557 1122 1592 Pontifi-

241 1621 319 1645 cem
330 1621 371 1644 ex
381 1609 556 1643 meliorum
570 1606 623 1651 sp'e
644 1606 685 1642 ad
696 1608 803 1642 Bafiiii
829 1609 1037 1653 Imperatoris
1055 1618 1122 1650 pre-

243 1669 297 1694 ces
308 1658 538 1702 dispensatorie
547 1658 728 1695 restitutus,
759 1658 852 1692 nullo
864 1659 970 1693 modo
981 1659 1120 1700 refipuit,

239 1709 489 1745 {bd‘laudatum
509 1708 698 1751 Principem
720 1719 776 1751 per
793 1710 936 1753 magicas
947 1706 1122 1742 Theodori

243 1758 461 1795 Santabareni
487 1767 571 1792 artes
607 1757 689 1792 adea}
716 1758 918 1793 dementavit
942 1783 953 1799 ‚
991 1768 1027 1792 ut
1054 1769 1124 1800 pro-

243 1810 356 1853 prium
367 1809 472 1845 filium
499 1806 705 1843 &heredem
715 1807 864 1842 Leonem
884 1808 1061 1851 conjecerit
1089 1808 1122 1839 in

241 1870 394 1894 carceres.
412 1884 423 1900 ‚
457 1858 491 1892 &
519 1856 713 1892 renovando:
733 1856 907 1893 Schismati
928 1857 1057 1892 dederit
1083 1858 1126 1890 la-

241 1908 426 1944 mentanda
449 1907 733 1942 fomenta.·Hinc
757 1907 827 1950 post
844 1908 1040 1943 'destinatum
1067 1908 1125 1939 Pa-

243 1968 332 1994 (rem
346 1958 416 1992 Leo
427 1956 552 1991 levatus
572 1957 605 1996 in
618 1956 773 2001 Regnum
787 1982 796 1997 ,
823 1969 903 1993 mox
926 1957 1022 2001 ejecit
1041 1954 1127 1989 Pho-

245 2009 333 2047 ‚tium
347 2033 358 2048 ‚
385 2007 568 2051 deportatos
580 2018 634 2050 per
646 2008 750 2050 ipsum
761 2006 939 2052 Episcopos
948 2007 1126 2045 revocavit,

243 2067 350 2093 omne
370 2057 547 2102 Imperium
570 2056 712 2093 reddidit
727 2057 886 2092 Romanae
897 2058 1046 2094 Ecclefiae
1058 2081 1069 2097 ‚
1094 2057 1129 2090 ὅ(

244 2108 381 2142 statrem
408 2109 501 2144 suum
538 2107 739 2151 Stephanum
774 2109 885 2143 evexit
910 2109 947 2143 in
972 2106 1127 2142 thronum

240 2156 504 2192 *Patriarchalem
516 2182 523 2189 .
547 2156 678 2192 Verum
699 2158 858 2202 quo'niam
877 2156 942 2193 hic·
957 2158 976 2192 ὰ
1003 2156 1128 2191 Photio

244 2207 361 2241 fuerat·
379 2206 582 2242 consecratus
607 2208 642 2241 in
670 2209 861 2244 Diaconum
883 2222 898 2250 ;
921 2208 1061 2251 ideoque
1086 2217 1128 2240 ex

246 2257 369 2290 ostavae
386 2257 521 2300 Synodi
549 2258 699 2291 Decreuis
725 2269 882 2301 perpetuo
908 2267 1005 2302 atque
1031 2256 1128 2293 indis·

248 2306 460 2351 penfabiliter
497 2306 682 2351 irregularis
704 2320 729 2347 ,v
743 2306 935 2341 orthodoxi
971 2305 1126 2351 Episcopi

243 2356 321 2398 ejus
337 2357 609 2390 communionem
623 2357 704 2391 -sunt
718 2358 874 2396 aversati,
900 2357 941 2392 ad
963 2368 1047 2402 quos
1058 2367 1131 2401 pro-

246 2403 331 2440 inde
342 2405 377 2438 in
388 2404 515 2447 Synodi
537 2406 662 2440 ostavae·
672 2406 870 2451 Appendicev
886 2407 1129 2448 fatui-laudatus

244 2454 433 2498 {imperator
453 2455 526 2488 Leo
538 2467 550 2486 .·
574 2455 706 2495 Vestram
730 2458 882 2492 Pietatem
902 2469 991 2502 rogo,
1005 2457 1050 2492 *if
1062 2468 1128 2492 cum

240 2503 348 2551 *fratre
369 2503 432 2537 meo
447 2502 609 2546 fintiatir,
633 2507 667 2539 dr
689 2517 779 2540 unum
801 2510 880 2542 ovile
897 2510 974 2552 fiat.
1001 2509 1094 2552 ,Quod
1104 2507 1133 2550 fi

247 2552 361 2597 absque
373 2557 518 2588 Romanae
528 2554 661 2596 Ecclefiae
669 2555 846 2591 'austeritate
858 2583 868 2599 ‚
895 2571 963 2601 quae
972 2550 1128 2592 ‘Pharum

246 2604 443 2639 anaihemate
463 2606 649 2646 damnavit,
676 2617 740 2639 cum
760 2607 864 2649 fratre
875 2620 935 2642 meo
950 2607 1020 2648 ‚⁷:st
1039 2613 1092 2650 qai
1108 2610 1128 2640 ἃ

697 141 852 170 HAc

923 126 1321 172 REMENsl

251 2651 360 2689 Phario
376 2657 528 2688 Diaconus
541 2653 582 2695 fit
594 2654 775 2699 consecratus
787 2681 798 2698 ,
823 2663 1032 2692 communicare
1053 2669 1140 2693 recu·¹

248 2701 347 2746 setis,
370 2710 470 2745 agne,
494 2708 620 2738 Romam
634 2703 825 2748 scribamus«,
852 2709 1039 2750 libellumque
1056 2707 1128 2752 sup-

249 2754 362 2794 plicem
373 2753 416 2784 ad
427 2755 545 2794 Papam
552 2761 725 2796 mittamus-f,
749 2767 783 2791 ut
795 2758 999 2793 anathematis
1008 2756 1130 2801 censura

250 2800 392 2845 abfhlvat
403 2811 451 2834 eos
464 2825 475 2841 ‚
485 2808 537 2844 qui
545 2805 566 2834 ἃ
579 2805 682 2838 Phario
687 2805 762 2849 sunt
773 2814 889 2843 initiati
902 2835 908 2841 .
938 2810 981 2843 Et
992 2809 1130 2852 Impera-

247 2861 308 2886 tor
327 2849 469 2884 ommno
488 2851 606 2895 scripsit
626 2877 635 2886 .
661 2856 771 2891 Etiam
793 2858 961 2906 stylianus
982 2859 1105 2902 Mappa
1119 2883 1129 2899 ,

249 2900 471 2937 Neocaesareae
490 2900 788 2948 Metropolitanus,
814 2907 975 2943 Eusebius
988 2909 1131 2942 Nazian-

252 2960 355 2985 zenus
368 2974 379 2990 ,
407 2950 548 2993 Joannes
560 2951 772 2988 comanensis
786 2981 797 2997 ‚
825 2959 967 3001 Joannes
985 2958 1129 2993 Leonto-

250 3000 420 3044 politanus
429 3025 440 3040 ,
467 3000 589 3043 aliique
600 3001 704 3043 plures
715 3015 790 3039 cum
804 3007 940 3042 Clericis
966 3007 1130 3043 &Mona-

250 3048 328 3084 chis
339 3050 495 3093 Episcopi
507 3051 696 3094 scripserunt
707 3052 747 3086 ad
759 3055 960 3099 Stephanum
981 3059 1126 3100 sextum,

252 3099 474 3142 supplicantes
482 3110 518 3134 ut
532 3101 648 3145 longas
655 3102 839 3139 Orientalis
846 3106 992 3142 Ecclefiae
999 3109 1129 3143 calami-

249 3159 338 3183 tates
357 3149 521 3184 miseratus
547 3176 558 3192 ‚
583 3152 816 3195 dispensatorie
840 3155 1026 3200 dignaretur
1046 3158 1129 3192 miti-

248 3209 331 3243 ·gare
342 3200 488 3234 estavam
501 3200 673 3245 Synodum
686 3226 696 3242 ,
715 3203 748 3236 δε
761 3214 877 3239 omnes
889 3205 907 3238 a
918 3205 1043 3246 Photio
1052 3219 1129 3242 con-

250 3251 394 3283 secratos
417 3248 596 3293 Episcopus
619 3251 654 3285 &
673 3251 842 3296 Geticos,
868 3256 1040 3299 praesertim
1064 3257 1128 3292 Ste-

250 3297 403 3342 phanum
427 3297 656 3334 patriarcham·
675 3313 716 3336 ac
750 3314 941 3347 germanum
967 3306 1128 3351 Principis

247 3348 407 3389 fratrem,
434 3348 475 3383 ad
498 3348 664 3392 ordinum
682 3352 813 3388 snorum
825 3354 987 3392 honorem
1014 3356 1128 3392 &exe-

1393 123 1770 169 sineno.
1896 142 1994 179 209

1180 206 1334 250 Episcopi
1346 206 1380 242 in
1391 206 1535 250 quodam
1547 207 1674 240 suarum
1686 218 1816 249 precum
1838 208 1978 243 articulo
2001 210 2046 244 di·

1180 257 1362 294 scordarent
1373 282 1383 297 ,
1410 269 1463 300 per
1475 258 1618 301 Legatos
1639 256 1674 289 ὅσ
1688 268 1788 290 novas
1801 257 1922 292 litteras
1934 259 2050 293 instrui

1181 307 1339 348 Pontifex
1347 307 1452 342 voluit
1465 332 1475 348 ‚
1504 318 1573 351 quae
1582 307 1681 339 miffae
1691 307 1795 348 ipsum
1809 308 2059 347 defundum‘re-

1181 367 1327 399 pererunt
1348 379 1361 397 ,
1385 368 1422 391 ac
1446 357 1663 394 Succefforem
1686 356 1883 391 Formosum
1902 383 1914 399 ‚
1947 359 1966 392 a
1982 371 2058 403 .quo

1181 408 1387 450 responsum:
1413 410 1450 441 In
1459 419 1506 440 eos
1518 433 1528 448 ‚
1554 409 1636 450 quid
1649 406 1754 440 Pham
1774 405 1935 449 consecrati
1956 407 2029 451 sunt
2043 433 2055 449 ‚

1178 458 1344 490 clementem
1350 454 1531 500 sententiam
1550 459 1670 490 tulimus
1694 482 1705 498 ‚
1731 458 1861 493 ufdiatis
1877 457 1983 490 libellis
1989 457 2060 500 sup-

1175 507 1301 548 plicibus
1319 505 1474 548 fateantur
1490 505 1652 549 sepeccaffie
1665 532 1675 547 ,
1701 512 1824 540 veniam
1841 515 1896 548 per
1917 514 2059 549 poeniten-

1179 562 1253 590 tiam
1259 566 1368 599 petant
1380 581 1391 597 ,
1412 556 1664 598 pollicenturque
1677 557 1755 589 nibil
1761 556 1934 600 seamplius
1956 556 2057 600 buJ'ufi

1180 609 1258 640 modi·
1266 616 1452 649 peccaturos.
1476 610 1526 639 Ita
1537 611 1616 640 enim
1626 606 1686 639 illis
1697 617 1731 640 ut
1748 610 1849 640 LaicIs
1864 613 1896 640 in
1910 609 2059 642 Fidelium

1177 663 1403 691 communionem
1423 662 1569 698 receptis,
1596 655 1705 695 offensa
1714 663 1808 690 omnis
1838 660 1872 693 (5
1878 656 2059 700 scandalum

1181 707 1297 741 tolletur
1309 732 1316 740 .
1346 707 1413 740 Eos
1426 706 1537 742 nonin
1553 705 1782 748 Episcopalem
1792 716 1847 740 aut
1863 708 2060 742 Clericalem

1180 757 1330 801 gradum,
1343 756 1397 790 sed
1416 756 1448 789 in
1461 756 1594 789 Laicam
1606 754 1777 804 dumtaxat
1787 758 2060 796 communionem

1181 807 1294 849 recipit
1305 830 1317 846 ‚
1342 808 1517 840 asseverans
1526 804 1615 838 aliud
1628 816 1697 838 non
1713 804 1778 848 pati
1791 806 1940 839 oebavam
1954 808 2062 849 Syno-

1182 856 1281 900 dum,
1306 856 1341 889 &
1363 857 1504 890 Decreta
1527 857 1660 889 suorum
1673 854 1943 890 Antecefforurn.
1976 856 2063 890 Inte-

1181 908 1244 942 rim
1255 907 1303 940 uti
1314 906 1348 939 in
1359 903 1571 940 patriarchali
1585 904 1730 939 Throno
1741 929 1752 945 ,
1778 906 1823 939 ita
1855 906 1890 939 in
1902 904 2064 939 Romanae

1183 955 1524 991 Eccleliaeobedientia
1543 956 1656 989 firmus
1669 956 1840 999 permansit
1855 953 2036 999 Stephanus
2051 980 2062 996 ‚

1183 1008 1327 1052 itemque
1356 1007 1426 1049 *ejus
1442 1007 1607 1041 Successor
1623 1005 1796 1041 Antonius
1807 1005 1948 1040 Cauleas
1961 1020 1971 1040 .·
1996 1005 2066 1040 uti-

1183 1069 1244 1101 que
1267 1057 1325 1091 sub
1350 1058 1404 1100 spe
1414 1056 1600 1090 obtinendae
1612 1055 1746 1091 tandem
1762 1056 1941 1098 aliquando
1953 1056 2064 1101 grath
2083 1097 2085 1099 ,

1182 1109 1216 1142 &
1241 1106 1490 1151 dispensationis
1515 1132 1522 1138 .
1562 1107 1657 1140 Hinc
1683 1107 1803 1150 Joanni
1830 1118 1923 1141 nono
1951 1131 1962 1147 ,
2005 1096 2079 1162 a&

1183 1157 1253 1202 post
1295 1157 1506 1192 Bonifatium
1534 1157 1663 1191 sextum
1687 1181 1698 1197 ‚
1738 1154 1943 1199 Stephanum
1970 1153 2068 1200 [ἐρῶ

1183 1208 1274 1242 mum
1302 1233 1312 1247 ,
1350 1207 1542 1242 Romanum
1577 1207 1612 1242 ὅ(
1636 1205 1858 1240 Theodorum
1902 1207 1929 1239 F
1931 1207 2066 1240 ormoso

1184 1259 1368 1292 succefferat
1379 1283 1390 1299 ‚
1401 1259 1518 1292 iterum
1530 1257 1723 1301 supplicavit
1734 1257 1901 1299 Stylianus
1916 1257 2039 1300 Mappa
2053 1280 2065 1296 ,

1185 1319 1252 1342 non
1275 1308 1382 1342 solum
1401 1319 1460 1352 pro
1483 1306 1620 1348 photii,
1647 1307 1700 1341 sed
1715 1307 1815 1348 etiam
1834 1319 1893 1350 pro
1906 1306 2066 1350 Stephani

1183 1359 1216 1392 δε
1238 1357 1382 1393 Antonii
1405 1357 1709 1392 consecrationibus
1728 1382 1738 1398 ,
1765 1357 1976 1396 obtinuitque
1999 1356 2067 1390 hoc

1184 1409 1393 1451 responsum:
1420 1409 1559 1441 Volumus
1569 1417 1601 1440 ut
1614 1413 1706 1441 etiam
1716 1419 1792 1440 nunc
1811 1410 1933 1440 Decreta
1950 1405 2068 1449 sanilo-

1185 1470 1251 1491 rum
1274 1458 1446 1499 Pontificum
1470 1458 1712 1500 Praedecefforum
1736 1456 1890 1496 nostrorum
1911 1456 2067 1499 inconcussa

1187 1516 1330 1540 maneant
1352 1532 1359 1539 .
1395 1509 1584 1549 ,Quapropter
1604 1509 1758 1550 Ignatium
1781 1530 1792 1546 ,
1817 1505 1978 1546 Photium,
2004 1508 2067 1540 stet

1181 1557 1317 1599 phanum
1341 1558 1376 1591 ό·
1398 1559 1581 1596 Antonium,
1601 1555 1675 1597 ficut
1692 1554 1885 1598 sancsliffimus
1900 1559 1987 1597 Papa
2008 1560 2067 1588 Ni-

1184 1608 1282 1640 colaus
1307 1631 1319 1647 ,
1337 1609 1483 1652 joannes
1504 1605 1651 1646 oc‘iavus,
1672 1605 1781 1648 sextus
1808 1604 1978 1647 Stephanus
1996 1631 2007 1647 ‚
2033 1607 2068 1640 ζ’)

1184 1654 1327 1699 universa
1338 1660 1473 1690 Romana
1484 1654 1611 1697 Ecclesia
1624 1655 1678 1689 buc
1687 1655 1775 1699 usque
1787 1661 1894 1695 tenuit,
1907 1662 2000 1689 etlam
2015 1667 2069 1688 nos

1187 1708 1288 1740 eodem
1298 1707 1407 1749 ordine
1413 1711 1571 1748 recipimus
1582 1707 1617 1740 (ὅ
1628 1715 1761 1740 tenemus
1776 1731 1786 1746 ‚
1805 1707 1839 1740 ὁ·
1851 1707 1913 1739 illis
1924 1729 1935 1744 ‚
1960 1713 2011 1751 qui
2019 1704 2070 1748 suo·

1182 1755 1312 1802 perfunt
1324 1768 1362 1790 ex
1373 1767 1470 1791 eorum
1481 1757 1583 1789 ordine
1592 1780 1604 1796 ,
1628 1757 1724 1789 eodem
1733 1756 1821 1797 padio
1832 1768 1936 1789 manus
1952 1757 2069 1798 praebe-

1187 1818 1269 1840 mus.
1296 1806 1370 1840 Nec
1391 1806 1554 1841 Photium
1574 1817 1635 1840 nec
1655 1805 1859 1849 Stephanum
1874 1807 2069 1847 defunctos,

1189 1867 1245 1889 nec
1256 1855 1422 1890 sedentem
1444 1866 1523 1890 tunc
1536 1855 1726 1894 Antonium
1739 1856 1880 1899 recipere
1903 1858 2010 1890 voluit
2032 1866 2070 1890 ut

1187 1905 1408 1946 Patriarchas,
1435 1907 1697 1948 ipsorumtamen
1710 1908 1918 1941 consecratos
1942 1907 2072 1941 videtur

1188 1955 1303 2001 gradui
1316 1955 1372 1988 suo
1385 1954 1555 1989 reddidisse
1568 1980 1575 1987 .
1606 1955 1650 1988 Et
1665 1955 1737 1989 sane
1748 1955 1880 1989 tandem
1903 1957 1998 1999 plene
2018 1969 2072 1990 ex-

1189 2000 1375 2049 stinguendi
1390 2004 1584 2039 -Schismatis
1608 2006 1786 2044 necesitas,
1822 2007 1972 2049 variaque
1983 2007 2070 2040 ratio

1190 2056 1234 2090 ita
1245 2054 1430 2096 suadebant,
1445 2056 1478 2089 δε
1496 2054 1680 2100 cogebant,
1707 2056 1882 2103 Qidquid
1894 2057 1946 2095 sit,
1956 2057 2069 2090 omnis

1189 2116 1269 2140 tunc
1280 2105 1604 2140 OrientalisEcclefia
1613 2106 1830 2140 detestabatur
1840 2107 1976 2150 impium
1988 2118 2067 2141 cum

1191 2157 1254 2190 suis
1265 2156 1417 2199 operibus
1428 2154 1586 2190 Photium
1598 2179 1608 2196 ‚
1627 2157 1662 2194 ἀ
1674 2156 1905 2199 Apostolicum
1920 2156 2077 2191 Rotnani

1192 2205 1343 2250 Episcopi
1357 2204 1535 2240 Thronum
1558 2205 1684 2251 integre
1697 2206 1907 2241 venerabatur
1919 2233 1926 2240 .
1959 2207 2070 2241 Etiam

1193 2256 1337 2291 Antonii
1351 2256 1517 2290 Successor
1529 2256 1690 2290 Nicolaus
1702 2257 1866 2299 Mysticus
1877 2258 1947 2291 suas
1960 2257 2071 2291 adver-

1191 2308 1240 2342 sus
1252 2314 1404 2351 quartum
1417 2306 1541 2340 Leonis
1553 2305 1696 2352 Augusti
1714 2308 1962 2342 matrimonium
1986 2319 2069 2352 quae-

1191 2358 1310 2391 stiones
1320 2356 1460 2400 permisit
1470 2357 1622 2402 appellari
1636 2357 1675 2392 ad
1688 2357 1897 2392 Benedistum
1913 2369 2069 2402 quartum

1190 2407 1387 2442 Pontificem
1409 2431 1420 2447 ‚
1453 2408 1487 2442 δε
1511 2407 1677 2442 adversum
1705 2410 1736 2441 se
1757 2406 1797 2441 ab
1822 2409 1892 2452 ipso
1918 2408 2068 2442 definiri.

1190 2459 1317 2493 Omnes
1329 2458 1430 2502 usque
1441 2456 1482 2492 ad
1494 2456 1798 2502 Theophylastum,
1811 2459 1957 2493 Romani
1970 2460 2072 2494 Laca-

1193 2509 1267 2552 peni
1289 2508 1494 2551 Imperatoris
1506 2508 1633 2550 filium,
1663 2508 1858 2543 Patriarchae
1883 2509 2079 2543 &Panium

1190 2559 1223 2594 ὅ(
1234 2558 1521 2594 confirmationem
1534 2558 1643 2593 Roma
1656 2558 1968 2608 acceperunt.Qod
1981 2561 2072 2594 enirn

1192 2610 1259 2652 ipse
1271 2608 1451 2643 assumendi
1466 2610 1533 2643 fine
1546 2609 1691 2643 Romani
1703 2610 1875 2644 Pontificis
1893 2613 2074 2654 interroga·

1191 2660 1283 2694 tione
1325 2670 1364 2693 ac
1387 2659 1566 2694 donatione
1587 2658 1686 2694 Pallii
1711 2660 1935 2696 auctoritatem
1959 2671 2017 2703 pro
2042 2659 2073 2692 se

1192 2710 1226 2743 δε
1251 2707 1314 2743 suis
1325 2709 1567 2744 Succefforibus
1585 2711 1699 2744 emerit
1723 2711 1739 2744 ὲ
1752 2711 1878 2754 Ioanne
1892 2710 2071 2750 undecimo

1193 2759 1378 2797 Pontifice,
1402 2760 1539 2793 affirmat
1567 2760 1806 2795 &lamentatur
1829 2761 1861 2792 in
1874 2761 1934 2793 suae
1957 2759 1998 2793 ad
2014 2759 2074 2792 Ni„

1192 2808 1372 2853 cephorum
1394 2808 1543 2844 Phocam
1556 2804 1784 2853 imperatorem
1807 2809 1998 2854 Legationis
2019 2808 2075 2841 de-

1193 2859 1369 2902 scriptione
1391 2859 1612 2903 Luitprandus
1627 2862 1807 2904 Episcopus
1822 2859 2049 2894 Cremonensis
2065 2883 2073 2891 .

1194 2911 1231 2943 ln
1253 2910 1368 2954 puerili
1394 2920 1486 2944 aetate
1507 2921 1621 2945 contra
1645 2912 1800 2945 Canones
1822 2911 1855 2943 in
1872 2907 2073 2943 Patriarcha·

1194 2970 1263 2994 tum
1275 2960 1414 2994 intrusus
1430 2961 1491 2994 fuit
1504 2960 1795 3004 Theophylaaus‚
1823 2960 1963 3004 ideoque
1985 2959 2073 2992 arsua

1193 3009 1331 3052 synodo
1345 3010 1440 3044 duras
1453 3012 1556 3053 passus
1570 3015 1668 3053 usque
1680 3012 1720 3044 ad
1733 3009 1928 3043 excuffionis
1951 3009 2072 3052 pericu-

1194 3060 1262 3092 lum
1272 3060 1548 3094 contradictiones
1559 3084 1571 3099 ,
1596 3060 1637 3093 de
1653 3060 1770 3104 quibus
1781 3060 1935 3102 antiquus
1961 3060 1995 3093 δε
2011 3069 2077 3092 ma-

1195 3109 1374 3151 nuscriptus
1394 3108 1480 3151 apud
1503 3109 1654 3143 Leonem
1680 3109 1843 3143 Allatium
1864 3109 2075 3153 chronogra-

1195 3157 1275 3202 phus
1290 3172 1296 3190 ε
1326 3156 1520 3200 Consecratur
1532 3159 1715 3192 patriarcba
1725 3159 1950 3201 Theophylaeius
1962 3185 1969 3191 .
1997 3164 2075 3192 Cum

1194 3213 1298 3252 Legati
1326 3208 1478 3251 Pontificis
1504 3211 1600 3241 Roma
1626 3211 1769 3252 venissent
1797 3233 1807 3250 ‚
1832 3211 1866 3243 (θ’
1891 3220 2003 3244 tomum
2030 3212 2077 3248 55-

1195 3260 1328 3292 nodicum
1346 3259 1566 3301 apportassent,
1593 3264 1625 3291 in
1647 3270 1702 3301 quo
1724 3261 1762 3294 de
1787 3261 1868 3292 illius
1890 3262 2074 3292 ordinatione

1190 3307 1441 3351 praecipiebatur.
1470 3310 1535 3351 ,Qui
1562 3309 1595 3342 (θ’
1616 3310 1701 3342 illum
1725 3315 1756 3343 in
1782 3309 1986 3343 patriarchali
2005 3308 2074 3350 solio

1194 3358 1410 3400 confirmarunt
1437 3383 1443 3390 .
1482 3357 1584 3406 Qod
1623 3359 1729 3402 ipsum
1767 3361 1964 3394 confirmant
2003 3357 2075 3390 Leo

2098 3173 2155 3201 La..
2168 3180 2192 3201 c.
2203 3181 2227 3205 7.

250 3398 424 3437 cntionem
445 3396 646 3434 habilitare.
664 3400 790 3438 Verum
813 3404 900 3451 quod
912 3406 1068 3451 Princeps
1092 3408 1125 3443 &
1195 3408 1479 3446 Grammaticus&
1487 3407 1652 3453 Georgius
1663 3406 1968 3449 CedrenusNemp&
1977 3407 1994 3438 ὲ
2005 3405 2076 3442 Mss‘

332 3476 334 3478 ,
356 3447 464 3491 christ.
476 3453 554 3494 Lupi
566 3454 653 3494 Oper.
665 3453 744 3487 Tom.
755 3458 807 3488 W.

1600 3459 1634 3493 D
1659 3459 1682 3494 d
1921 3465 2030 3501 tropo·
