2352 3736
61 892 144 920 Anno

67 939 148 965 1057.

67 1351 138 1386 Cap,
159 1357 188 1385 3-

70 1539 188 1572 Λᾶέοηε

73 2075 134 2106 Lib
159 2088 200 2107 ιο.

75 2122 148 2153 ιη).
161 2127 186 2146 ι.

81 2772 129 2807 Ξῖ).
150 2773 215 2801 282.

512 140 541 168 D
558 122 602 167 'E
674 124 713 167 S.

230 212 328 246 titulo
348 210 416 253 post
453 209 676 242 Humbertum
700 208 747 241 &'
766 207 899 240 Petrum
925 206 1103 248 Epist-opos

228 261 367 304 sequitur
391 259 579 292 Fredericus
591 259 781 291 Diaconus&
794 257 995 289 cancellarius
1009 279 1016 286 .
1041 256 1104 288 Eo-

227 310 303 344 dem
328 309 429 343 modo
451 309 545 342 illum
569 310 706 351 appellat
736 307 943 340 Humbertus
978 306 1013 338 in
1040 305 1113 337 suc-·

228 360 654 394 cinstacommemoratione
679 359 808 391 suorum
836 358 1012 390 Astorum.
1030 352 1106 388 'De-

228 421 317 444 creto
344 421 474 447 autem,
499 407 587 453 quod
615 420 673 452 pro
701 406 871 454 Luitfredo
899 405 1029 439 Abbate
1054 404 1107 438 ad-

228 459 334 493 versus
361 457 534 493 Albertum
547 457 752 491 Monachum
766 455 857 490 dedit
869 456 1002 489 Sanetus
1014 455 1084 488 Leo
1099 478 1108 493 ‚

228 511 275 544 est
295 509 524 551 subscriptum:
555 509 726 541 Fredericus
753 506 869 539 5:1chae
896 510 1040 538 Romanae
1052 507 1110 536 Ec-

229 558 314 598 ciefiae
337 560 536 592 Cancellarius
553 559 585 590 (3·
608 556 855 590 Bibliothecarius
880 580 886 586 .
927 554 982 587 An
1009 554 1108 587 etiam

230 608 425 652 aliquando,
451 607 538 652 quod
566 607 636 640 Leo
663 606 816 640 Ostiensis
842 606 978 639 affirmat
999 627 1010 643 ,
1045 603 1098 636 fue

231 661 272 692 rit
294 660 394 693 totius
408 657 549 692 Romani
561 657 648 690 Cleri
664 656 921 689 Archidiaconus
936 679 944 692 ‚
973 654 1107 696 ignoro.

234 707 406 754 Quidquid
429 708 485 747 sit,
514 706 691 750 Sigibertus
718 704 959 739 Gemblacensis
994 713 1108 745 nequa-

234 769 332 802 quam
357 757 465 791 asserit
484 757 641 790 Romanae
669 757 814 789 Ecclesiae
840 765 918 788 tunc
945 752 1030 785 solos
1068 753 1109 786 se·

233 819 324 850 ptem
347 807 443 841 fuisse
464 807 655 841 Cardinales
677 805 843 838 Diaconos
867 828 874 835 .
903 802 1037 836 Etenim
1055 814 1107 836 au-

235 857 402 891 thenticus
423 857 623 900 dignitatum
647 855 681 888 &
702 854 885 887 officiorum
906 878 916 893 ,
953 864 1022 896 quae,
1047 853 1107 885 isto

235 917 382 950 tempore
401 906 515 940 habuit
542 907 692 937 Romana
730 904 870 936 Ecclefia
893 910 905 940 ‚'
940 904 1108 945 catalogus

235 958 339 991 exstat
355 955 439 997 apud
464 955 649 986 Dominum
662 952 870 986 cardinalem
883 952 1037 986 Caesarem
1053 952 1109 984 Ba-

235 1006 385 1045 mnium,
411 1004 445 1037 &
466 1003 533 1045 post
543 1013 728 1036 enumerata
739 1003 964 1036 Cardinaiium
979 1002 1109 1043 Presby-

236 1065 380 1088 terorum
399 1054 505 1087 officia
526 1065 562 1086 ae
586 1052 698 1085 titulos
724 1054 848 1094 pergit:
872 1054 944 1084 Sunt
954 1061 1064 1093 praeter
1075 1057 1112 1083 ti-

237 1107 312 1138 tulos
333 1106 504 1142 Diaconiae‚
530 1101 625 1145 eisque
649 1102 982 1143 Praefec‘liCardthles
998 1126 1007 1140 ‚
1027 1101 1110 1138 ,disti

237 1158 429 1197 Regionarii,
455 1159 532 1195 iique
553 1153 721 1190 duodecim,
750 1155 900 1184 Diaconiis
923 1156 1109 1194 Regionariis

236 1204 400 1245 Praefeo‘li.
427 1208 503 1236 Item
523 1207 645 1235 Diaconi
664 1202 798 1234 Palatini
814 1200 896 1244 sex.
932 1201 1025 1251 Qiid
1051 1202 1110 1234 sint

234 1253 399 1294 Palatini,
427 1252 505 1296 quid
520 1253 711 1297 Regionarii
724 1253 867 1285 Diaconi
881 1276 891 1290 ,
911 1251 1113 1294 &quaeipso-

237 1315 310 1339 rum
332 1305 427 1347 origo
448 1313 544 1346 atque
564 1303 730 1342 officium,
759 1314 826 1336 non
852 1302 967 1343 spectat
988 1301 1028 1334 ad
1042 1312 1111 1342 prae·

237 1355 364 1388 sentem
384 1354 513 1386 locum.
541 1352 676 1386 Interim
699 1352 773 1384 vide
795 1350 973 1386 Onufrium
994 1350 1111 1383 Panui-

239 1414 320 1438 num
340 1405 375 1437 in
396 1402 480 1436 libro
492 1402 531 1436 de
542 1394 772 1447 principalibus
784 1401 943 1434 Romanae
954 1401 1039 1434 urbis
1055 1400 1112 1432 Ra-

239 1454 350 1487 filicis.
380 1452 749 1495 constantinopolitana
772 1452 901 1484 Mennae
921 1449 1109 1484 patriarchae

240 1502 392 1546 Synodus
414 1503 521 1536 laudat
543 1501 700 1545 Episcopos
724 1503 760 1534 de
781 1502 891 1539 ltalia,
918 1499 1114 1534 &Archidia-

239 1565 322 1587 conos
342 1555 428 1587 sedis
451 1552 615 1594 apostolica»
631 1577 638 1583 .
667 1552 767 1597 Qod
792 1552 895 1592 ipsum
915 1551 949 1581 in
960 1549 1115 1581 exhibitis

239 1604 347 1637 eidem
375 1603 512 1645 Synodo
537 1602 681 1643 precibus
713 1599 837 1638 faciunt
867 1607 982 1631 omnes
1011 1599 1114 1631 totius

241 1653 390 1685 Orientis
402 1647 693 1684 ‘Archimandritae.
722 1647 851 1688 Nempe
875 1647 983 1679 omnis
1005 1646 1115 1678 urbica

239 1699 350 1744 Regio
370 1699 474 1741 plures
493 1699 575 1732 olim
590 1695 726 1730 habebat
739 1696 911 1729 Diaconos
924 1719 933 1734 ‚
960 1696 1115 1737 ipsorum-

241 1761 303 1792 que
339 1748 502 1781 Praefe&us
539 1745 707 1781 dicebatur
743 1744 1005 1779 Archidiaconus
1026 1769 1037 1785 ,
1063 1745 1116 1779 seu

242 1800 413 1833 Diaconus
438 1797 648 1831 Cardinalis.
671 1796 714 1829 Et
734 1794 799 1828 hoc
819 1795 910 1829 sensu
935 1794 1117 1829 videtui-lo·

242 1860 335 1884 cutus
348 1873 358 1888 ,
377 1847 578 1891 antiquitatis
590 1847 708 1890 peritus
720 1871 729 1884 ,
758 1846 827 1878 Leo
838 1845 994 1878 Ostiensis
1006 1870 1011 1876 .
1023 1845 1120 1888 ,Sigi-

242 1898 352 1933 bertus
372 1898 577 1932 Fredericum
590 1921 600 1937 ‚
619 1894 706 1940 quod
728 1895 805 1928 esset
830 1896 981 1937 septimus
992 1894 1118 1928 ordina-

243 1949 346 1983 tionis
361 1958 471 1987 aetate,
495 1957 592 1980 vocat
614 1947 786 1988 septimum
811 1944 980 1978 Levitam.
1014 1945 1119 1980 Locu-

244 2007 296 2033 tus
318 1998 362 2032 est
373 2009 449 2031 cum
460 1998 577 2031 Sansto
589 1995 750 2038 Gregorio
763 1995 967 2034 Turonensi,
987 1995 1119 2028 scriben-

244 2056 277 2082 te
298 2047 338 2080 de
361 2058 483 2091 magno
507 2045 593 2088 Papa
614 2044 778 2088 Gregorio
799 2057 809 2076 :
836 2047 981 2084 Septimus
1008 2048 1120 2077 Levita

244 2102 277 2129 in
300 2100 395 2139 Papae
414 2097 595 2137 adiutorium
616 2092 786 2138 adsciscitur
799 2118 806 2126 .
829 2092 952 2129 Verum
966 2094 1121 2138 septimus

245 2156 280 2182 tu
289 2159 326 2180 nc
345 2158 413 2181 erat
436 2147 571 2181 ultimus
584 2172 591 2179 .

294 2195 397 2230 Porro
419 2195 769 2230 CanceHariioffitium
789 2194 843 2229 diu
859 2196 973 2230 Romae
984 2196 1119 2229 mansit.

246 2246 382 2282 Etenim
405 2246 564 2280 Robertus
597 2245 778 2279 Cardinalis
809 2246 921 2280 Pullus
952 2246 993 2280 ad
1019 2247 1122 2289 ipsum

247 2299 426 2339 assumptus
443 2297 504 2330 fuit
525 2296 543 2329 ὲ
565 2296 671 2329 Lucio
701 2296 842 2330 secundo
870 2296 1052 2330 pontifice.
1082 2296 1123 2329 Et

249 2346 390 2381 Bali-atis
411 2346 551 2391 Eugenii
571 2346 661 2380 tertii
684 2346 816 2385 litteris,
847 2347 951 2380 Sancti
966 2346 1122 2380 Germani

249 2397 429 2431 Pirifienfis
461 2395 628 2440 privilegia
661 2395 932 2429 confirmantibus
954 2421 964 2436 ,
996 2395 1125 2430 subscri-

250 2459 345 2491 ptum
367 2447 410 2480 est
443 2447 483 2479 ad
514 2446 701 2479 duodecimi
723 2446 826 2479 saeculi
849 2457 972 2479 annum
995 2443 1127 2489 quadra-

250 2497 407 2539 gefimum
425 2497 578 2539 quintum
594 2510 604 2529 .-
628 2499 741 2528 Datum
756 2500 918 2535 Laterani,
939 2504 994 2537 per
1004 2508 1124 2529 manum
1139 2510 1143 2527 ι

250 2545 370 2578 Roberti
393 2570 402 2585 ‚
431 2546 549 2579 sanna
569 2550 711 2579 Romanae
733 2546 863 2587 Ecclefiae
886 2547 1060 2579 Cardinalis
1095 2547 1128 2580 (5

252 2596 448 2628 cancellarii.
469 2594 573 2628 Addit
598 2597 632 2629 in
659 2596 741 2629 libro
763 2594 802 2630 de
817 2595 977 2629 Parifienfi
1005 2595 1129 2630 Acade-

253 2646 318 2676 mia
331 2644 492 2679 Claudius
514 2645 718 2679 Hemeraeus:
745 2650 780 2678 1n
805 2645 983 2681 Monalleriis
1011 2647 1129 2679 Clunia-

786 123 1118 166 LEONIS

253 2691 328 2732 censi
337 2716 346 2731 ,
369 2693 546 2733 Floriacenfi
557 2719 567 2733 ,
588 2695 691 2728 santii
712 2693 837 2738 Remigii
859 2695 1004 2737 Remenfis
1017 2721 1026 2736 ,
1044 2697 1076 2729 (δ’
1098 2702 1130 2728 in
1174 2694 1175 2698 ¹

254 2748 280 2774 C
285 2743 459 2775 bartulariis
473 2744 594 2781 majoris
608 2743 772 2785 monasterii
777 2753 869 2786 prope
880 2748 1007 2778 Turones
1019 2771 1029 2786 ‚
1053 2748 1130 2779 Bea-

254 2800 296 2826 tae
318 2796 426 2824 Μανία
446 2793 580 2823 rotundae
590 2791 670 2832 foris
693 2806 789 2827 muros
811 2793 1050 2837 Antifiodorenses
1064 2820 1073 2835 ‚
1096 2797 1130 2829 <5

255 2840 444 2882 Bituricenfi‚
461 2840 570 2882 similes
581 2841 702 2884 legimus
716 2841 943 2884 subscriptiones
968 2846 988 2877 ἃ
1010 2846 1131 2879 Roberto

249 2892 370 2934 facilus.
396 2891 454 2924 sed
464 2901 559 2923 omnes
571 2895 652 2923 intra
665 2902 759 2924 annos
770 2890 851 2934 sedis
878 2896 1007 2936 Eugenii
1029 2902 1129 2929 tertii.

254 2943 298 2975 Et
311 2941 389 2974 hinc
399 2938 537 2975 eundem
551 2939 738 2984 Eugenium
752 2965 762 2980 ,
790 2952 826 2974 ut
837 2950 948 2984 aptum
961 2943 1128 2979 Cancelli-

254 2992 339 3025 rium
363 2991 480 3035 eligat,
504 2989 649 3024 hortatur
674 2991 804 3024 Sanfflms
827 2990 1026 3033 Bernardus,
1052 2997 1131 3029 affir-

254 3052 348 3075 mans
359 3040 398 3074 ab
411 3041 477 3083 ipso
489 3039 628 3082 pendere
639 3039 834 3084 dignitatem
850 3041 1008 3074 Romanae
1023 3043 1132 3079 Eccle—

254 3090 304 3123 fiae
319 3115 325 3122 .
346 3090 473 3133 Nempe
485 3090 591 3123 statim
605 3089 673 3132 post
689 3089 824 3124 Roberti
836 3115 846 3130 ‚
871 3102 966 3134 quem
979 3091 1131 3128 Parifien-

254 3140 291 3172 siS
303 3139 417 3172 scholae
428 3138 643 3183 Theologum
655 3138 762 3174 adhuc
785 3141 960 3174 Dostorem
986 3142 1131 3184 praedica-

255 3200 302 3222 rat
315 3189 489 3231 plurimum
502 3189 534 3223 in
549 3189 662 3223 litteris
673 3188 712 3223 ad
727 3190 914 3224 Roffensem
926 3191 1132 3235 Episcopum,

254 3240 287 3272 ὃ(
309 3238 469 3272 libertinis
492 3239 537 3272 ibi
559 3239 771 3283 quorumdam
798 3240 940 3284 ingeniis
964 3242 1130 3278 fraenandis

256 3288 466 3321 necessarium
492 3287 690 3329 judicaverat
702 3313 712 3329 ‚
733 3298 872 3322 mortem
885 3290 996 3332 scripta
1008 3291 1051 3325 est
1065 3291 1130 3328 haec

256 3337 400 3379 Epistola
423 3361 429 3369 .
459 3338 502 3370 Et
524 3338 627 3379 plures
667 3339 853 3373 Innocentii
872 3341 956 3374 tertii
981 3340 1132 3384 Epistola:

256 3385 376 3422 habent
399 3386 482 3420 hanc
506 3386 794 3430 subscriptionem:
820 3392 878 3423 Per
898 3401 1017 3424 manum
1032 3396 1133 3437 Joan-

355 3436 461 3477 Christ.
477 3440 555 3479 ῥιψὶ
572 3441 655 3480 Oper.
670 3441 746 3471 Tom.
758 3443 806 3472 IV.

1189 121 1422 166 Nom
1495 122 1797 169 ACTIs.
1891 137 1987 183 443

1172 210 1219 237 nis
1233 229 1243 244 ‚
1257 204 1376 237 sanuae
1393 206 1500 236 Mariae
1512 208 1543 235 in
1552 201 1613 244 C'os
1609 203 1708 236 medin
1723 205 1848 234 Diaconi
1860 204 2052 246 Cardinalir,

1172 254 1292 287 Sandi‘ae
1303 251 1445 287 Romame
1458 252 1591 294 Ecclefiae
1604 252 1783 285 Cancellarii
1796 277 1802 284 .
1825 251 1893 285 Hic
1916 252 2055 295 Joannes

1166 315 1231 338 erat
1249 316 1303 337 aut
1328 305 1425 337 frater
1449 304 1638 337 Innocentii
1650 327 1660 342 ‚
1686 313 1741 336 aut
1766 301 1873 336 affinis
1889 325 1896 333 .
1912 301 2056 349 ΔΕιεεῑιίω

1169 352 1354 388 Leonardus
1381 363 1448 387 erat
1472 353 1640 395 utriusque
1666 362 1785 394 nepos.
1815 350 1995 385 Defunstus
2005 351 2052 386 est

1168 416 1255 437 anno
1283 405 1375 437 sexto
1401 403 1529 436 decimo
1556 403 1646 437 istius
1674 400 1848 435 pontificis
1871 426 1877 433 .
1926 401 1968 434 Et
1995 401 2058 436 fuit

1169 455 1302 488 ultimus
1340 453 1567 487 Canceilarius
1587 477 1595 485 .
1649 452 1784 485 Etenim
1832 448 2056 494 subsequentes

1168 503 1353 538 [innocentii
1382 503 1493 536 litterae
1521 503 1630 546 paffim
1658 500 1778 535 habent
1804 498 1889 535 hanc
1929 500 2062 535 subscri-

1171 554 1316 596 ptionem
1329 565 1335 583 ι
1366 555 1424 585 Per
1449 564 1570 587 manum
1593 552 1738 590 Raynaldi
1751 576 1761 591 ,
1789 550 1913 589 Acolytbi
1937 552 1971 584 (ν
1999 555 2062 585 Ca-.

1166 605 1277 644 pellani
1290 606 1408 635 Domini
1422 606 1581 636 Innocentis*
1596 607 1677 635 tertii
1694 604 1805 643 Papae.
1835 600 1877 634 Et
1904 612 1959 644 per
1970 612 2061 644 quar-

1169 665 1239 687 tuin
1263 652 1493 685 Innocentium
1515 651 1676 686 celebratae
1702 650 1928 695 Lugdunensis
1956 652 2060 694 Syrio*

1169 702 1201 735 di
1231 701 1314 736 Aeta
1338 700 1471 735 laudant
1492 701 1664 744 Magistrum
1689 705 1852 735 Martinum
1887 704 2062 743 Neapolita«

1168 762 1239 784 num
1252 776 1262 791 ‚
1291 755 1453 783 Diaconum
1464 751 1657 783 Cardinalem
1673 775 1682 790 ‚
1695 752 1728 783 Θ
1742 753 2040 784 Vite-Cancellarium
2052 775 2060 785 .

1169 800 1299 845 Nempe
1321 800 1565 834 Cancellarium
1592 800 1747 834 exstinxit
1764 801 1876 834 tertius
1902 801 2060 835 1nnocen⁴

1168 853 1252 891 tius,
1279 852 1314 885 &
1339 851 1478 885 mutavit
1502 851 1536 884 in
1562 849 1645 885 Vice
1657 868 1667 874 ·
1681 848 1924 884 Canceilarium
1942 874 1949 882 .
1977 850 2062 884 Can-

1169 901 1292 936 cellarii
1316 900 1505 944 potestatem
1517 900 1677 935 transtulit
1701 901 1734 935 in
1758 899 1986 943 Apostolicam
2021 900 2064 934 se-

1169 951 1244 985 dem
1266 977 1272 983 .
1302 951 1482 986 Rationem
1509 951 1608 986 edicit
1636 952 1669 985 in
1693 951 1829 986 eruditis
1853 950 1893 984 ad
1921 949 2063 984 Roberti

1169 1001 1258 1035 Pulli
1280 1002 1453 1035 sententias
1474 1001 1732 1037 Commentariis
1742 1002 1847 1045 Hugo
1875 999 2063 1034 Mathoud:

1170 1053 1245 1084 Cum
1260 1054 1329 1091 jam
1351 1057 1383 1084 in
1406 1063 1472 1084 eam
1496 1053 1663 1096 excrevisset
1690 1052 1914 1091 auHoritatem,
1940 1061 2006 1093 quae
2027 1055 2067 1082 ti-

1171 1109 1242 1134 meri
1256 1101 1407 1143 potuisset,
1434 1103 1567 1144 dignitas
1589 1105 1642 1135 illa
1664 1128 1673 1142 ,
1710 1101 1855 1145 suppreffia
1883 1101 2064 1134 cancellarii·

1171 1153 1255 1193 officio
1268 1177 1277 1190 ,
1301 1158 1391 1184 creati
1410 1150 1487 1194 sunt
1516 1155 1584 1185 Vice
1597 1170 1608 1175 -
1619 1152 1797 1185 Camellani
1808 1177 1815 1184 .

1221 1201 1416 1244 Legationis
1445 1200 1539 1242 hujus
1568 1203 1770 1236 occasionem
1792 1202 1979 1236 manifestat
2006 1201 2065 1235 Pa-

1173 1250 1309 1284 triarcha
1326 1248 1469 1284 Michael
1497 1251 1531 1284 in
1556 1252 1699 1285 addustis
1724 1250 1764 1285 ad
1789 1253 1926 1286 Petrum
1948 1252 2065 1285 Antio-

1173 1300 1313 1334 chenum
1339 1301 1473 1334 litteris:
1502 1305 1575 1334 Ante
1588 1303 1711 1344 aliquod
1720 1311 1835 1344 tempus
1860 1303 1924 1337 cum
1946 1301 2066 1344 novisse·

1173 1363 1239 1383 mus
1252 1351 1342 1383 abeis
1363 1375 1372 1389 ,
1399 1352 1495 1392 quide
1507 1362 1604 1385 vetere
1618 1356 1712 1385 Roma
1724 1354 1769 1385 ad
1777 1365 1826 1386 nos
1839 1358 1978 1386 venirent
1993 1375 2003 1391 ,
2029 1353 2065 1384 de

1174 1401 1371 1433 nobilitate&
1386 1399 1511 1443 scientia
1539 1405 1633 1443 Papae
1654 1411 1745 1444 nuper
1770 1403 1923 1444 defundi,
1955 1406 2065 1435 Leonis

1169 1449 1277 1492 ftilicet
1287 1476 1297 1491 ,
1323 1461 1372 1483 nec
1385 1462 1439 1482 non
1451 1453 1531 1493 quod
1534 1452 1618 1491 simul
1630 1452 1775 1495 nobiscum
1784 1452 1905 1494 sentiret
1920 1477 1930 1491 ,
1955 1454 1989 1486 (5
2001 1461 2065 1484 con·

1174 1506 1287 1533 veniret
1296 1507 1416 1541 propter
1423 1499 1569 1542 scandala
1580 1526 1590 1540 ‚
1618 1515 1686 1545 quae
1699 1505 1736 1536 de
1746 1501 1810 1544 ipsit
1830 1504 1976 1545 feruntur
1991 1506 2068 1535 circa

1176 1548 1381 1580 Orthodoxam
1395 1551 1504 1582 Fidem
1516 1576 1526 1590 ,
1557 1564 1613 1584 non
1619 1561 1717 1592 pauca
1727 1554 1771 1586 illi
1780 1553 1943 1596 scripsimus
1967 1549 2068 1589 nostris

1174 1599 1281 1631 litteris
1294 1623 1303 1636 ,
1333 1599 1426 1631 multa
1441 1600 1575 1632 videlicet
1586 1600 1754 1634 bumilitate
1768 1627 1777 1640 ,
1803 1611 1837 1634 ut
1849 1611 1882 1635 tu
1892 1601 1967 1635 reete*
1983 1601 2069 1633 vales

1174 1645 1379 1688 cognoscereex
1393 1646 1500 1686 eisdem
1510 1648 1618 1680 litteris
1632 1673 1639 1678 .
1667 1651 1761 1691 quue
1774 1663 1808 1684 ea
1836 1653 1873 1684 de
1894 1650 1983 1694 causa
1997 1650 2075 1691 feci·

1179 1707 1245 1728 mus
1260 1719 1270 1733 ,
1296 1700 1432 1738 quoniam
1445 1693 1542 1738 ipsum
1553 1698 1662 1731 lucrari
1675 1699 1847 1734 volebamus
1863 1726 1872 1742 ,
1899 1712 1950 1734 nec
1959 1712 2016 1733 non
2038 1708 2071 1732 ut

1176 1745 1344 1778 benevolum
1360 1745 1586 1786 &familiarem
1601 1749 1684 1782 nobis
1709 1751 1899 1785 redderemus
1914 1776 1923 1791 ,
1942 1762 1996 1794 quo
2015 1758 2071 1792 per

1176 1807 1239 1829 eum
1253 1800 1432 1828 Francorum
1442 1799 1589 1831 auxilium
1602 1799 1685 1832 nobis
1711 1808 1934 1841 procuraremus
1947 1827 1953 1833 .
1981 1803 2072 1844 ‚Quas

1177 1848 1294 1879 litteras
1308 1846 1355 1879 illi
1372 1847 1549 1881 tradidimus
1568 1873 1578 1889 ‚
1607 1853 1658 1890 qui
1668 1850 1714 1882 ad
1726 1852 1845 1891 Papam
1856 1850 1917 1883 unt?
1930 1863 1994 1883 cum
2016 1855 2074 1881 Im-

1175 1902 1324 1937 peratorit
1338 1897 1447 1929 litteris
1459 1898 1522 1938 esset
1537 1898 1605 1930 illas
1629 1899 1798 1939 allaturus,
1824 1901 1857 1933 (5·
1881 1899 2072 1942 responfiones

1179 1954 1350 1988 accepturus
1379 1970 1390 1986 ‚
1417 1949 1450 1980 (τ
1462 1948 1543 1980 nobis
1556 1949 1729 1982 redditurus
1744 1973 1750 1981 .
1779 1948 1928 1992 Exponit
1941 1950 1975 1982 in
1992 1949 2075 1984 litte-

1180 1997 1222 2029 ris
1236 2020 1247 2036 ,
1273 2007 1354 2039 quas-
1372 1996 1435 2030 suis
1447 1997 1578 2042 Legatis
1588 1996 1677 2033 dedit
1690 1999 1891 2042 perferendas
1912 2011 1949 2034 ac
1972 2000 2077 2042 porri-

1180 2044 1302 2091 gendas
1321 2070 1331 2086 ,
1358 2046 1398 2080 ad
1409 2045 1639 2090 Imperatorem
1663 2048 1920 2084 Constantinum
1943 2050 2074 2084 Sanc‘ms

1181 2095 1288 2130 noster
1317 2097 1387 2130 Leo
1401 2122 1408 2129 .
1434 2097 1691 2133 Constantinum
1713 2099 1822 2134 laudat
1844 2100 1862 2134 a
1892 2101 2007 2141 variis,
2033 2100 2074 2134 de

1179 2147 1244 2187 eius
1258 2146 1345 2180 felici
1361 2147 1549 2191 Principatu
1565 2150 1631 2193 agit
1644 2150 1719 2183 Deo
1731 2149 1853 2194 gratias
1863 2177 1873 2192 ‚
1899 2162 1938 2184 ac-
1948 2151 2050 2195 pergit
2065 2165 2073 2184 :

1179 2199 1223 2229 Tu
1231 2196 1294 2238 post
1303 2201 1429 2230 nimium
1442 2199 1547 2242 longas
1570 2200 1603 2233 ὦ·
1626 2199 1805 2243 perniciosas
1826 2200 1989 2245 discordias
2010 2206 2075 2242 pri-

1182 2259 1248 2280 mus
1260 2248 1387 2288 pacis&
1397 2250 1554 2282 concordiae
1567 2256 1690 2283 monitor
1708 2275 1719 2291 ,
1734 2256 1849 2293 petitor
1862 2277 1872 2293 ,
1900 2252 1934 2285 <ff
1953 2259 2073 2293 exopta-

1182 2306 1231 2329 tus
1248 2297 1366 2330 exactor
1380 2299 1514 2340 efficeris.
1552 2299 1708 2335 Praedicat
1734 2299 1798 2334 hoc
1824 2302 1889 2345 ejus
1910 2301 2073 2344 studium,

1189 2348 1222 2380 &
1237 2347 1435 2390 prosequitur
1448 2348 1487 2382 de
1502 2349 1648 2384 Romana
1663 2350 1802 2386 Ecclesia
1817 2366 1827 2386 .·
1856 2355 1938 2387 Velut
1950 2355 2074 2397 Religio-

1182 2395 1221 2439 sa
1235 2399 1397 2441 &egregios
1410 2400 1515 2432 indolis
1525 2401 1622 2441 proies
1642 2408 1773 2444 gemnus
1798 2406 1908 2436 Matris
1936 2414 1995 2437 tuae
2017 2417 2073 2438 non

1191 2445 1370 2489 oblivisceris
1384 2473 1394 2488 ,
1423 2460 1474 2482 nec
1486 2453 1726 2484 contemnendam
1739 2478 1749 2493 ,
1758 2459 1826 2496 quia
1832 2453 1933 2497 senuit
1943 2480 1953 2495 ,
1960 2455 2074 2498 sedpo-

1188 2502 1248 2530 tius
1260 2500 1458 2530 reverendam
1480 2500 1661 2542 arbitraris,
1688 2513 1778 2546 atque
1801 2506 1902 2546 plenis
1927 2505 2074 2539 charitate

1174 2554 1176 2600 Ε
1189 2546 1350 2589 visceribus
1362 2549 1405 2580 ad
1423 2560 1487 2581 eam
1498 2551 1593 2584 redire
1603 2554 1758 2586 meditaris
1771 2580 1777 2586 .
1807 2554 1849 2588 Et
1863 2555 1943 2588 infra
1956 2569 1962 2587 :
1991 2559 2074 2588 Prae-

1173 2609 1175 2647 j
1190 2599 1266 2629 terea
1280 2598 1427 2638 confrater
1442 2599 1532 2638 noster
1543 2600 1777 2644 Arcbiepiscopus
1790 2604 1919 2637 Michael
1938 2605 2074 2639 exhorta·

1174 2687 1175 2691 Ἰ
1191 2652 1282 2679 tortas
1294 2650 1342 2679 ad
1351 2651 1532 2682 concordiam
1544 2653 1576 2683 Cu·
1591 2657 1734 2685 unitatem
1757 2654 1839 2686 nobis
1862 2656 1976 2688 direxit
1996 2657 2074 2689 litte-

1192 2707 1244 2728 ras
1260 2720 1270 2736 ‚
1282 2708 1368 2738 quem
1378 2699 1422 2729 ad
1430 2707 1492 2730 tam
1503 2700 1629 2740 optabile
1640 2702 1673 2733 (Ὗ
1687 2704 1869 2744 neceffarium
1881 2704 2073 2747 bonumprae-

1190 2754 1350 2779 monentem
1364 2751 1450 2781 tanto
1466 2749 1566 2791 necesse
1576 2749 1613 2788 est
1623 2763 1673 2784 nos
1686 2753 1822 2786 devotius
1833 2755 1866 2787 &⁵
1876 2755 2004 2787 alacrius
2023 2753 2071 2797 fit·

1191 2794 1323 2838 stipere,
1350 2800 1459 2839 quanto
1480 2797 1676 2841 perspicacius
1697 2802 1903 2843 confideramus
1927 2817 1984 2837 non
1997 2805 2073 2848 posse

1190 2853 1350 2888 computari
1361 2853 1438 2880 inter
1455 2847 1605 2891 distipulos
1620 2850 1729 2892 Christi
1741 2855 1869 2896 aliquem
1883 2880 1892 2895 ‚
1904 2861 1953 2897 qui
1958 2854 2072 2895 frater-

1173 2900 1175 2939 j
1191 2907 1239 2929 nae
1252 2902 1318 2938 paci
1332 2898 1505 2940 dedignetur
1518 2899 1707 2943 acquiescere.
1739 2903 1830 2937 Pacis
1854 2905 2071 2940 neceffitatem

1191 2957 1366 2991 exaggerat
1377 2973 1386 2988 ‚
1398 2960 1493 2991 atque
1509 2951 1707 2994 prosequitur
1721 2966 1731 2986 :
1743 2954 1801 2985 Sed
1809 2961 1924 2987 noverit
1933 2963 1986 2987 tua
1997 2955 2073 2987 Cha-

1173 3016 1175 3032 2
1191 3002 1266 3028 ritas
1274 2996 1362 3038 super
1375 2997 1657 3040 praefiimptionibus
1666 3005 1731 3042 ejus
1743 3005 1838 3036 multa
1849 2999 1882 3037 (⁸5
1905 3005 2073 3039 intolerabi-

1173 3033 1175 3073 i
1193 3047 1232 3078 lia
1243 3048 1312 3087 jam
1326 3049 1436 3079 dudum
1441 3051 1606 3092 perveniffi·
1620 3053 1665 3083 ad
1681 3064 1766 3085 aures
1787 3053 1896 3093 nostras
1909 3079 1918 3095 ,
1946 3056 2071 3097 qualiter

1195 3101 1286 3128 etiam
1300 3105 1405 3138 aperta
1409 3097 1607 3140 persecutione
1618 3106 1650 3133 in
1666 3106 1811 3135 Latinam
1823 3102 1975 3145 Ecclefiam
1986 3116 2074 3138 exar-

1193 3143 1308 3186 descens
1323 3171 1332 3186 ,
1345 3147 1595 3182 anathematizare
1606 3161 1661 3183 non
1673 3157 1770 3185 timuit
1780 3166 1876 3186 omnes
1889 3179 1898 3194 ,
1911 3160 1962 3196 qui
1971 3157 2072 3187 sacra-

1192 3204 1293 3228 menta
1305 3197 1468 3230 attrefflant
1479 3204 1510 3230 in
1522 3207 1629 3239 azymis
1642 3225 1651 3240 ‚
1663 3204 1696 3235 (9⁶
1706 3204 1785 3245 quod
1795 3206 2026 3237 Alexandrinum
2036 3206 2069 3237 (Ὗ

1196 3245 1402 3279 Antiochenam
1414 3249 1607 3282 Patriarcbas
1619 3275 1629 3290 ,
1656 3259 1780 3295 antiqua
1798 3255 1940 3296 dignitate
1945 3259 2069 3294 privare

1195 3297 1368 3328 contendens
1379 3321 1389 3335 ‚
1415 3306 1515 3330 contra
1519 3299 1576 3339 fas
1589 3302 1623 3334 (9'
1627 3304 1683 3341 jus
1687 3302 1744 3343 fibi
1749 3301 1877 3344 subdere
1888 3314 1964 3335 nova
1976 3302 2069 3334 ambi-

1193 3350 1269 3377 tione
1278 3352 1392 3386 appetit
1406 3371 1416 3386 ‚
1429 3349 1609 3390 &pleraque
1623 3375 1633 3390 ,
1644 3363 1710 3392 quae
1720 3350 1859 3394 usurpare
1868 3353 1969 3383 dicitur
1978 3373 1987 3388 ‚
1999 3350 2068 3389 ficu!

1195 3397 1215 3427 ἃ
1226 3394 1325 3435 nostris
1341 3400 1373 3429 N
1378 3403 1471 3432 untiis
1485 3399 1638 3443 diligenter
1650 3400 1809 3443 cognoftere
1813 3406 1940 3445 poteris.
1970 3400 2012 3433 Et
2033 3401 2068 3435 in

1173 3436 1180 3468 Ι
1569 3448 1698 3486 Kkk
1749 3462 1771 3487 2
1970 3449 2021 3484 lit⁴

2080 427 2137 457 Lib.
2160 439 2189 463 4.

2078 468 2127 506 Ep.
2145 477 2199 502 70.

2082 1072 2139 1103 Fol.
2165 1081 2231 1107 191·
