2352 3736
49 1055 106 1084 An.

128 1055 204 1090 ⁵833.

590 156 903 215 §acesinum
937 170 1245 216 Romnum
1281 170 1536 216 CoNcILI
1558 170 1665 214 uui

214 256 335 301 phanes
348 277 358 294 ,
370 252 533 297 Georgius
546 252 715 288 Cedrenus
727 276 736 292 ‚
748 263 785 285 ac
799 253 937 294 Ioannes
950 251 1091 293 Scylitza

216 303 440 349 Curopalates.
475 302 688 350 Compendio
701 301 765 335 huc
777 302 922 334 transtuli
937 325 947 340 ‚
974 310 1010 334 ut
1032 301 1094 334 Lu.

215 355 340 394 therani
353 355 385 387 &
397 352 584 387 Calvinistae
607 355 668 387 suae
680 353 714 386 in
739 353 839 385 sacras
860 351 1023 394 Imagines
1045 351 1097 384 Sa-

214 407 412 439 crosanc‘lam
426 401 666 437 Eucharistiam
681 427 691 443 ‚
713 412 751 435 ac
763 401 893 443 quosvis
904 402 975 433 suos
999 402 1095 444 Supe-

215 456 315 488 riores
338 453 526 488 rebellionis
545 454 724 499 agnoscant
735 451 846 484 Duces
857 471 868 490 ,
895 449 1075 495 Magistros
1088 474 1098 490 ,

217 516 316 547 atque
330 505 491 538 Auctores
508 528 515 535 .

289 693 503 757 Exponitur
524 689 644 736 Error·
668 689 826 739 Joarmz's
837 689 1032 750 Erz'genae.

272 810 354 843 Nter
365 808 504 841 Latinos
514 806 755 841 Sacrosanetam
780 803 1020 839 Eucharistiam
1044 801 1106 847 pri-

295 869 367 892 mus
379 869 470 892 nono
482 856 606 892 Christi
618 857 735 889 saeculo
748 855 956 899 impugnavit
966 855 998 888 ὅ(
1009 853 1106 887 abne-

221 909 309 952 gavit
323 909 463 952 Joannes
476 909 616 950 Erigena
630 929 640 945 ‚
659 904 763 940 homo
777 907 893 939 Scotus
905 906 959 939 seu
987 903 1106 938 Hiber-

221 970 302 999 nuS,
330 969 427 1002 quem
450 958 561 990 multis
581 955 742 989 encomiis
777 965 890 989 onerat
928 952 1105 989 Matthaeus

220 1006 572 1042 Westrnonasterienfis
585 1031 596 1046 ‚
622 1007 783 1039 affirmans
793 1006 860 1048 ejus
871 1016 969 1049 opera
991 1005 1009 1038 a
1034 1004 1107 1038 Ma-

220 1059 323 1103 gistro
335 1058 459 1098 Floro,
497 1055 725 1102 Lugdunensis
750 1056 896 1089 Ecclesiae
922 1055 1082 1089 Diacono
1096 1079 1108 1095 ,

221 1109 318 1142 fuisse
332 1117 506 1150 corrupta,
535 1108 676 1149 ideoque
700 1117 755 1148 per
781 1105 956 1141 Ecclesiam
977 1105 1109 1140 damna-

221 1169 255 1193 ta
303 1159 466 1202 Loquitur
486 1156 525 1190 de
556 1155 782 1189 novemdecim
801 1156 955 1198 Capitutn
980 1166 1078 1198 opere
1095 1178 1109 1195 ,

223 1208 313 1252 quod
325 1208 474 1242 adversus
486 1206 584 1239 Hode
591 1203 754 1239 scalchum
764 1204 970 1239 Monachum
983 1206 1109 1239 misera-

223 1258 320 1293 bilem
332 1283 343 1298 ‚
356 1258 388 1291 &
399 1257 439 1292 ab
452 1257 677 1299 ipsoassertam
688 1254 853 1298 duplicem
870 1255 936 1289 Dei
949 1255 1111 1298 praedesti-

186 1318 194 1323 ·
221 1308 394 1343 nationem
405 1307 563 1341 conflavit
574 1306 613 1338 ad
639 1306 759 1348 jussum
780 1317 837 1340 aut
863 1317 973 1349 preces
1003 1304 1110 1338 Hinc-

52 1778 108 1810 An.
119 1777 188 1813 8825

223 1358 305 1393 mari
316 1357 538 1400 Metropolitae
549 1355 739 1395 Remenfis,
765 1356 799 1389 &
825 1354 959 1389 Parduli
975 1355 1111 1399 Episco-

223 1409 259 1451 pi
282 1407 508 1441 Laudunenfis
537 1430 548 1446 ,
585 1406 619 1439 ἀ
638 1404 727 1449 quod
748 1406 841 1439 tertia
866 1405 1049 1439 valentina
1073 1415 1110 1439 ac

223 1457 446 1502 Lingonensis
467 1454 619 1501 Synodus
628 1466 786 1499 tanquam
796 1454 934 1490 Diaboli
945 1465 1111 1489 commen-

224 1517 297 1543 tum
319 1507 552 1541 damnaverunt
565 1531 572 1537 .
599 1505 815 1549 Ipsumssiisse
827 1506 1000 1539 Lernaeum
1018 1514 1111 1539 mon-

225 1558 327 1591 strum
349 1581 360 1597 ,
399 1556 512 1591 erroris
531 1556 564 1589 ἀ
588 1555 751 1588 mendacii
773 1554 1023 1595 seminatorem,
1054 1565 1112 1587 no-

224 1617 372 1651 vumque
385 1605 571 1650 Pelagianae
593 1605 742 1638 factionis
775 1604 943 1647 Julianum
974 1604 1112 1638 Sanitus

224 1655 427 1691 Prudentius
448 1654 650 1689 Tricaffinus
672 1653 875 1698 Episcopus,
902 1655 936 1688 ἃ
958 1654 1016 1688 alii
1039 1653 1112 1688 isto-

231 1717 304 1740 rum
315 1716 502 1750 temporum
514 1704 624 1738 Patres
638 1715 706 1737 non
719 1704 787 1738 sine
798 1702 1016 1738 fundamento
1026 1702 1113 1737 dixe-

225 1766 303 1794 runt
314 1781 323 1791 .
344 1755 497 1790 Eundem
508 1779 520 1796 ,
554 1753 669 1798 utpote
681 1753 788 1798 gentis
800 1753 861 1788 suae
881 1751 1090 1788 Monachum
1102 1777 1113 1793 ‚

228 1809 388 1852 ipsiusque
396 1817 471 1839 cum
482 1804 605 1839 Carolo
617 1804 724 1838 Calvo
734 1804 934 1838 Francorum
952 1803 1064 1848 Rege,
1094 1803 1111 1837 ὲ

228 1869 297 1902 quo
309 1854 495 1891 honorifice
504 1856 665 1899 susceptus
684 1853 719 1887 in
741 1852 850 1887 Gallia
863 1877 874 1893 ,
916 1853 1113 1889 familiarita-

227 1918 320 1949 tem,
346 1904 529 1941 &multam
540 1903 835 1939 Latinae&Graecae
844 1903 1040 1938 eruditionis
1063 1915 1112 1939 va·

227 1959 379 1992 rietatem
390 1953 579 1998 depraedicat
592 1954 727 1989 Simeon
747 1953 1000 1994 Dunelmensis,
1025 1953 1111 1988 &de

226 2007 300 2042 aliis
310 2006 378 2049 ejus
387 2005 478 2039 libris
490 2003 636 2050 adjungit
651 2018 661 2037 .·
674 2005 774 2036 Caroli
788 2012 890 2047 rogatu
905 2003 1111 2038 Hieraercbt‘am

227 2056 349 2099 Dionyfii
376 2060 561 2099 Areopagitae
587 2061 619 2087 in
651 2057 799 2087 Latinum
825 2054 863 2087 de
889 2056 1007 2095 Graeco,
1048 2065 1113 2087 ver-

227 2106 298 2140 bum
323 2108 339 2140 ἒ
351 2105 441 2140 verbo
454 2104 603 2145 transtulit
614 2130 622 2136 .
650 2106 720 2147 ‚Quo
729 2103 768 2146 fit
780 2127 791 2143 ‚
816 2113 851 2137 ut
862 2110 920 2137 vix
930 2103 1113 2147 intelligatur

229 2160 346 2190 Latina
370 2157 473 2189 littera
496 2180 507 2196 ,
543 2167 611 2196 quae
637 2153 826 2188 volubilitate
850 2158 945 2197 magis
985 2157 1112 2195 Graeca,

227 2218 320 2248 quam
341 2203 478 2247 pofitione
504 2204 675 2243 construitur
686 2203 798 2244 nestra.
825 2202 997 2246 Composuit
1023 2209 1115 2238 etiam

226 2255 357 2294 librum,
392 2266 476 2297 quem
501 2255 559 2288 ’ἓν
580 2251 674 2282 Φῑῖπά*
695 2254 820 2286 ΝΡΨΜἾ
833 2275 845 2292 ,
879 2255 916 2287 ad
951 2252 990 2296 est
1016 2277 1027 2293 ,
1079 2255 1116 2287 de

226 2315 347 2339 naturae
370 2304 509 2346 divisione
545 2305 681 2336 titulavit
703 2327 713 2343 ,
736 2309 859 2345 propter
884 2304 1114 2345 perplexitatem

227 2355 419 2397 quarundam
439 2353 624 2395 quaestionum
642 2351 855 2395 solvendarum
878 2353 950 2386 bene
987 2354 1112 2394 utilem,

220 2404 252 2447 fi
272 2413 374 2438 tamen
399 2403 561 2448 ignoscatur
597 2409 623 2435 ei
660 2409 692 2434 in
724 2401 924 2446 quibusdam,
983 2402 1064 2436 uibus
1089 2405 1109 2436 a

228 2458 407 2488 Latinorum
443 2459 564 2487 tramite
594 2454 735 2486 deviavit
762 2476 773 2492 ,
807 2454 880 2486 dum
917 2458 950 2486 in
986 2457 1105 2487 Graecos

226 2510 337 2537 acriter
363 2505 453 2536 oculos
479 2504 608 2536 intendit
635 2527 641 2534 .
681 2505 785 2546 ,Quare
809 2504 844 2537 o·
870 2506 1033 2537 Haereticus
1055 2512 1109 2545 pu-

226 2563 311 2587 tatus
337 2554 394 2594 cst,
414 2552 581 2596 scripsitque
606 2562 710 2585 contra
735 2564 801 2586 eum
826 2555 951 2594 quidam
978 2554 1106 2587 Florus-

227 2606 303 2636 sunt
329 2608 406 2637 em'm
434 2610 466 2636 in
491 2603 565 2636 libro
597 2604 634 2635 de
675 2613 794 2636 naturae
829 2602 969 2644 divifione
1005 2615 1109 2645 quam·

225 2654 374 2695 plurima,
400 2666 468 2695 quae
494 2652 550 2693 nist
569 2653 724 2696 diligenter
749 2651 968 2695 discutiantur,
994 2655 1014 2685 ὰ
1042 2654 1106 2696 fide

227 2701 442 2734 catholicorum
450 2702 639 2736 abhorrentia
663 2704 843 2736 videantur.
873 2705 975 2744 Hujus
999 2709 1108 2745 opinio-

227 2758 277 2785 nis
284 2757 432 2793 particeps
451 2752 538 2794 fuiffir
557 2751 731 2795 cognoscitur
753 2752 897 2786 Nicolaus
923 2757 1032 2795 Papa,
1057 2759 1108 2795 qui

229 2808 276 2834 ait
285 2808 318 2834 in
328 2800 458 2840 Epistola
467 2803 509 2833 ad
519 2802 672 2834 Carvium:
704 2802 859 2836 Relatum
872 2803 916 2836 est
933 2805 961 2837 A
967 2803 1106 2846 postola-

228 2852 277 2886 tui
292 2850 404 2884 nostro
416 2874 426 2890 ,
454 2850 542 2894 quod
561 2862 642 2893 opus
653 2852 745 2886 Beati
758 2853 914 2896 Dionysii
927 2854 1108 2898 Areopagi-

227 2911 290 2941 (π,
317 2900 407 2944 quod
427 2900 467 2933 de
487 2898 608 2933 divinis
631 2902 825 2936 nominibus
846 2903 900 2936 vel
924 2903 1106 2937 coelestibus

226 2950 409 2987 Ordinibus
422 2950 537 2983 Graeco
546 2949 706 2992 descripsit
719 2952 851 2997 eloquio
865 2977 875 2992 ,
901 2952 1037 2996 quidam
1055 2964 1106 2987 ve-

230 3001 292 3034 ster
306 3001 446 3043 Joannes
457 3025 467 3041 ,
493 3010 610 3043 genere
622 2999 737 3034 Scotus
749 3025 759 3040 ,
785 3012 886 3045 nuper
898 3002 931 3036 in
947 3002 1105 3037 Latinum

230 3050 445 3083 transtulerit.
475 3049 578 3096 Qod
590 3048 680 3090 juxta
693 3061 816 3086 morem
832 3051 929 3086 nobis
940 3052 1026 3087 mitti
1039 3077 1050 3092 ,
1071 3053 1106 3087 &

229 3099 341 3134 nostro
362 3099 486 3142 judicio
497 3099 610 3133 debuit
625 3099 795 3143 approbari
808 3124 818 3139 ,
845 3103 1017 3143 praesertim
1030 3114 1105 3137 cum

228 3150 317 3184 idem
345 3149 507 3191 Joanues,
533 3149 608 3183 licet
635 3150 744 3183 multae
770 3150 909 3184 scientia:
935 3154 997 3185 effe
1032 3164 1107 3194 prae·

228 3200 355 3234 dicetur
376 3224 386 3239 ‚
425 3198 505 3233 olim
530 3211 598 3233 non
621 3200 695 3234 sane
716 3200 823 3243 sapere
845 3200 879 3233 in
913 3201 1105 3243 quibusdam

227 3249 390 3291 frequenti
405 3260 532 3281 rumore
541 3247 667 3282 dicatur
679 3274 685 3282 .
716 3252 846 3291 Propter
857 3249 935 3282 hanc
947 3261 1013 3294 ergo
1025 3250 1105 3293 infa-

228 3304 322 3333 mIam
333 3300 441 3332 taeduit
451 3309 515 3330 eum
537 3302 696 3339 Franciae,
722 3306 862 3341 venitque
882 3301 928 3332 ad
951 3301 1108 3344 Anglorum

228 3353 336 3393 Regem
350 3348 530 3390 Elsredum‚
562 3351 645 3389 cujus
666 3349 865 3390 munificentia
891 3349 1004 3382 illeelus
1031 3351 1104 3383 Mel-

229 3401 303 3431 dunt
315 3397 435 3441 relidit.
465 3398 548 3444 Qae
561 3399 671 3432 omnia
684 3399 797 3433 iisdem
818 3399 883 3433 fere
905 3399 1011 3434 verbis
1036 3402 1106 3434 scri-

230 3447 311 3483 bunt
323 3449 475 3492 Rogerus
485 3448 689 3482 Hovedenfis
701 3449 733 3484 &
745 3450 943 3485 Guiliclmus
955 3450 1123 3523 Malmessi

330 3498 434 3538 Christ.
449 3502 527 3542 Lupi
538 3504 623 3542 Opcr.
636 3502 714 3533 Tem.
726 3503 776 3534 IV.

1866 185 1931 233 2¹4
1944 173 1970 218 1‘

1154 250 1324 285 berienfis.
1352 252 1534 288 Laudatam
1547 251 1684 287 Nicolai
1707 237 1882 287 Pontificis
1903 251 2035 296 Episto-

1156 303 1220 334 lam
1232 302 1374 336 Decreto
1397 304 1454 336 suo
1480 305 1641 349 integram
1662 303 1796 337 inseruit
1819 305 1954 338 Sanstus
1976 303 2035 336 lvo
2052 290 2152 328 Lib·4·

1157 351 1383 385 Carnutensis.
1412 354 1545 388 simeon
1565 354 1803 398 quippeomiffl
1829 352 1893 387 ὡς
1917 353 2034 388 verba:
2051 341 2153 366 0104.

1157 405 1261 442 Itaque
1280 404 1359 444 quod
1379 402 1519 437 baHenus
1542 405 1667 448 omzffum
1688 404 1726 446 est
1738 429 1749 445 ‚
1775 403 1871 444 vestra
1892 404 2038 445 industria

1155 450 1314 493 suppleat,
1341 454 1374 486 δ’
1388 452 1469 485 nobis
1479 454 1644 495 praefatum
1654 463 1725 497 opus
1733 453 1792 496 fine
1801 455 1861 487 ulla
1882 455 2038 493 cundlatt‘o-

1160 512 1195 533 ne
1208 508 1312 534 mittat
1322 527 1332 542 ‚
1355 504 1502 545 quatenus
1517 506 1586 536 dum
1599 506 1619 535 ἂ
1628 505 1717 544 nostri
1729 503 1907 547 qusiolatus
1921 505 2038 545 ,iudicio

1153 550 1249 592 fuerit
1262 552 1480 593 approbatum,
1506 553 1544 585 ab
1557 555 1690 587 omnibus
1713 554 1920 588 intundunter
1942 554 2038 595 nostra

1162 601 1335 634 nulloritate
1347 608 1493 643 acceptius
1507 602 1667 636 habeatur.
1698 605 1854 639 Notanda
1874 606 1948 638 sunt
1971 604 2038 639 haec

1164 651 1336 686 Pontificis
1347 652 1388 685 de
1401 653 1525 695 Joanne
1538 652 1632 686 verba
1647 666 1657 685 .-
1684 655 1762 686 Olim
1774 654 1913 698 nonsane
1930 653 2041 699 sapere

1163 703 1282 734 dicatur
1294 724 1302 731 .
1330 702 1499 735 Evincunt
1509 701 1551 735 de
1564 713 1683 736 naturae
1695 703 1853 738 divisione
1866 704 1982 739 librum
1993 706 2040 739 es-

1166 752 1195 784 se
1208 751 1347 794 primum
1370 751 1506 794 Joannis
1523 751 1558 784 in
1583 751 1693 786 Gallia
1713 764 1817 796 opus,
1842 764 1909 796 quo
1938 766 2042 790 vanus

1166 800 1268 834 homo
1279 801 1324 834 ob
1337 799 1491 835 Barbaras
1501 801 1677 836 Danorum
1702 802 1738 835 in
1761 802 1920 847 Angliam
1942 805 2043 847 irrup-

1167 851 1274 884 tiones
1285 850 1449 896 transfuga
1462 852 1733 897 facundiingenii
1745 864 1822 896 opes
1845 853 2019 887 ostentavit
2030 878 2043 895 ,

1166 911 1263 944 atque
1287 901 1332 935 ita
1355 901 1468 935 Caroli
1491 901 1594 946 Regis
1613 904 1755 946 captavit
1777 902 1935 948 gratiam.
1963 903 2044 938 Huc

1166 951 1252 984 enim
1263 950 1438 993 respiciunt
1450 952 1544 987 verba
1558 953 1724 987 Simeonis
1744 953 1995 989 Dunelmensis:
2018 957 2044 986 A

1169 1002 1272 1034 Carolo
1286 1002 1382 1035 Calvo
1385 1005 1418 1046 J
1421 1012 1530 1035 oannes
1549 1014 1658 1046 magna
1680 1005 1854 1048 dignatione
1868 1002 2019 1047 susceptus
2032 1028 2047 1044 ‚

1162 1051 1367 1093 familiarium
1378 1057 1513 1093 partium
1525 1052 1689 1086 habebatur
1698 1078 1708 1094 ‚
1726 1048 1969 1098 'tranfigebatque
1978 1066 2046 1088 cum

1168 1114 1199 1135 eo
1215 1109 1279 1134 tam
1293 1100 1374 1144 seria
1384 1126 1395 1142 ‚
1421 1113 1511 1144 quam
1524 1104 1594 1144 joca
1607 1127 1619 1143 ,
1644 1103 1875 1146 individuusque
1894 1116 1988 1138 eomes
2011 1108 2046 1140 6

1169 1150 1452 1194 mensae&cubiculi
1464 1160 1547 1186 erat.
1572 1154 1662 1198 Regi
1686 1155 1750 1188 fuit
1772 1153 1855 1188 adeo
1874 1154 2047 1188 familiaris

1172 1204 1203 1235 in
1220 1201 1372 1236 accubitu
1385 1226 1396 1242 ,
1423 1212 1460 1236 ut
1472 1204 1600 1246 roganti
1620 1228 1630 1244 ,
1658 1202 1738 1247 quid
1761 1204 1845 1237 inter
1864 1205 1980 1239 Sotum
1993 1205 2049 1238 seu

1171 1252 1304 1286 stultum
1323 1276 1333 1292 ‚
1368 1263 1406 1286 ac
1444 1253 1531 1286 inter
1565 1255 1702 1288 Scotum
1752 1254 1915 1289 interesset
1942 1279 1953 1294 ‚
1991 1253 2049 1287 im-

1172 1302 1256 1344 pune
1269 1302 1467 1346 responderit
1479 1304 1627 1338 interefl'e
1636 1305 1738 1338 solam
1751 1307 1913 1345 mensam,
1938 1302 2050 1348 jocose

1171 1353 1334 1386 affirmans
1346 1352 1472 1397 Regem
1485 1354 1547 1387 esse
1557 1353 1690 1387 stultum
1702 1379 1709 1386 .

1220 1400 1324 1435 Porro
1336 1402 1652 1444 perostentationem
1664 1404 1833 1439 lucubrata
1853 1417 1952 1449 opera
1979 1414 2052 1438 non

1171 1451 1358 1495 diriguntur
1367 1452 1385 1484 a
1397 1452 1520 1494 Spiritu
1533 1453 1652 1487 Sanno
1661 1478 1672 1494 ,
1699 1454 1839 1498 ideoque
1851 1466 1920 1490 non
1943 1454 2052 1489 solum

1172 1501 1263 1535 vanis
1275 1499 1528 1543 subtilitatibus,
1556 1502 1608 1537 sed
1633 1503 1840 1538 &erroribus
1854 1505 1959 1539 solent
1981 1504 2053 1538 sub-

1171 1551 1291 1593 jacere.
1322 1549 1418 1584 Adeo
1434 1550 1593 1593 subjacuit
1603 1550 1708 1586 hocce
1730 1554 1866 1596 Ioannis
1887 1566 1989 1598 opus,
2016 1563 2055 1587 ut

1172 1600 1307 1636 turbarit
1323 1611 1392 1635 non
1405 1601 1576 1635 dumtaxat
1599 1603 1780 1637 universam
1806 1603 1951 1639 Galliam
1964 1629 1976 1645 ‚
2002 1603 2057 1637 sed

1171 1651 1204 1684 δε
1217 1649 1350 1684 Nicolai
1364 1650 1538 1686 pontificis
1550 1653 1762 1696 Apostolicas
1785 1665 1876 1688 aures
1897 1654 2060 1698 inquieta·

1172 1701 1233 1736 rit.
1262 1701 1376 1748 Qare
1388 1701 1491 1743 ipsum
1505 1703 1781 1745 nequaquamfuit
1803 1715 1885 1747 opus
1905 1705 1925 1738 ὲ
1947 1704 2058 1747 Magi·

1172 1750 1238 1786 stro
1250 1751 1351 1785 Floro
1363 1751 1590 1796 Lugdunensis
1602 1753 1750 1787 Ecclefiae
1773 1753 1930 1788 Diacono
1953 1754 2060 1797 impu-

1172 1810 1330 1846 gnatum.
1351 1799 1489 1836 Labitur
1499 1802 1634 1836 Simeon
1661 1802 1909 1838 Dunelmensis.
1939 1804 2059 1838 Florus

1173 1851 1263 1886 enim
1275 1875 1286 1891 ‚
1311 1849 1511 1886 Ratramnus
1523 1852 1733 1887 Corbeiensis
1746 1853 1936 1889 Monachus
1945 1877 1956 1893 ‚
1982 1854 2062 1888 San·

1173 1903 1240 1936 Rus
1270 1900 1470 1936 Prudentius
1493 1901 1664 1938 Trecenfis
1684 1903 1867 1948 Episcopus
1889 1930 1901 1947 ‚
1938 1903 2063 1949 aliique

1174 1951 1265 1985 istius
1281 1951 1386 1986 saeculi
1398 1950 1626 1987 Patres—solum
1646 1953 1879 1988 novemdecim
1901 1955 2062 1998 Cupitum

1173 2001 1214 2036 de
1236 2001 1333 2036 unica
1355 2000 1636 2045 praedestinatione
1659 2002 1780 2037 librum
1803 2004 2061 2049 impugnarunt,

1172 2061 1391 2096 curarumque
1412 2051 1560 2087 damnari
1587 2052 1606 2086 a
1629 2051 1809 2089 Valentina
1842 2054 2001 2097 Synodo,
2025 2054 2063 2088 δε

1173 2101 1397 2147 Lingonensi.
1426 2101 1531 2136 Aliud
1545 2102 1681 2145 Joannis
1691 2115 1774 2147 opus
1797 2105 1915 2148 periit,
1941 2114 1998 2139 aut
2020 2104 2065 2138 la-

1175 2161 1221 2185 tet
1236 2175 1246 2191 ,
1272 2150 1415 2196 ideoque
1426 2152 1554 2186 licitum
1567 2151 1623 2186 hic
1633 2153 1680 2186 est
1692 2153 1917 2196 conjecturare
1928 2179 1935 2186 .
1961 2151 2064 2189 Adeo

1173 2201 1206 2234 in
1218 2202 1285 2245 ipso
1301 2201 1443 2245 Joannes
1456 2202 1546 2235 suam
1560 2204 1679 2236 famam
1692 2203 1841 2249 prodegit
1858 2229 1869 2245 ,
1894 2214 1932 2239 ut
1954 2205 2064 2239 Hinc-

1174 2263 1301 2285 marum
1317 2252 1515 2285 Remensem
1528 2252 1779 2297 Metropolitam
1792 2279 1802 2295 ‚
1828 2265 1866 2288 ac
1877 2253 1976 2298 ipsius
1999 2254 2063 2290 Ca-

1173 2302 1293 2336 risiacis
1331 2301 1493 2344 Capitulis
1526 2300 1725 2337 adhaerentes
1761 2303 1961 2348 Epffcopos,
2001 2305 2059 2349 qui

1174 2351 1277 2396 ipsum
1291 2350 1331 2385 ad
1343 2351 1549 2386 scribendum
1561 2354 1594 2387 ὃ(
1612 2354 1683 2388 suas
1707 2354 1928 2399 cogitationes
1950 2354 2061 2389 defen-

1173 2400 1296 2436 dendas
1307 2400 1524 2449 adhibuerant
1538 2428 1548 2444 ‚
1575 2403 1767 2448 ignominiae
1777 2405 1810 2438 &
1822 2404 1988 2448 opprobrii
1997 2415 2059 2441 no-

1172 2462 1218 2486 tet
1232 2453 1267 2485 in
1294 2451 1426 2487 Libello
1437 2452 1476 2486 de
1488 2453 1590 2487 tribus
1611 2453 1766 2497 Epistolis
1788 2456 1921 2489 Sanctus
1944 2455 2058 2489 Remi-

1172 2502 1246 2548 gius
1269 2501 1544 2547 Archiepiscopus
1568 2502 1795 2547 Lugdunensis
1815 2528 1826 2545 ‚
1864 2505 1898 2539 <Sc
1920 2505 2056 2540 Scotum

1172 2552 1312 2596 appellet
1317 2555 1474 2597 joannem
1487 2554 1591 2592 illum,
1618 2553 1780 2588 Erronem
1792 2553 1893 2599 vulgo
1914 2564 2033 2590 notum
2045 2578 2057 2594 ,

1170 2607 1221 2644 qui
1233 2604 1267 2636 (5·
1279 2602 1382 2636 verbis
1394 2603 1428 2636 l&
1441 2602 1528 2635 libris
1539 2601 1603 2646 fisis
1614 2628 1624 2645 ,
1650 2606 1815 2638 mendaciis
1827 2606 1861 2639 δ’
1884 2605 2030 2639 erroribus
2043 2630 2055 2646 ,

1171 2654 1205 2686 (rt
1226 2651 1426 2695 phantasticis
1452 2665 1488 2686 ac
1514 2652 1662 2687 baereticis
1701 2652 1955 2697 disputationibus
1986 2657 2052 2697 ple·

1171 2708 1219 2735 m's
1242 2726 1253 2743 ,
1290 2714 1389 2735 omnes
1419 2704 1498 2745 pene*
1536 2705 1622 2745 apud
1655 2709 1818 2737 Franciam
1844 2703 1986 2746 Ecclest‘as
2013 2706 2055 2743 s&

1171 2753 1328 2786 nonnullas
1345 2759 1436 2786 etiam
1447 2754 1575 2785 aliarum
1595 2756 1757 2798 Regionum
1769 2779 1780 2795 ‚
1808 2756 1953 2797 quantiam
1976 2759 2008 2787 ln
2018 2753 2055 2797 se

1160 2801 1249 2843 fuit,
1276 2801 1378 2844 inficit
1393 2811 1484 2844 atque
1496 2809 1627 2845 corrupit
1638 2829 1648 2844 ,
1675 2813 1708 2837 ut
1722 2816 1781 2837 non
1792 2815 1855 2838 tam
1869 2803 1929 2847 ipse
1936 2805 1973 2837 de
1987 2803 2054 2845 fide

1169 2852 1345 2895 interrogari
1356 2877 1366 2892 ,
1400 2854 1492 2896 qucim
1523 2858 1621 2886 omnia
1638 2852 1753 2897 scripta
1774 2857 1838 2895 ejus
1855 2853 1963 2897 saltem
1989 2853 2053 2895 post

1168 2912 1288 2935 mortem
1302 2901 1389 2945 ipsius
1400 2903 1556 2937 debuerint
1584 2909 1650 2947 Igne
1670 2902 1818 2947 consumi,
1845 2916 1881 2937 ne
1901 2902 2054 2945 fimplt'cio·

1168 2965 1214 2986 res
1228 2959 1336 2995 quique
1348 2978 1358 2994 ,
1384 2959 1436 2995 qui
1456 2964 1491 2986 ea
1511 2954 1636 2986 multum
1656 2955 1776 2998 diligere
1798 2957 1831 2988 (Ὗ
1853 2955 1972 2997 legendo
1985 2953 2053 2996 fre-

1168 3011 1309 3045 quentare
1332 3004 1489 3044 dicuntur,
1514 3015 1612 3037 eorum
1634 3003 1752 3036 lectione
1773 3006 1806 3036 (ff
1824 3009 1955 3037 inaniter
1975 3015 2051 3038 occu-

1162 3061 1275 3095 pentur·
1285 3074 1296 3090 ,
1316 3052 1678 3093 &perniciodfallantur
1690 3064 1724 3085 ac
1735 3054 1934 3095 decipiantur.
1961 3054 2049 3089 Eum

1166 3113 1240 3136 cum
1268 3101 1332 3134 suis
1358 3101 1448 3134 libris
1473 3102 1506 3135 ὅ(
1532 3101 1657 3146 scriptis
1683 3105 1729 3135 ait
1756 3105 1818 3137 elle
1852 3103 1945 3137 omri
1982 3103 2050 3138 irri-

1166 3153 1254 3186 sione
1280 3163 1318 3184 ac
1345 3150 1493 3194 despectu
1520 3150 1682 3195 dignum,
1708 3153 1791 3187 adeo
1817 3165 1872 3194 ut,
1902 3155 1955 3186 nili
1980 3166 2049 3188 cor-

1166 3203 1268 3246 rigere
1290 3202 1325 3234 &
1347 3199 1519 3234 emendare
1541 3200 1694 3243 festinet,
1720 3205 1773 3236 vel
1788 3202 1857 3244 ficut
1879 3206 1997 3236 demeris
2009 3204 2050 3247 fit

1164 3251 1352 3294 miserandus
1364 3274 1376 3290 ‚
1403 3251 1456 3284 vel
1458 3249 1531 3292 ficut
1545 3256 1708 3286 Haereticus
1718 3254 2024 3288 anathetnattzanrhcs
2037 3281 2044 3287 .

1165 3303 1372 3349 Qapropter
1394 3300 1428 3334 in
1452 3301 1523 3344 ipso
1545 3302 1645 3335 etiam
1670 3303 1711 3337 de
1740 3315 1814 3337 natu
1837 3316 1924 3337 ..vrum
1948 3305 2046 3337 crins-

1164 3349 1421 3391 mutationibus,
1449 3351 1594 3395 adeoque
1617 3352 1702 3386 &de
1715 3352 1933 3387 eucharistica
1948 3352 2045 3385 crins-

1165 3399 1601 3445 elementationedisputavit
1626 3403 1767 3448 Erigeua
1783 3430 1792 3444 ‚
1821 3405 1947 3436 Gzaecos
1976 3408 2045 3437 leo*

1165 3449 1343 3494 noclastas‚
1368 3451 1573 3496 quibustunc
1586 3451 1649 3485 alia
1664 3454 1698 3490 in
1721 3465 1810 3499 parce
1832 3453 1938 3488 adhuc
1961 3450 2045 3487 fave-

1560 3502 1598 3550 Η
1624 3500 1645 3546 h
1916 3500 1996 3539 bant
