2352 3736
413 150 468 182 De
503 135 697 179 SIMONIAE
731 145 947 187 CRIMINE,
980 145 1032 174 ET
1065 141 1210 174 vAkns
1245 141 1307 172 AD
1339 138 1465 171 IPSUM
1498 138 1833 176 §PECTANTIBUso

216 217 359 258 naturali
368 228 407 253 ac
416 216 569 252 Divino?
595 216 755 250 Doctores
778 213 969 252 Scholastici
990 212 1102 255 passim

213 260 340 313 Divini
351 279 390 302 ac
413 266 552 302 humani
573 266 651 310 juris
671 266 855 304 Simoniam
875 263 1103 316 distinguunt,

219 319 399 362 omniaque
420 318 479 352 ista
500 316 619 351 volunt
640 316 788 354 damnari
806 315 878 351 solo
898 310 1046 352 humano
1058 322 1104 354 Ju-

219 380 277 411 re,
303 369 442 413 ideoque
450 379 493 402 ex
504 367 603 402 causis
614 367 700 410 posse
721 376 777 407 per
794 364 991 419 Roma-num
1013 360 1105 404 ‚Pon-

220 419 345 457 tificem
358 418 508 454 divendi.
537 416 696 455 Criminis
715 413 806 448 istius
827 413 1014 456 suspicione
1034 422 1105 457 gra—

220 469 399 504 viterolim
418 467 577 504 laboravit
597 464 786 503 Bonifatius
807 473 939 505 nonus,
965 462 1105 506 ideoque

220 518 367 554 Palatini
394 519 517 553 Clerici
534 517 639 561 ipsum
660 514 852 562 purgaturi,
878 510 964 557 apud
992 510 1107 552 Theo-

50 579 89 610 1„
104 586 130 609 2,
140 587 202 617 09,
221 568 373 608 doricum
384 569 403 603 ὲ
413 570 512 604 Niem
520 563 562 602 ,eir
571 564 631 600 ista
641 561 834 608 Theologia
843 563 999 598 dixerunt
1020 561 1108 604 Pon-

220 619 349 654 rificem
360 619 421 654 hac
432 619 467 656 in
479 627 513 649 re
524 625 592 648 non
605 614 693 657 pofl'e
704 614 768 649 effe
778 614 1002 648 Simoni-acum
1015 637 1027 653 ,
1054 610 1107 652 sed

227 670 285 714 ipfi
297 680 337 703 ex
347 667 443 708 causis
454 664 569 699 fimilia
579 664 694 707 licere.
720 663 825 699 Aliud
844 664 938 699 senfit
953 662 1020 706 ejus
1040 660 1110 705 An·

224 719 373 761 ti·Papa
402 714 560 756 Clemens
598 714 751 758 septimus
772 738 784 755 ,
820 714 913 758 cujus
932 712 974 747 ad
994 711 1108 747 urbem

223 767 342 813 Legati
373 765 551 805 Bonifacio
574 765 679 799 multa
711 763 947 809 improperanti
967 763 1112 807 reposue-

223 825 299 854 runt
317 829 326 857 ς
362 817 476 857 saltem
501 819 646 857 Dominus
677 814 768 855 noster
786 826 846 854 non
857 814 896 856 est
909 816 1109 848 simoniacus.

222 867 372 917 Eamque
378 866 547 908 veritatem
558 866 664 900 secuta
674 864 719 907 cst
732 863 993 906 ConstantIenfis
1005 863 1110 907 Syno-

221 916 283 956 dus
293 941 306 957 ,
329 916 493 958 damnans
503 927 541 950 ac
550 915 731 960 degradatis
741 915 902 959 Joannem
915 913 1111 959 vigesimum

225 967 360 1008 tertium
371 991 384 1009 ‚
407 967 502 1010 ,Quod
512 965 657 1007 Ecclefias
668 965 863 1004 cathedrales
876 989 888 1006 ‚
911 964 1091 1006 Monasteria
1100 985 1111 1002 ,

223 1010 437 1062 Prioratusquf
455 1017 687 1056 conventuales,
713 1017 749 1050 (9⁶
766 1026 877 1059 caetrra
894 1014 1034 1058 beneficia
1052 1017 1114 1057 Ec,-

219 1062 488 1112 tlefi‘astsscq‘prctio
506 1072 673 1109 appretiata
689 1068 798 1100 notorii?
826 1065 1012 1110 dssribusffit
1032 1089 1041 1097 .
1071 1063 1113 1097 E·

50 1105 116 1139 seffi
142 1118 186 1140 ¹¹·
223 1118 308 1158 tiam
326 1117 419 1163 ,quod
439 1117 588 1152 Ecclefiae
608 1115 804 1152 vendidisset
831 1116 941 1151 officia
961 1141 973 1158 e
999 1116 1104 1158 Lucet

222 1180 268 1205 ex
286 1168 387 1208 variis
407 1166 551 1202 articulis
569 1167 643 1201 fasti
663 1167 699 1202 in
713 1167 819 1210 ipsum
851 1166 1014 1210 procerius
1031 1190 1039 1197 .
1066 1164 1111 1206 Et

224 1217 267 1255 ad
277 1218 359 1260 novi
373 1217 548 1261 Pontifici-s
567 1217 762 1257 electionem
780 1217 963 1260 processura
984 1214 1112 1249 laudata

223 1267 380 1312 Synodus
393 1290 405 1307 ‚
430 1266 624 1312 eligendum
635 1266 810 1303 adstrinxit
823 1266 862 1300 ad
873 1264 1114 1306 reformandam

226 1314 408 1360 Ecclefiam
420 1318 455 1361 in
468 1317 575 1361 capite
585 1317 618 1350 &
632 1316 807 1357 membris,
835 1317 1002 1361 ipsamque
1013 1315 1114 1350 etiam

224 1368 419 1412 Romanam
440 1367 576 1402 Curiam
599 1367 635 1400 in
656 1367 752 1402 variis
770 1365 918 1408 articulis
938 1391 951 1408 ,
976 1376 1114 1409 quorum

225 1419 435 1461 fuitquartus
453 1417 622 1459 decimus.-
648 1420 696 1450 De
717 1415 926 1458 exstirpatione
948 1418 1090 1449 simontae
1105 1439 1112 1446 .

225 1467 273 1510 Et.
296 1466 364 1510 haec
390 1467 531 1510 Decreta
554 1466 684 1509 respicit
713 1465 749 1500 in
769 1465 929 1508 opusculo
950 1465 991 1500 de
1010 1465 1114 1499 Simo-

226 1519 285 1557 nia
307 1517 450 1560 Ioannes
471 1516 618 1555 Gerson:
645 1516 728 1557 Talis
748 1517 882 1557 simonia
903 1516 1052 1558 nosniffimr³
1057 1524 1115 1557 per

221 1566 341 1612 fficrum
363 1564 584 1608 §cnstantiense
606 1567 768 1599 Concilium
793 1567 927 1606 judiciale
952 1564 1115 1609 severitate

219 1615 376 1658 'dannan
399 1615 439 1656 ¹est
460 1622 494 1649 in
516 1622 630 1658 capite.
660 1615 791 1660 Utique
810 1616 936 1659 Ioanne
957 1615 1114 1660 Vigefimo

225 1667 344 1702 tertio.
373 1666 459 1700 Eam
469 1666 619 1700 damnari
631 1666 741 1702 dicita
755 1666 823 1709 jure
845 1666 973 1707 Divino
987 1690 998 1706 ‚
1027 1666 1115 1700 ideo-

225 1726 290 1761 que
302 1715 409 1752 necin
423 1716 577 1758 Domino
590 1716 678 1760 Papa
688 1728 729 1750 ex
744 1716 809 1751 ulla
820 1716 914 1751 causa
936 1718 1024 1760 poffe
1044 1727 1113 1760 pur-

223 1767 299 1817 gari
310 1791 317 1799 .
344 1766 400 1810 Jus
413 1767 612 1813 percipiendi
626 1766 815 1810 temporalia
827 1790 838 1807 ‚
849 1766 925 1801 licet
935 1766 1113 1810 temporale

225 1816 489 1858 videatur,'effe
509 1816 652 1851 omnino
678 1817 842 1865 spirituale
862 1818 956 1851 causa
978 1816 1053 1850 finis
1079 1826 1115 1849 ac

227 1865 373 1908 radicis,
399 1865 540 1910 ideoque
560 1866 818 1903 Ecclefiasticum
838 1866 1034 1906 beneficium
1047 1877 1114 1900 non

225 1917 338 1960 magis
358 1917 451 1958 posse
473 1915 571 1951 vendi
604 1916 703 1960 quam
726 1918 873 1952 officium
893 1940 904 1956 ,
928 1918 981 1951 cui
1006 1917 1116 1950 intrin-

224 1964 300 2005 sece
321 1962 485 2006 adnexum
509 1966 556 2000 est
582 1990 593 2006 ,
619 1978 717 2011 atque
741 1969 787 2002 ita
809 1966 950 2010 ejusdem
976 1977 1115 2000 naturae.

224 2015 338 2056 Eam,
364 2026 434 2059 quae
444 2016 543 2051 aliam
563 2016 707 2057 Divini,
735 2017 834 2052 aliam
858 2016 1040 2050 Simoniani
1063 2015 1118 2049 ad-

225 2065 324 2100 struit
336 2066 404 2099 esse
425 2065 525 2100 solius
547 2065 686 2101 humani
705 2066 805 2110 juriS,
832 2065 1017 2101 doctrinam
1034 2066 1119 2099 affir-

224 2115 372 2157 matesse
382 2126 610 2157 ‚commentum
623 2115 955 2160 Jurisconfilltorum,
980 2116 1048 2150 Dei
1074 2116 1116 2150 le·

225 2176 308 2210 gem
329 2164 575 2210 ignorantium.
597 2166 755 2209 Ejusdem
775 2166 895 2208 mentis
919 2166 983 2200 fuit
1000 2166 1035 2200 in
1057 2165 1120 2200 suis

229 2215 376 2257 Synodis
398 2215 578 2260 Gregorius
601 2216 758 2261 septimus
777 2241 788 2258 ,
824 2227 866 2250 ex
887 2216 1030 2258 Domini
1051 2226 1120 2249 ver-

230 2262 277 2299 bo
291 2287 302 2304 ,
327 2267 431 2306 Gratis
452 2265 599 2308 acceptstis
618 2291 629 2307 ‚
653 2273 753 2311 gratis
774 2267 845 2299 date
871 2290 882 2306 ‚
907 2266 978 2308 ipso
1002 2265 1119 2300 Divini

234 2312 320 2356 Juris
339 2314 432 2347 fonte
454 2338 466 2353 ,
490 2316 672 2360 definiens,
697 2327 788 2359 neque
809 2315 1094 2352 Archi-Diaconum
1106 2341 1117 2357 ,

233 2372 328 2403 neque
342 2361 691 2406 Archi-Presbyterum,
717 2367 933 2408 nequealt‘quid
948 2390 959 2405 ‚
985 2368 1067 2408 quod
1075 2368 1121 2399 ad

229 2409 420 2454 spiritualem
436 2424 538 2446 curam
562 2414 705 2450 videatur
720 2419 872 2458 pertinere
896 2440 907 2455 ‚
926 2414 982 2459 seu
1000 2417 1045 2450 illi
1067 2417 1119 2460 effe

61 2479 92 2508 L.
114 2485 139 2513 ς.
165 2480 217 2516 gp.
231 2459 415 2502 annexum,
437 2462 513 2506 400ff⁶
527 2465 725 2505 darrpretio,
755 2465 832 2501 Esse
845 2466 963 2503 Divini
979 2465 1120 2510 Praecep-

67 2522 111 2548 ιε.
176 2511 185 2515 “
211 2509 213 2513 ’
231 2510 362 2546 tiaddit
374 2512 411 2552 in
434 2512 550 2546 litteris
569 2513 610 2547 ad
631 2514 818 2555 Henricum
835 2516 1032 2561 Episcopum
1049 2517 1120 2561 Spi-

231 2561 355 2600 rensem
365 2586 374 2593 .
401 2561 448 2598 Et
460 2562 640 2598 Godofredi
650 2564 757 2599 Ducis
764 2565 964 2609 Capellanps
974 2591 985 2607 ,
995 2578 1066 2605 non
1082 2576 1120 2608 ut

233 2608 370 2652 humani
384 2612 595 2648 solummodo
608 2638 620 2654 ,
645 2614 700 2649 sed
712 2615 746 2649 δε
761 2625 798 2649 ut
811 2616 927 2651 Divini
938 2617 1018 2660 juris
1037 2628 1123 2652 ever-

236 2659 318 2694 sores
329 2662 475 2696 trastavit
488 2664 621 2699 Sanstus
631 2663 746 2699 Petrus
757 2666 913 2700 Damiani
928 2692 935 2699 .
963 2667 1008 2701 Et
1021 2668 1057 2701 in
1072 2667 1124 2702 lit·

238 2709 314 2741 teris
333 2711 372 2745 ad
393 2713 574 2753 Lucensem
598 2715 777 2756 Ecclesiam
799 2716 986 2751 Alexander
1011 2718 1123 2752 secun-

240 2756 301 2813 dus
313 2781 323 2797 ,
347 2762 426 2794 acin
439 2763 555 2798 litteris
565 2764 605 2799 ad
619 2766 759 2801 Lucium
771 2767 877 2801 Sanffi
889 2768 993 2811 Juven
1005 2769 1046 2801 tii
1059 2768 1120 2803 Ti,-

239 2807 377 2840 tmessfis
388 2808 593 2854 Praepositum
606 2815 765 2855 Urbanus
776 2818 935 2852 secundus
947 2842 958 2859 ‚
977 2816 1122 2853 Praeben-

240 2853 359 2913 ‘1²¹⁰{n
380 2858 415 2891 &
449 2860 739 2916 Ecclesiasticorum
769 2867 811 2907 ad
840 2867 1032 2912 temporalia
1055 2870 1121 2912 spe·

240 2907 400 2941 stimuum
412 2909 595 2951 0ffiC¹0mm
618 2916 847 2956 venditionem
865 2917 1060 2954 damnantes
1080 2918 1122 2953 de

242 2956 390 2992 Simonia
400 2982 411 2997 ‚
438 2958 516 2993 solis
529 2971 661 2999 utuntur
672 2967 806 3005 Divinis
819 2962 983 3010 scripturis
996 2993 1006 3008 ,
1016 2969 1051 3004 δε
1062 2968 1124 3002 Ca·

241 3016 332 3046 none
354 3004 630 3046 Chalcedonenfi-
657 3016 690 3048 A
717 3017 854 3053 Simone
874 3018 1000 3063 Mago,
1025 3029 1123 3063 quem

241 3056 371 3095 constat
386 3057 559 3103 impegisse
572 3062 606 3094 in
623 3060 672 3104 jus
682 3065 844 3102 Divinum
856 3093 868 3109 ‚
890 3069 984 3109 ajunt
996 3080 1065 3110 ⁰011
1078 3069 1124 3114 ip.

242 3107 312 3140 sam
322 3105 478 3146 virtutum
501 3109 639 3153 gratiam
651 3136 661 3151 ‚
687 3113 741 3147 sed
762 3117 829 3151 sola
840 3117 914 3160 ejus
931 3119 1123 3164 temporalia

241 3155 463 3192 emolumenta
486 3160 569 3194 fuise
596 3162 754 3204 postulata
778 3165 820 3199 ad
841 3165 1022 3206 mercatum
1042 3194 1050 3201 ,
1079 3169 1123 3202 Et

241 3206 312 3250 ipse
333 3229 344 3246 ‚
368 3208 519 3246 omnium
546 3210 668 3253 primus
693 3216 727 3246 in
747 3213 929 3250 Simoniani
951 3242 962 3259 ,
988 3217 1125 3253 Chalce-

239 3255 393 3290 donenfis
403 3256 522 3293 Canon
533 3259 581 3302 jus
593 3261 759 3296 Divinum
779 3274 817 3302 ac
837 3265 958 3304 avitam
979 3266 1126 3306 Ecclesia

241 3305 397 3349 Pietatem
421 3307 630 3348 solummodo
655 3312 815 3355 innovat,
842 3307 940 3358 at'que
960 3315 1006 3351 ita
1025 3316 1123 3352 etiam

243 3356 545 3393 Ecclefiasticorum
565 3359 801 3398 beneficiorum
824 3387 836 3404 ‚
873 3366 908 3398 &
941 3364 981 3399 ad
1002 3374 1125 3411 tempo-

243 3406 325 3442 ralia
363 3407 577 3451 spectantium
600 3412 788 3449 officiorum
813 3414 1090 3455 nundinationem
1114 3443 1124 3460 ‚

50 992 114 1026 Sess'·
146 1005 188 1026 ιο·

1911 141 1968 186 53

1165 222 1263 254 quam
1275 210 1410 253 damnat
1419 221 1457 244 ac
1468 210 1563 253 punit
1573 234 1584 250 ,
1610 211 1763 255 supponit
1772 210 1903 252 Divino
1911 210 1974 255 juri
1999 223 2047 248 re-

1142 279 1143 282 =
1165 271 1310 305 pugnare
1332 286 1340 294 .
1367 260 1494 301 Eadem
1518 259 1565 294 est
1585 261 1671 294 ratio
1694 261 1909 304 plurimorum
1938 261 2046 301 subse-

1165 312 1340 354 quentium
1360 312 1544 346 canonum
1564 335 1572 344 .
1599 311 1755 353 statuunt
1776 312 1811 345 in
1830 311 2048 353 ambitiosos,

1165 371 1307 403 quorum
1326 371 1428 399 ,nemo
1445 372 1595 405 ,unquam
1614 371 1700 403 onus
1722 362 1776 395 seu
1792 363 1943 401 officium
1955 385 1968 402 ‚
1991 361 2049 397 sed

1166 410 1396 454 Episcopalern
1416 410 1588 445 dumtaxat
1606 410 1770 457 ,honorem
1788 422 1831 452 ac
1846 412 2051 456 opulentiam

1143 460 1301 507 ¹mercari
1324 460 1431 503 yoluit
1449 485 1461 501 ,
1488 462 1636 506 ipsosque
1661 461 1788 505 ,aliid-ue
1813 459 1964 505 ‚clamant
1979 461 2051 503 „effe

1165 510 1286 554 Divini
1295 510 1376 554 juris
1396 511 1668 560 pravaricatores.
1692 539 1697 550 2

1697 511 1854 561 Qisquis
1874 511 2051 554 beneficio-

1168 571 1238 595 rum
1260 560 1541 604 nundinationem
1560 561 1632 595 solo
1653 563 1792 605 pofitivo
1808 562 1878 608 jure
1898 563 2051 598 damnari

1167 610 1271 646 credit
1290 633 1303 651 ,
1329 611 1430 645 etiam
1454 609 1591 644 rasserere
1610 611 1708 646 debet
1726 622 1803 647 ante
1821 613 1968 658 Ecclesiae
1988 612 2054 652 Ca-

1167 672 1274 701 nones
1285 660 1412 702 nullam
1431 659 1505 696 istic
1527 660 1623 700 fuisse
1643 661 1827 697 Simoniam
1846 677 1853 697 :
1887 664 1984 708 *quod
2005 664 2054 698 sa-

1170 711 1213 746 ne
1245 709 1448 747 horrendum
1467 709 1515 745 est
1548 721 1647 758 atque
1669 712 1845 755 profanum
1862 740 1874 754 ,.
1900 716 1902 718 ’
1915 714 2054 756 Etenim

1170 771 1247 795 ante
1256 771 1391 797 omnem
1402 760 1444 805 de
1457 759 1518 796 hnc
1530 771 1563 794 re
1580 761 1759 804 Canonem
1778 762 1899 805 scripsit
1913 776 1961 801 >ex
1981 764 2058 805 ‚solo

1173 811 1373 855 Evangelica
1408 811 1479 855 lege
1496 811 1731 854 ‘Tertullianus
1760 811 1799 854 ,in
1820 811 1906 846 libro
1929 814 2057 857 Apolo-

1173 862 1284 907 getico
1303 875 1318 903 ¹.-
1345 860 1510 904 Praefident
1529 862 1613 895 nobis
1628 862 1751 905 proban·
1770 868 1879 905 quique
1898 865 2032 898 Sentores
2043 890 2057 910 ,
2070 852 2108 885 Ε·
2129 855 2179 889 3⁹⁵

1173 912 1307 945 bonorem
1332 912 1435 952 illum,
1460 922 1518 944 non
1535 916 1655 954 pretio,
1676 912 1735 956 sed
1753 913 1913 953 testimonio
1932 913 2056 955 adepti.

1172 967 1279 1005 Neque
1287 964 1534 1005 enimprettoulla
1547 965 1665 1001 ,Deires
1675 962 1802 1005 constat.
1830 962 1934 1012 Qod
1959 965 2061 1008 praefi-

1172 1012 1273 1048 dendi
1287 1011 1397 1047 honor
1407 1013 1446 1048 fit
1456 1024 1527 1048 non
1538 1013 1646 1048 solum
1657 1014 1806 1059 regenda:
1818 1013 1967 1057 Ecclesiae
1978 1037 1990 1055 ,
2002 1013 2063 1050 sed

1174 1062 1423 1107 &percipiendi
1443 1062 1600 1107 stipendii
1619 1063 1694 1107 jus,'
1720 1063 1827 1099 lucide
1849 1064 1948 1100 docet
1968 1062 2062 1108 Apo-

1174 1113 1275 1147 stolus
1292 1138 1303 1154 ‚
1329 1113 1370 1147 de
1389 1113 1658 1159 diligentioribus
1675 1114 1817 1149 scribens
1834 1113 2039 1158 ,presbyteris
2051 1128 2061 1148 ε

1177 1164 1297 1206 Duplici
1314 1162 1423 1202 honore
1439 1166 1530 1209 ,digni
1546 1163 1621 1209 siant
1642 1190 1650 1198 .
1691 1164 1887 1213 Utrumque
1903 1166 1972 1203 ,effe
1994 1166 2064 1201 Dei

1177 1225 1245 1248 rem
1254 1213 1359 1256 asserit
1368 1211 1564 1259 SeptimiuS‚
1589 1215 1732 1260 ideoque
1746 1227 1814 1250 non
1826 1215 1976 1251 constare
1995 1226 2065 1260 pre-

1177 1265 1226 1297 tio
1246 1289 1257 1305 ,
1295 1265 1351 1297 seu
1371 1265 1454 1301 citra
1472 1266 1662 1308 ⁴simoniam
1675 1266 1747 1301 'nec
1766 1266 1866 1307 ‚vendi
1889 1266 1978 1309 posse
2001 1276 2064 1300 nec

1176 1313 1262 1348 emi.
1289 1313 1403 1348 Etiam
1422 1315 1637 1357 Ecclesiastici
1660 1316 1875 1357 oeconomi,
1903 1316 2066 1351 Defenso-

1176 1363 1241 1404 ris,
1267 1375 1305 1398 ac
1328 1364 1547 1400 Manfionarii
1564 1366 1677 1400 officia
1697 1368 1772 1401 sunt
1793 1366 1861 1401 Dei
1877 1377 1952 1407 res,
1977 1365 2068 1401 ideo-

1177 1426 1240 1458 que
1251 1413 1359 1447 danda
1373 1415 1446 1450 sunt
1458 1416 1559 1458 gratis
1571 1425 1669 1458 atque
1678 1415 1870 1458 accipienda
1884 1441 1892 1448 .

1184 1464 1186 1467 ’
1228 1464 1378 1510 Qaestio
1388 1464 1484 1497 tertia
1495 1464 1539 1496 est
1552 1487 1563 1503 ‚
1590 1463 1648 1497 An
1670 1465 1826 1498 Simoniae
1845 1465 1970 1498 crimen
1991 1466 2069 1499 sem·

1178 1525 1232 1557 per
1243 1513 1361 1551 habeat
1373 1512 1536 1548 adnexam
1561 1511 1686 1547 haeresin
1700 1538 1711 1554 ,
1739 1514 1889 1558 adeoque
1900 1515 2010 1548 omnis
2021 1515 2071 1549 Si-

1177 1562 1348 1596 moniacus
1365 1563 1404 1595 fir.
1425 1563 1525 1597 etiam
1548 1562 1716 1597 haereticus
1737 1566 1751 1598 ?
1777 1563 1909 1599 Partem
1930 1565 2072 1599 affirma.-

1177 1613 1278 1649 tivam
1291 1612 1423 1647 suadere
1434 1613 1609 1648 videturin
1621 1613 1739 1649 litteris
1762 1614 1806 1650 ad
1826 1616 1914 1649 cives
1931 1615 2066 1650 Floren-

1178 1664 1268 1697 tinos
1282 1663 1415 1697 Sanetus
1427 1662 1544 1698 Petrus
1562 1664 1745 1705 Damiani:
1767 1669 1883 1700 Omnes
1906 1665 1997 1707 hujus
2020 1676 2070 1700 ne·
2087 1658 2119 1687 L·
2137 1658 2165 1685 8·
2192 1657 2248 1692 Ep?

1169 1712 1282 1755 fandae
1303 1711 1442 1756 baeres'eos
1459 1712 1539 1756 peste
1557 1723 1710 1757 corruptos
1729 1716 1786 1759 ‚effe
1805 1715 1959 1757 baeretlcos
1980 1716 2072 1751 indu·
2087 1706 2161 1775 3²-ss
2182 1742 2229 1771 35,

1178 1764 1313 1797 bitanter
1332 1764 1483 1807 afferimus
1504 1789 1511 1796 .
1539 1763 1584 1799 Et
1606 1765 1642 1798 in
1667 1766 1732 1800 vita
1755 1767 1863 1809 Sancii
1884 1765 2071 1809 Romualdi

1180 1813 1341 1848 Abbatis:
1369 1818 1418 1847 Et
1431 1823 1584 1849 venenata
1605 1816 1661 1849 illa
1680 1815 1816 1858 haeresis,
1840 1816 2013 1860 praesertim
2037 1823 2071 1851 ln

1180 1862 1352 1907 Episcopali
1361 1866 1463 1902 ordine
1475 1889 1487 1906 ‚
1513 1867 1592 1899 dura
1605 1866 1639 1899 (θ’
1650 1867 1696 1900 ad
1701 1868 1936 1901 convertendum
1947 1869 2048 1911 rigida
2060 1892 2072 1909 ,

1179 1923 1213 1948 ut
1222 1912 1339 1957 semper
1348 1921 1529 1956 promittens
1541 1941 1552 1956 ,
1566 1915 1685 1959 semper
1698 1918 1736 1951 de
1747 1918 1796 1951 die
1807 1922 1839 1950 in
1862 1918 1942 1951 diem
1957 1919 2072 1960 produ-

1176 1975 1245 2004 *cens
1256 1986 1267 2003 ,
1286 1973 1378 2006 atque
1385 1965 1565 2007 infuturum
1575 1966 1796 2008 procrastinans
1808 1993 1815 2000 .
1844 1969 1980 2003 Facilius
1991 1969 2072 2010 pofflt

1173 2015 1310 2059 Judaeus
1322 2016 1368 2047 ad
1386 2013 1480 2056 fidem
1503 2022 1660 2058 converti,
1685 2019 1777 2060 qusim
1797 2017 1955 2053 baereticus
1977 2022 2073 2052 Latro

1178 2065 1269 2106 plene*
1282 2065 1543 2106 adpaenitemiam
1549 2074 1708 2109 provocari
1719 2094 1727 2102 .
1753 2068 1839 2114 Agit
1849 2068 1869 2102 d
1873 2081 1890 2103 e
1901 2069 2074 2112 Episcopis

1181 2115 1216 2158 βε
1239 2114 1422 2156 βαηοηῇοὶς
1444 2117 1651 2152 saecularibus
1670 2141 1682 2157 ,
1723 2119 1781 2162 qui
1813 2120 1914 2162 longa
1935 2118 2074 2162 peffimae

1180 2165 1426 2199 consuetudinis
1445 2166 1748 2210 circumscriptione
1769 2169 1887 2202 coecati
1910 2169 2074 2203 existima-

1182 2213 1261 2248 bant
1274 2213 1521 2250 Praebendarum
1533 2216 1811 2261 nundinationem
1822 2229 1893 2252 non
1916 2218 1978 2252 effe
2002 2230 2074 2263 pec-

1183 2274 1312 2298 catum.
1340 2263 1402 2300 Ait
1414 2265 1608 2308 Canonicos
1619 2267 1660 2309 ad
1682 2278 1896 2303 communem
1920 2273 1958 2302 ac
1979 2280 2073 2314 regu-

1186 2315 1286 2348 larem
1308 2313 1343 2348 in
1364 2314 1505 2350 claustro
1527 2316 1631 2353 vitam
1653 2316 1746 2352 fuiffe
1768 2317 1944 2359 indultos,
1970 2329 2072 2363 atque

1182 2365 1227 2398 ita
1237 2366 1395 2399 correstos
1408 2389 1419 2406 ,
1447 2366 1687 2410 Episcoporum
1712 2368 1788 2410 vero
1809 2380 1871 2403 nec
1890 2379 1994 2403 unum
2018 2380 2075 2412 po·

1182 2415 1276 2449 tuisse
1290 2415 1439 2448 converti
1453 2440 1460 2447 .
1488 2415 1643 2459 Ejusdem
1655 2418 1833 2456 Sententiae
1844 2420 1975 2453 fuerunt
1996 2419 2074 2452 Flo-

1184 2464 1307 2498 rentini
1324 2462 1487 2499 Monachi
1508 2490 1520 2506 ‚
1558 2465 1601 2501 de
1621 2467 1740 2510 quibus
1762 2468 1798 2502 in
1818 2468 1960 2503 laudatis
1988 2468 2075 2503 litte-

1185 2515 1226 2548 ris
1248 2514 1336 2549 idem
1358 2514 1495 2562 Petrus:
1522 2518 1632 2551 Dicunt
1641 2524 1715 2559 quia
1734 2520 1760 2559 fi
1780 2521 1954 2553 simoniacis
1973 2521 2073 2553 sacer-

1184 2563 1300 2599 dotibus
1312 2575 1361 2597 nec
1384 2564 1524 2614 chrisma
1547 2567 1666 2610 confici,
1691 2579 1743 2601 nec
1767 2568 1894 2611 Ecclefia
1918 2570 2074 2610 dedicari,

1184 2626 1235 2649 nec
1246 2615 1406 2649 clericalia
1421 2618 1496 2658 jura
1516 2617 1666 2659 conferri,
1693 2630 1746 2652 nec
1766 2620 1918 2663 Mtffarum
1939 2621 1996 2653 ullo
2020 2631 2074 2653 un-

1184 2677 1274 2708 quam
1286 2674 1414 2708 tempore
1417 2675 1582 2709 potuerunt
1597 2666 1742 2711 fhlemnia
1760 2670 1918 2704 celebrari.
1947 2669 2075 2704 Omnia

1185 2715 1308 2759 abipfis
1320 2717 1461 2756 feudata
1471 2718 1526 2752 seu
1539 2729 1670 2762 accepta
1693 2720 1900 2757 Sacramenta
1921 2719 2075 2755 dixerunt

1186 2765 1296 2807 irrita,
1322 2766 1456 2810 profana
1473 2790 1484 2807 ‚
1509 2768 1662 2804 &nulla.
1689 2770 1784 2816 Qin
1808 2771 1842 2804 δε
1863 2781 1978 2804 eorum
1990 2767 2075 2802 Basi-

1186 2816 1265 2851 licas
1286 2816 1466 2858 noluerunt
1488 2818 1616 2863 ingredi
1643 2843 1655 2860 ,
1678 2830 1737 2854 aut
1756 2820 1896 2864 salutare
1917 2845 1925 2854 .
1967 2817 2075 2865 Qod

1189 2865 1306 2911 nempe
1326 2865 1495 2908 haereticos
1523 2869 1691 2904 crederent
1714 2895 1726 2912 ,
1762 2882 1906 2915 quorum
1937 2878 2074 2904 omnem

1187 2916 1447 2959 benedistionem
1477 2918 1604 2954 Divina
1627 2920 1752 2964 justitia
1785 2920 1916 2955 haberet
1937 2930 1996 2963 pro
2029 2926 2075 2952 at-

1186 2977 1337 3009 tentato,
1361 2980 1400 3003 ac
1422 2979 1558 3005 verteret
1580 2971 1616 3004 in
1638 2970 1905 3012 maledictionem
1925 2994 1933 3002 .
1960 2968 2074 3002 Etiam

1186 3017 1227 3052 ab
1246 3018 1320 3060 ipfis
1343 3019 1408 3057 fine
1430 3019 1579 3054 Simonia
1599 3019 1773 3060 ordinatos
1795 3019 1943 3062 Clericos
1967 3018 2075 3052 cense-

1187 3067 1267 3102 bant
1278 3067 1448 3108 haereticos
1458 3093 1469 3110 ‚
1496 3079 1552 3104 aut
1563 3069 1650 3103 certe
1661 3067 1807 3109 haeretica
1827 3069 2075 3106 ¹communione

1187 3117 1331 3161 pollutos
1341 3141 1349 3150 .
1377 3118 1487 3161 Loqui
1499 3118 1650 3152 videntur
1659 3129 1702 3159 ex
1713 3119 1818 3152 Sancti
1831 3119 1985 3163 Gregorii
1998 3118 2075 3152 Ma-

1186 3167 1243 3212 gni
1256 3167 1297 3200 ad
1309 3168 1483 3211 Syagrium
1497 3166 1833 3210 Augustodunensem
1845 3169 2046 3212 Episcopum
2059 3191 2071 3208 ,

1186 3230 1223 3251 ac
1246 3217 1339 3250 suum
1364 3217 1400 3250 in
1422 3217 1530 3251 Gallia
1551 3217 1721 3251 vicarium
1741 3242 1752 3258 ,
1779 3219 1914 3253 litteris:
1941 3220 2110 3277 Benedi·L
2204 3246 2211 3254 .

1187 3269 1243 3301 c‘lio
1264 3268 1308 3300 illi
1328 3272 1360 3298 in
1380 3266 1611 3306 maledifflmm
1632 3274 1816 3307 convertitur
1834 3293 1846 3310 ‚
1872 3274 1924 3313 qui
1946 3269 2070 3307 adhoc,
2087 3257 2246 3323 dist-⁹⁶23&

1187 3327 1220 3351 ut
1237 3316 1296 3359 fiat
1317 3315 1494 3357 haereticus,
1515 3324 1730 3359 promovetur.
1759 3318 1803 3352 Et
1830 3320 1865 3353 in
1889 3319 2006 3353 litteris
2028 3319 2069 3352 ad
2087 3328 2135 3363 Ep.
2160 3338 2224 3358 11².

1189 3365 1430 3401 Brunichildim
1469 3368 1673 3403 Francorum
1712 3368 1878 3414 Reginam
1923 3369 2069 3403 laudatus
2088 3369 2139 3407 Ep.
2157 3375 2226 3403 1¹5·

1189 3416 1346 3456 Pontifex
1367 3416 1423 3454 dat
1444 3418 1626 3455 rationem:
1652 3417 1706 3454 Ubi
1727 3420 1807 3456 dona
1827 3422 2069 3460 Divinaegranae

1929 3478 2020 3503 vena-
