2352 3736
63 667 107 695 ·Λ.
143 674 225 702 1²35·

61 857 103 889 A·
140 866 224 894 ¹199·

60 2034 135 2072 Cap.
151 2037 196 2068 67

64 2450 123 2481 Lib.
151 2461 179 2489 3.

62 2500 125 2529 cap.
155 2503 198 2524 ιο

592 160 1002 206 ΚΕΜΕΝεΕ

243 247 542 292 consanguinitatis
564 257 661 293 atque
684 247 854 282 affinitatis
887 245 1141 290 impedimenta·

245 299 442 340 adquartum
453 299 592 342 gradum
621 299 805 333 contraxit.
831 297 937 342 Qod
962 295 1056 331 variis
1082 294 1124 330 de

244 348 344 383 causis
357 349 467 382 omnis
477 349 620 383 Ecclesia
645 348 763 382 merito
785 347 952 390 probavit.
983 344 1062 387 Ejus
1087 344 1120 377 iu

244 397 461 442 dispensando
476 399 661 443 exemplum
673 398 771 435 etiam
786 395 968 442 Gregorius
990 405 1100 428 nonus
1112 418 1122 434 ,

244 450 340 491 ipsius
355 461 454 492 nepos
466 474 474 489 ‚
501 450 603 493 quiin
617 448 744 482 laudata
758 445 887 489 imperii
906 445 994 479 dieta
1015 445 1120 478 fuerat

243 497 350 544 Hugo
387 500 570 534 Cardinaiis
606 499 751 542 Legatus
771 519 784 536 ,
827 496 872 529 est
901 496 1087 538 prosecutus
1114 518 1120 525 .

243 548 355 582 Etiam
369 550 537 593 Episcopis
558 547 769 591 permiserunt
791 545 826 579 &
848 545 988 581 aliorum
1011 545 1121 578 Cano-

243 609 326 632 num
339 600 609 642 dispensationem
621 620 631 635 ‚
659 595 797 638 ideoque
806 594 1010 629 calumniose
1020 594 1061 627 de
1086 593 1120 625 il·

244 649 284 682 iis
295 649 404 687 scribit
416 646 588 682 Matthaeus
599 645 782 679 Parifienfis
795 659 805 678 :
830 644 965 679 Sciebant
977 648 1120 678 Romanae

244 705 347 732 Ctiriae
369 698 462 732 multa
483 697 554 729 inde*
579 697 775 730 emolumenta
792 701 955 736 provenire
978 720 984 727 .
1026 694 1119 728 Hinc

243 749 320 782 item
333 758 405 781 nata
418 746 462 782 est
479 746 613 789 joannis
625 745 812 791 Anglorum
839 745 945 790 Regis
964 756 1039 779 cum
1054 744 1121 776 lau-

242 799 320 834 dato
332 797 527 830 innocentio
547 796 607 836 lis,
634 796 675 829 de
699 806 761 839 qua
785 794 893 834 scribit
923 793 1119 838 Radulphus

239 849 282 883 de
292 846 412 880 Diceto
427 859 433 878 :
461 846 647 879 Celebratum
657 845 695 884 est
706 847 868 884 divortium
875 850 956 879 inter
959 848 991 890 J
994 855 1119 877 oannem

240 902 345 940 Regem
358 896 473 940 Angliae
487 898 520 930 (τι
527 896 624 938 filiam
635 898 760 928 Comitis
772 894 953 936 Gloceflriae,
978 900 1011 927 ln
1036 898 1120 926 Nor·

239 949 363 980 munilia
374 947 411 979 ab
422 944 577 989 Episcopir
605 944 781 989 Lisorienfi‚
808 943 960 987 Baiocenfi
972 970 982 985 ,
1011 944 1119 977 Abrin-

236 995 317 1039 oenfi
324 1021 334 1037 ‚
361 1008 452 1039 quam
462 995 524 1043 ipse
535 1004 663 1039 tempore
671 1001 773 1044 patris
784 996 819 1029 (θ’
826 997 952 1037 permiff
953 1006 1003 1028 one
1013 999 1120 1031 Roma-

237 1058 286 1080 nae
298 1045 428 1088 Ecclefiae
439 1049 570 1081 duxerat
584 1052 616 1079 in
628 1058 748 1080 uxorem
762 1070 771 1085 ,
793 1044 852 1088 sed
872 1047 921 1079 ille
938 1044 1119 1089 sublimioris

237 1096 316 1130 thori
335 1095 389 1140 spe
408 1105 572 1140 raptatus,
598 1094 707 1137 confilio
723 1104 890 1138 pravorum
908 1107 973 1129 eam
997 1094 1116 1139 abegit.

238 1146 323 1180 Unde
332 1159 472 1195 magnam
479 1150 591 1190 summi
607 1146 784 1188 Pontificis‚
811 1147 845 1180 (τ’
856 1151 946 1179 totius
972 1149 1118 1179 Romanae

238 1201 342 1230 Curiae
364 1199 598 1241 indignationem
620 1202 775 1234 incurrit,
805 1195 988 1239 praefiimens
1009 1197 1118 1230 temere

236 1255 341 1280 contra
351 1249 424 1290 leges
436 1249 470 1281 (a
483 1251 619 1279 canones
632 1246 784 1288 dissolvere
794 1270 804 1286 ,
820 1247 900 1288 quod
908 1245 1117 1291 eorumfuerat

235 1296 411 1329 auciornate
420 1299 606 1340 colligatum.
638 1295 705 1330 Uti
719 1296 884 1330 Henricus
907 1298 1040 1331 octavus
1064 1296 1118 1331 da-

235 1355 304 1380 tam
318 1346 463 1380 fibicum
489 1346 668 1380 Catharina
690 1344 880 1390 Aragonia,
907 1347 952 1385 ita
975 1348 1116 1390 Joannes

236 1394 467 1439 Apostolicam
478 1408 553 1430 cum
579 1396 635 1430 ista
663 1396 879 1431 Glocestrensi
906 1396 1116 1440 dispensatio-

237 1457 314 1480 nem
327 1446 671 1486 affetuitinvalidam,
695 1445 867 1490 atqueisto
878 1446 956 1481 fuco
977 1445 1017 1481 ad
1038 1447 1117 1481 alias

239 1497 372 1539 nuptias
383 1497 549 1533 transivit.
580 1495 683 1544 Qod
697 1497 850 1530 Romana
862 1496 1002 1534 Ecclesia
1014 1507 1053 1531 eo
1065 1497 1111 1531 us-

237 1557 302 1590 que
311 1547 367 1581 vix
381 1547 416 1582 in
428 1546 672 1589 impedimentis
683 1545 747 1580 illis
767 1544 993 1590 dispensasset,
1023 1545 1111 1580 dixit

235 1595 417 1638 dispensare
439 1607 507 1629 non
528 1597 635 1643 posse
665 1595 708 1629 Et
729 1594 796 1629 haec
819 1595 1015 1640 dispensatio
1038 1595 1112 1631 data

235 1644 330 1679 fuisse
343 1644 470 1680 videtur
482 1645 522 1680 ab
537 1645 729 1680 Alexandro
740 1645 857 1680 tertio.
870 1646 936 1681 Sub
948 1646 1008 1681 illo
1019 1647 1109 1682 euim

236 1694 322 1728 vixit
334 1695 466 1739 Joannis
478 1696 572 1730 Pater
583 1696 747 1731 Henricus
758 1696 934 1731 secundus.

288 1745 406 1779 Errant
417 1756 524 1779 tamen
538 1746 594 1790 qui
607 1746 753 1789 usquead
766 1746 824 1781 ista
837 1757 982 1790 tempora
1005 1747 1112 1781 existi-

235 1803 330 1829 mant
366 1807 536 1839 nunquam
555 1795 648 1829 fuisse
684 1796 905 1839 dispensatum
932 1822 939 1829 .
978 1797 1110 1831 Etenim

236 1843 416 1889 Agathens
408 1857 434 1879 s
446 1845 503 1878 sub
516 1844 705 1893 Symmachi
728 1846 853 1890 Papatu
870 1846 1030 1883 celebrata
1054 1848 1111 1890 Sy·

235 1894 345 1929 nodus
361 1919 372 1935 ,
397 1906 516 1938 quaevis
525 1896 843 1940 consanguineorum
855 1906 951 1940 atque
964 1897 1111 1931 affinium

234 1944 392 1989 conjugia
415 1945 581 1979 interdicit
599 1946 730 1989 quidem
751 1947 967 1992 rigidiffime,
995 1947 1048 1980 sed
1068 1956 1113 1980 ta-

233 2003 313 2029 men
325 1994 497 2041 adjungit.-
525 1997 618 2039 ,Quod
628 2001 673 2028 ita
682 1995 828 2039 prasenti
839 2004 968 2040 tempore
975 1995 1112 2039 prohibe

232 2056 323 2084 mus,
349 2054 387 2078 ut
397 2057 432 2079 ea
443 2070 454 2086 ,
481 2044 631 2089 quaesunt
643 2045 781 2079 hasienus
793 2046 952 2087 instituta,
979 2057 1036 2078 non
1054 2044 1111 2089 dis-

227 2092 402 2138 solvamus
434 2095 483 2129 Ita
494 2094 605 2129 statuit
616 2107 684 2129 non
696 2097 802 2131 solum
815 2097 855 2130 de
865 2096 950 2136 illis,
959 2097 1015 2140 qui
1034 2108 1112 2131 con-

236 2143 420 2185 sobrinam,
450 2145 675 2180 autdefundtae
685 2147 796 2181 uxoris
809 2148 974 2187 sororem,
1003 2145 1056 2180 sed
1082 2157 1111 2180 e-

236 2192 316 2226 tiarn
328 2193 368 2228 de
377 2195 436 2229 ὶΙΙο
449 2220 460 2239 ,
470 2196 526 2239 qui
537 2194 675 2230 duxerat
687 2208 878 2232 novercam.
906 2194 1110 2239 Neophytos

236 2243 387 2290 Anglos
380 2256 414 2277 ιιι
426 2247 599 2281 contractis
610 2245 686 2280 ante
696 2247 795 2281 fidem
817 2258 892 2281 cum
915 2246 1110 2290 consangui-

234 2303 297 2327 nea
308 2293 472 2341 conjugiis
483 2306 668 2338 permanere
677 2297 819 2340 permisit
841 2296 941 2330 etiam
964 2296 1112 2341 Magnus

235 2343 435 2400 Gregorius.
463 2345 507 2380 Et
526 2345 568 2379 de
588 2346 673 2382 inito
695 2348 779 2380 inter
798 2346 991 2382 Rainerium
1014 2347 1111 2381 Hau-

235 2394 345 2427 noniae
367 2394 539 2430 Comitem
556 2396 590 2432 &
610 2396 677 2439 ejus
709 2397 990 2441 consanguineam
1011 2397 1110 2431 Heri-

234 2444 350 2476 manni
362 2443 507 2478 Comitis
518 2445 620 2480 filiam
632 2447 845 2483 matrimonio
856 2445 994 2481 scribit
986 2459 1020 2480 in
1047 2446 1109 2481 Ca-

233 2493 425 2527 meracenfis
437 2493 587 2531 Ecciefiae
597 2494 769 2531 Chronico
790 2496 956 2531 Baidricus
978 2497 1107 2540 Episco-

234 2552 294 2586 pus
313 2543 553 2579 Tornacenfis:
590 2548 723 2580 Gerardo
742 2546 951 2588 Cameracenfi
966 2546 1109 2590 Episcopo

236 2596 354 2629 omnino
363 2592 528 2637 displicuit.
561 2599 591 2631 Ε
595 2606 607 2629 t
620 2606 719 2631 tamen
729 2597 828 2639 postet>
842 2595 947 2638 confilio
958 2596 1106 2640 Coepisbo·

236 2650 339 2683 porum
347 2641 414 2686 usus
428 2651 564 2687 ‚invitus
568 2645 667 2688 fluit,
677 2649 785 2690 quippe
789 2653 1016 2690 proponentium
1027 2647 1107 2682 beati

238 2695 370 2734 Gregffl'fl
383 2704 500 2738 ‚quem
510 2707 584 2732 curn
596 2697 784 2744 Neophytis
797 2695 920 2744 Anglis
932 2697 1105 2742 dispensas·

1075 161 1622 204 Couc111u1u.

1944 159 2038 215 189

1189 244 1238 278 se
1229 256 1294 287 Jam
1315 243 1407 284 dixi,
1431 243 1638 301 exemplum
1665 240 1937 287 Publicae‚quam
1947 255 1989 280 ex
2001 245 2064 281 isto

1187 295 1344 339 conjugio
1358 293 1502 337 sperabat
1514 318 1524 334 ,
1537 294 1623 337 pacis
1634 303 1747 327 amore
1760 291 1923 330 Geratdus
1936 296 2010 341 disp
2012 308 2064 331 en.

1188 343 1283 378 savit.
1314 344 1358 377 Et
1369 343 1410 378 de
1424 344 1606 385 Guilielmo
1629 342 1843 382 Normandiae
1856 344 1970 387 Duee,
2010 358 2065 390 po-

1188 393 1252 427 stea
1265 392 1453 438 Anglorum
1466 394 1579 439 Rege,
1605 394 1664 438 qui
1686 403 1863 438 cognatam
1881 395 1970 428 suam
1991 397 2065 434 Ma-

1187 443 1320 477 thildim
1333 468 1343 484 ,
1370 443 1525 484 Balduini
1543 444 1714 478 insulensis
1723 441 1938 477 Flandrorum
1951 445 2068 482 Comi-

1186 495 1227 527 tis
1248 494 1350 527 filiam
1373 493 1530 534 duxerat,
1557 493 1666 528 scribit
1688 491 1882 528 Chronicon
1897 493 2066 531 Beccenfis

1186 543 1404 578 Monasterii:
1431 548 1531 583 Iratus
1553 546 1621 580 Rex
1646 545 1816 577 Guilielmus
1853 552 1956 581 contra
1981 548 2065 582 Lan-

1178 593 1324 635 francum
1345 619 1357 635 ‚
1394 603 1473 631 tunc
1495 593 1570 626 dicti
1594 593 1787 627 Monasterii
1806 592 1912 629 adhuc
1945 595 2065 629 Mona-

1185 643 1307 684 chum,
1335 655 1400 677 eum
1425 645 1574 677 alienavit
1600 644 1621 680 ἃ
1642 641 1699 684 fica
1720 647 1838 685 Curia,
1864 647 1949 686 cujus
1970 645 2064 687 Confi-

1185 695 1288 727 itarius
1313 693 1465 733 exstiterat
1493 717 1504 738 2
1528 698 1599 735 quia
1614 692 1829 725 contradicebat
1849 702 1968 736 nuptias
1986 693 2064 737 filiae

1185 747 1312 776 Comitis
1326 743 1503 783 Flandriae,
1528 753 1618 784 quam
1636 741 1690 787 fibi
1701 741 1762 784 ipse
1784 746 1854 774 Dux
1871 745 2063 785 copulaverat

1183 799 1372 827 matrimonio
1382 817 1392 834 ,
1412 799 1482 835 quia
1490 789 1687 835 proximitate
1698 797 1797 825 carnis
1809 794 1843 826 (9·
1860 792 2063 836 consanguini-

1182 852 1245 877 tate
1249 843 1455 887 jungebantur
1470 868 1477 875 .
1504 845 1590 876 Unde*
1601 842 1780 876 authoritate
1810 846 1940 875 Romani
1960 846 2065 876 Ponti-

1179 894 1244 937 ficis
1264 902 1327 927 tota
1349 892 1492 934 Neustria
1520 902 1586 926 erat
1598 891 1748 936 supposita
1774 892 1947 930 interdtffo.
1976 894 2063 935 ‚Qua-

1177 952 1298 987 propter
1310 944 1501 986 Lanfrancus
1513 946 1637 976 Romam
1650 945 1729 975 adiit
1740 965 1749 981 ,
1758 949 1898 985 quamvis
1912 947 2006 976 iturus
2020 940 2063 985 es-

1177 994 1226 1038 set
1235 993 1369 1039 occasione
1378 993 1530 1037 cujusdam
1546 999 1689 1027 Haeretici
1702 996 1880 1038 Berengarii
1892 1019 1900 1026 .
1930 996 1975 1031 Et
1989 990 2061 1030 tunc

1177 1044 1354 1088 praesidebat
1366 1048 1425 1078 Leo
1437 1045 1559 1078 octavus
1570 1068 1577 1076 .
1604 1048 1650 1081 Et
1662 1050 1754 1078 etiam
1763 1052 1794 1078 ut
1804 1053 1921 1089 rogaret
1932 1052 1985 1086 pro
1999 1047 2064 1077 Du·

1181 1107 1211 1129 ce
1224 1100 1481 1129 Nortmannorum
1496 1097 1530 1129 (tt
1548 1106 1638 1128 uxore
1660 1097 1726 1133 eius
1738 1119 1745 1126 .
1772 1100 1868 1139 Igitur
1892 1096 2001 1128 locutus
2021 1093 2060 1134 est

1179 1157 1244 1179 cum
1255 1149 1343 1188 Papa
1352 1147 1473 1179 Nicolao
1487 1170 1497 1185 ‚
1524 1145 1689 1186 &ostendit
1699 1145 1778 1186 quod
1799 1147 1863 1185 ejus
1884 1143 2037 1187 sententia
2049 1168 2061 1184 ‚

1181 1198 1320 1230 videlicet
1345 1196 1554 1237 interdit‘lum,
1582 1208 1627 1230 eos
1654 1195 1773 1228 tantum
1789 1194 1965 1238 gravabat:
1994 1196 2061 1236 ,Qui

1179 1258 1226 1281 eos
1240 1258 1291 1280 nec
1301 1249 1494 1289 conjunxerit
1504 1272 1514 1287 ,
1527 1259 1576 1280 nec
1580 1245 1725 1289 separare
1731 1254 1867 1288 poterat.
1885 1250 1973 1278 Nam
1987 1247 2060 1277 Dux

1181 1298 1317 1331 Puellam
1328 1322 1338 1338 ‚
1363 1309 1456 1340 quam
1468 1305 1618 1339 acceperat
1630 1321 1639 1337 ‚
1654 1297 1735 1329 nullo
1744 1296 1835 1338 pallo
1847 1297 1997 1328 dimittere
2008 1306 2061 1328 vo-

1178 1347 1257 1381 lebat
1270 1374 1276 1380 .
1305 1355 1366 1383 Hoc
1382 1349 1508 1383 audiens
1520 1350 1553 1381 &
1565 1359 1668 1381 verum
1679 1347 1729 1389 effe
1741 1349 1907 1380 advertens
1921 1348 2059 1379 Summus

1181 1398 1344 1440 Pontifex,
1371 1396 1587 1440 dispensatione
1599 1398 1703 1431 habita
1727 1398 1895 1440 conjugium
1916 1395 2061 1435 convestit,

1177 1460 1207 1481 eo
1233 1456 1335 1482 tamen
1359 1449 1442 1483 modo
1456 1471 1466 1486 ,
1493 1449 1639 1488 quatenus
1662 1449 1734 1479 Dux
1757 1448 1792 1485 <ir
1811 1458 1886 1484 uxor
1910 1447 1975 1486 ejus
2003 1446 2060 1477 duo

1177 1498 1356 1539 Monasteria
1366 1496 1564 1536 construerent
1573 1521 1583 1537 ‚
1595 1501 1627 1528 in
1642 1496 1748 1538 quibus
1759 1494 1894 1538 fingulas
1907 1505 2061 1538 congrega·

1177 1553 1270 1581 tiones
1283 1572 1294 1588 ,
1319 1552 1453 1580 virorum
1478 1557 1512 1579 ac
1534 1547 1690 1579 mulierum
1706 1570 1717 1585 ,
1745 1546 1967 1585 coadunarent,
1995 1555 2063 1586 quae

1175 1595 1278 1640 ibisub
1304 1608 1409 1630 norma
1432 1595 1550 1629 sancia
1577 1596 1739 1640 Religionis
1762 1596 1814 1628 die
1835 1595 1973 1637 noctuque
2004 1597 2064 1627 Deo

1177 1646 1365 1691 deservirent
1379 1671 1390 1687 ,
1417 1648 1451 1680 ἀι·
1464 1655 1522 1688 pro
1529 1645 1629 1689 salute
1649 1657 1748 1683 eorum
1764 1643 1987 1688 supplicarent.
2020 1647 2065 1676 Et

1173 1704 1279 1740 paruit
1292 1700 1364 1730 Dux
1376 1695 1538 1739 Apostolicae
1551 1696 1726 1739 dispositioni
1739 1720 1745 1727 .
1775 1699 1822 1728 Et
1835 1695 2065 1738 aedificaverunt

1177 1750 1234 1782 duo
1273 1747 1451 1788 Monasteria
1477 1752 1510 1780 in
1531 1749 1670 1789 praedio,
1696 1747 1778 1788 quod
1805 1751 1977 1789 antiquitus
2004 1748 2068 1776 Ca-

1176 1800 1295 1831 domum
1315 1797 1563 1839 nuncupabatur:
1592 1801 1665 1830 Dux
1685 1808 1779 1830 unum
1801 1796 2011 1830 Monachorum
2031 1800 2069 1827 in.

1175 1847 1310 1881 bonorem
1321 1847 1423 1881 Sant‘li
1434 1846 1580 1889 stephani
1595 1873 1605 1889 ‚
1630 1849 1665 1880 (5
1676 1858 1751 1880 uxor
1764 1849 1829 1887 ejus
1840 1848 1968 1880 alterum
1987 1844 2070 1887 san·-

1175 1898 1385 1931 c‘limonialt'um
1399 1896 1575 1931 inhonorem
1598 1897 1719 1930 SanHae
1741 1900 1905 1930 Trinitatis
1922 1921 1929 1928 .
1957 1893 2064 1942 Qod

1175 1949 1282 1991 ipsum
1293 1947 1412 1981 eisdem
1425 1947 1489 1981 fere
1500 1947 1625 1981 verbis
1618 1960 1650 1980 in
1666 1947 1774 1980 Sancti
1787 1946 1970 1980 Lanfranci
1993 1946 2069 1979 vita

1175 1996 1585 2039 scribitMiloCrispinus.
1615 1997 1802 2039 Etiamipse
1832 1997 1981 2031 Leonem
2004 2006 2066 2029 no·
2088 2014 2166 2052 ‘Cap'
2199 2022 2227 2050 3

1176 2058 1256 2082 num
1297 2057 1392 2082 vocat
1429 2048 1610 2082 ostavum:
1644 2046 1735 2090 quod
1764 2058 1882 2090 nempe
1909 2047 2063 2080 Leonem

1173 2099 1356 2137 octavum,
1382 2096 1425 2133 de
1449 2109 1518 2141 quo
1560 2097 1660 2142 longa
1683 2097 1817 2141 quaestio
1844 2121 1855 2137 ,
1892 2095 2062 2130 crederent

1174 2146 1424 2183 Schismaticum
1446 2159 1485 2181 ac
1512 2147 1674 2181 intrusum
1699 2171 1706 2178 .
1750 2146 1803 2180 Ex
1830 2146 1897 2180 istis
1924 2146 2060 2181 interim

1174 2197 1262 2232 vides
1285 2196 1560 2241 dispensationem
1589 2196 1676 2239 prius
1715 2206 1869 2241 negatam
1896 2196 1913 2229 a
1942 2197 2059 2231 Leone

1173 2259 1287 2288 nono,
1312 2258 1350 2281 ac
1373 2245 1506 2281 tandem
1525 2246 1612 2290 quafi
1635 2254 1799 2282 extortam
1811 2247 1905 2280 fuisse
1919 2246 1937 2279 ὲ
1954 2246 2061 2280 Nico-

1174 2299 1226 2333 lao
1237 2296 1381 2332 secundo
1393 2322 1400 2329 .
1421 2296 1546 2331 Verum
1561 2295 1610 2330 hae
1624 2307 1680 2330 om
1687 2307 1740 2331 nes
1752 2297 1884 2331 fuerunt
1897 2308 1965 2331 non
1982 2308 2057 2339 prae-

1173 2349 1233 2383 viae
1246 2348 1287 2382 ad
1307 2344 1594 2387 contrahendum,
1624 2347 1675 2381 sed
1701 2346 1875 2382 dumtaxat
1901 2348 2055 2391 posterio-

1172 2410 1219 2433 res
1241 2397 1327 2432 male
1347 2398 1504 2432 contracti
1534 2397 1735 2431 matrimonii
1770 2398 1969 2432 toleratrices
1994 2397 2060 2431 dis-

1173 2449 1377 2493 pensationes
1396 2473 1406 2489 ,
1434 2447 1583 2492 adeoque
1622 2447 1880 2491 dispensationes
1918 2448 2052 2491 praevias

1172 2499 1316 2534 initiavit
1347 2497 1535 2532 Alexander
1545 2498 1660 2532 tertius
1678 2521 1688 2537 ,
1710 2497 1928 2533 Innocentius
1940 2498 2056 2531 tertius

1171 2561 1208 2584 ac
1229 2549 1297 2593 ejus
1317 2548 1517 2582 Successores
1536 2549 1624 2582 viam
1648 2549 1846 2591 ampliarunt
1869 2573 1875 2580 .
1909 2547 1950 2581 Et
1976 2546 2056 2581 hinc

1170 2601 1241 2635 Leo
1254 2599 1402 2633 nonus&
1418 2597 1860 2633 contracta&c0ntrahenda
1878 2599 1965 2633 inter
1976 2610 2055 2632 con·

1169 2650 1366 2694 sanguineos
1375 2659 1430 2683 aut
1440 2649 1552 2684 affines
1565 2648 1722 2694 conjugia
1747 2648 1936 2695 rigidissime
1957 2649 2053 2682 inter-

1170 2699 1256 2735 dixit
1270 2724 1279 2736 2

638 2886 1318 3003 CANON
1430 2888 1648 2975 XII.

242 3051 423 3189 NE
454 3054 557 3121 quis
592 3052 793 3115 legitima
826 3071 956 3104 uxore
988 3053 1193 3105 derelicta
1228 3052 1360 3103 aliam
1394 3051 1600 3103 duceret.

431 3244 918 3291 Scr10210'N.

335 3391 372 3427 N
396 3390 551 3426 adulterii
561 3392 731 3435 praesertim
740 3395 835 3429 causa
844 3391 956 3428 dirimi
968 3392 1062 3437 poffit
1072 3404 1120 3427 ra·

356 3442 384 3478 ti
395 3442 429 3478 &
438 3443 659 3479 consummati
674 3443 758 3480 inter
776 3443 888 3480 fideles
908 3443 1118 3481 Matrimonii

1182 3244 1350 3280 vinculum
1371 3267 1383 3283 ,
1416 3241 1554 3285 quaestio
1575 3240 1662 3276 olim
1685 3241 1749 3277 fuit
1769 3240 1948 3277 admodum
1969 3243 2061 3279 intri-

1182 3303 1270 3331 cata.
1300 3292 1431 3327 Etenim
1451 3292 1593 3327 Domini
1625 3290 1777 3332 verbum,
1806 3296 1990 3337 ,Quicumque
2015 3294 2059 3325 di-

1182 3343 1293 3388 miserit
1305 3354 1425 3377 uxorem
1432 3341 1540 3386 suam
1552 3340 1607 3384 nisi
1612 3342 1647 3376 ob
1647 3342 1906 3388 fornicationem
1918 3346 1952 3377 <st
1966 3344 2058 3374 aliam

1183 3397 1320 3435 duxerit,
1350 3393 1534 3435 maecbatur,
1559 3393 1694 3428 statuere
1715 3392 1842 3429 videtur
1868 3403 1985 3437 partem
2014 3390 2057 3423 af-

1182 3445 1398 3481 firmativam.
1414 3444 1479 3480 Et
1471 3452 1517 3480 ita
1534 3444 1571 3479 in
1585 3444 1640 3479 sua
1652 3443 1693 3479 ad
1705 3443 1888 3480 Ablavium
1898 3438 2057 3524 Pbaetorio

1164 3500 1170 3527 i
1957 3499 2006 3522 1·ae-
