2352 3736
61 1308 128 1343 Lib.
143 1320 168 1343 ι.

68 1347 130 1384 Folo
162 1360 223 1388 ¹²4·

68 1693 105 1725 L
128 1701 157 1728 7·
173 1689 221 1724 {nd

65 1742 98 1765 ι.
121 1732 229 1772 Emo-

71 1845 135 1882 Lib.
162 1857 190 1885 7.

81 3021 153 3063 Cap,
173 3027 219 3055 ιε.

615 170 1024 218 ReninNsn

242 253 443 292 Pontificem
466 251 613 300 Epistola
636 254 750 288 Clerus
764 254 950 288 Leodienlis
970 267 977 286 :
1005 257 1140 335 Contra!

245 307 449 340 Barbarorum
472 309 506 341 ὡ·
526 310 707 339 inimicorum
736 309 793 337 Dei
814 306 936 347 affultus
958 304 1117 336 concedunt

246 356 382 391 canones
396 363 485 390 etiam
508 358 632 389 Clericis
653 366 741 387 arma
751 354 838 395 ferre
857 354 903 385 ad
925 350 1116 393 defensionem

245 405 331 441 urbis
343 410 377 441 (5
388 411 418 439 E
421 406 519 448 cclefiae
533 429 538 437 .
567 405 654 439 Bella
668 406 737 438 vero
747 403 838 435 indici
850 401 983 443 Ecclefiae
992 410 1048 444 per
1058 406 1115 433 Ca-

245 463 379 490 nonicam
393 457 603 490 authoritatem
617 480 626 495 ‚
652 451 794 495 nusquam
809 449 1028 494 scripturarum
1049 452 1116 495 legia

242 515 330 540 §nusi
357 506 476 550 Agunt
489 506 634 540 adversus
643 502 764 536 bellum
777 523 787 541 ,
813 501 902 543 quod
917 500 1117 544 Apostolicae

245 555 324 591 sedi
361 556 536 591 rebellibus
571 550 857 587 cameracensibus
877 563 919 584 ex
947 550 1116 585 Paschalis

245 606 405 640 mandato
440 604 591 640 intulerat
615 600 779 634 Robertus
798 601 957 635 Flandtiae
977 602 1115 635 Comes:

245 656 450 693 Offenfivum
471 654 505 686 in
519 651 611 685 nullo
624 651 751 693 penitus
765 675 775 690 ,
786 651 983 684 defenfivum
995 650 1117 684 bellum

243 707 338 749 ajunt
351 702 485 738 Clericis
498 702 595 735 licere
612 702 647 734 in
661 701 762 734 unico
772 699 942 734 dumtaxat
950 700 1118 739 casu,dum

244 762 364 798 nempe
374 751 560 787 Christiana
572 751 688 785 civitas
700 750 740 784 ab
761 750 950 784 infidelibus
971 749 1118 783 Barbaris

245 811 452 849 oppugnatur
473 827 480 835 .
519 801 572 835 Sic
594 801 629 834 <Sc
666 800 896 842 Haynmarum
931 797 1118 834 Antifiodo-

245 855 369 890 rensem
399 852 599 895 Episcopum
619 874 631 890 ‚
660 850 749 892 quod
775 850 922 884 adversus
943 849 1117 883 Eudonem

245 901 435 946 Aquitaniae
457 902 582 946 Regem
601 901 773 944 pugnant,
801 897 928 934 videtur
950 897 1119 943 reprehen-

243 952 318 988 dere
329 951 418 996 supra
429 951 578 985 laudatus
590 949 734 994 Scriptor
745 950 947 993 Anonymus
959 975 970 991 ,
995 949 1063 992 ejus
1075 957 1120 983 ta-

243 1012 319 1037 men
332 1002 500 1036 adversum
512 1001 688 1035 Saracenos
711 999 816 1043 praelia
839 998 955 1042 probat
974 997 1116 1033 omnino

243 1052 400 1087 &laudat
413 1074 420 1084 .
448 1051 493 1085 Et
503 1050 622 1084 Persica
635 1050 804 1093 Iustiniani
818 1050 1023 1092 Imperatoris
1036 1049 1118 1082 bella

243 1102 400 1143 laudans,
426 1101 618 1144 &captaein
630 1100 871 1142 Mesopotamia
893 1099 1024 1133 Amida:
1046 1110 1119 1132 cau·

242 1152 291 1187 sas
303 1161 493 1196 exponens,
518 1150 560 1185 de
571 1147 715 1193 ejusdeni
739 1149 922 1182 Provinciae
942 1148 1120 1183 Monaehis

243 1201 355 1236 scribit
368 1200 549 1244 Procopius
562 1199 786 1233 Caesareenfis:
814 1201 932 1231 Turrim
942 1201 1034 1240 prope
1049 1205 1121 1240 Hip-

240 1260 398 1295 ponomum
424 1250 657 1288 Cbefflianorum
681 1247 881 1292 saplentiffimi
899 1247 1098 1288 custodiebant
1109 1273 1120 1288 ,

243 1311 318 1345 quos
330 1299 483 1334 monachos
496 1307 626 1333 vocant.
654 1298 757 1347 Qod
782 1299 886 1342 ipsum
911 1298 1019 1333 laudat
1044 1300 1121 1332 San·

242 1355 311 1387 Qus
321 1349 548 1394 Theophanes
561 1373 567 1381 .
599 1348 643 1382 Et
656 1360 714 1392 pro
726 1346 922 1383 Theodofio
935 1349 1122 1391 Campaniae

242 1399 374 1436 Abbate
386 1401 426 1435 ad
437 1399 663 1435 Maurentium
678 1398 839 1432 Romanae
861 1399 988 1432 militiae
1007 1406 1122 1432 contra

243 1450 398 1496 Paganos
428 1448 667 1494 Longobardos
687 1446 886 1491 Magistrum
913 1447 1023 1481 scribit
1049 1449 1123 1481 Ma-

244 1510 330 1546 gnus
351 1499 550 1543 Gregorius:
579 1495 745 1537 Theodosius
755 1497 852 1539 asserit
867 1495 902 1540 Ῑὲ
922 1504 955 1530 in
976 1508 1123 1530 murorum

244 1551 358 1595 vigiliis
375 1550 457 1583 ultra
470 1554 549 1582 vires
558 1546 632 1590 suas
641 1545 830 1580 vehementer
842 1547 938 1589 affligi
951 1571 958 1578 .
987 1550 1122 1580 Petimus

245 1611 313 1644 ergo
323 1600 457 1632 Gloriam
477 1598 602 1638 vestram
615 1621 625 1637 ‚
651 1606 684 1629 ut
701 1594 841 1637 fiquidem
854 1595 893 1637 fit
913 1596 1038 1637 poffibile
1050 1622 1060 1637 ‚
1088 1598 1124 1629 de

244 1651 344 1684 eodem
353 1659 435 1682 onere
444 1650 613 1682 relevetur.
641 1647 693 1680 Ex
707 1646 887 1680 necessitate
900 1647 1059 1689 permittit
1087 1645 1124 1678 il-

245 1698 314 1734 lum
325 1710 400 1733 cum
412 1699 476 1732 suis
487 1694 666 1731 Monachis
678 1695 717 1729 ad
737 1707 821 1730 onus
845 1695 928 1729 istud
955 1694 1120 1739 impendi.

249 1750 351 1796 Qod
363 1750 443 1783 item
451 1747 641 1782 venerabilis
653 1745 837 1780 Ademarus
850 1746 1020 1779 podiensis
1034 1745 1124 1788 Epis-

246 1809 348 1842 copus
360 1795 629 1832 lorica&oasside
653 1795 783 1830 vestitus
808 1797 840 1828 in
862 1796 1035 1829 Saracenos
1059 1807 1128 1838 pro-

246 1849 377 1884 cesserit
388 1870 398 1888 ,
425 1857 522 1890 atque
534 1848 567 1880 in
581 1846 638 1879 ista
650 1846 734 1879 veste
749 1845 788 1879 ad
800 1845 921 1879 milites
933 1845 1034 1879 etiam
1047 1856 1126 1878 con·

247 1898 399 1933 cionatus
411 1897 527 1936 fuerit,
554 1906 629 1929 cum
650 1895 722 1928 aliis
738 1895 915 1928 testaturin
937 1895 1014 1929 sacri
1043 1894 1127 1928 Belli

247 1946 398 1981 Historia
436 1945 601 1979 Robertus
637 1943 827 1978 Monachus
854 1944 1026 1978 Remenfis
1048 1969 1055 1975 .
1085 1943 1129 1977 Et

247 1998 339 2042 plura
360 1998 434 2031 sunt
453 1994 613 2038 ejusmodi
640 1994 791 2036 exempla
818 2017 824 2024 .
852 1995 946 2041 Qin
969 1995 1003 2028 δε
1025 1998 1128 2029 VVer·

246 2046 376 2083 nerium
400 2045 588 2083 Abbatem,
618 2043 706 2084 quod
730 2044 899 2077 adversum
926 2042 1130 2077 Christianos

250 2096 491 2141 Longobardos
537 2094 701 2128 defenfiva
740 2093 901 2127 Romanae
938 2093 1024 2127 urbis
1044 2103 1131 2126 arma

249 2148 426 2190 sumpsisset
440 2170 452 2187 ‚
475 2146 565 2187 supra
579 2143 763 2177 audivimus
784 2143 1008 2178 commendari
1030 2143 1048 2177 a
1066 2144 1133 2176 Ste-

250 2195 360 2239 phano
386 2194 527 2230 secundo
546 2220 553 2227 .
582 2193 694 2228 Etiam
718 2192 841 2227 dudum
865 2193 975 2236 postea
999 2192 1132 2226 rebelles

250 2245 308 2279 sibi
322 2245 490 2279 Romanos
501 2255 696 2288 oppugnans
709 2243 887 2287 Gregorius
897 2253 1003 2276 nonus
1015 2243 1134 2276 exerci-

251 2296 300 2329 tui
311 2295 369 2328 suo
381 2296 518 2338 praefecit
530 2295 665 2332 Petrum
681 2293 938 2327 vintoniensem
959 2292 993 2325 iu
1006 2291 1132 2336 Anglia

1096 174 1656 216 Comerrsusi.

1874 178 1968 226 179

1181 252 1374 295 Episcopum
1388 275 1398 292 ‚
1423 249 1511 294 quod
1521 249 1686 293 insigniter
1708 247 1797 281 dives
1817 249 1916 289 effer,
1937 248 1973 282 δε
1992 258 2058 283 me-

1179 303 1241 335 lius
1255 313 1396 346 pugnare
1421 312 1459 334 ac
1483 298 1652 343 disponere
1676 299 1779 332 aciem
1806 298 1930 338 nosset,
1956 299 2056 341 quatri

1177 351 1395 396 Evangelium
1425 349 1597 393 praedicare
1618 374 1625 382 .
1663 348 1712 382 Ita
1738 345 1847 381 scribit
1882 347 2060 382 Matthaeus

1178 401 1355 435 Parisiensis
1368 426 1375 432 .
1403 400 1447 433 Et
1455 399 1591 434 obsessas
1604 399 1621 433 a
1632 398 1738 433 Fideli
1758 397 1901 432 exercitu
1910 398 2060 433 civitates

1178 452 1277 485 etiarn
1290 450 1390 485 hodie
1405 451 1553 483 videmus
1565 449 1606 483 ab
1617 449 1748 484 armatis
1770 447 1907 482 Clericis
1929 449 1963 481 ὃ(
1983 448 2060 483 Mo·
2076 474 2109 503 A·
2147 483 2235 511 12'4·

1181 499 1291 535 nachis
1302 499 1434 535 defendi
1449 524 1456 531 .
1478 499 1547 546 Qii
1561 510 1630 532 mos
1645 498 1837 533 invalescere
1848 497 1941 541 caepit
1955 522 1969 554 ,-
1977 498 2064 541 post-
2081 522 2165 551 1²35·
2183 495 2194 511 ³

1179 562 1277 595 quam
1286 551 1441 585 Clemens
1455 550 1592 592 quintus
1599 548 1643 581 ob
1654 548 1860 582 commissum
1873 558 1950 582 cum
1960 548 2064 582 incul-

1179 611 1258 644 patae
1270 601 1376 635 tutelae
1387 598 1612 633 moderamine
1622 596 1843 632 homicidium
1864 598 1970 634 sanxit
1993 608 2064 633 non

1181 651 1296 685 incurri
1312 649 1599 695 irregularitatem.

1229 700 1377 734 Adversa»,
1391 710 1500 733 tamen
1508 696 1674 730 sententiae
1684 697 1748 730 fuit
1762 698 1796 730 in
1814 697 1980 734 Ilerdenfis
2007 702 2066 744 Sy-
2078 706 2152 745 Cap.
2182 714 2208 734 r.

1182 750 1270 783 nodo
1285 750 1465 791 Hispanica
1481 745 1622 781 Ecclesia
1635 768 1645 785 ,
1674 745 1817 780 statuens
1832 747 1873 781 de
1885 749 1977 783 sacris
1989 751 2065 784 Cle·

1182 800 1255 832 ricis
1270 812 1280 831 .·
1306 803 1342 832 In
1354 798 1505 840 obsidionis
1517 797 1673 836 neceffltate
1682 796 1767 838 positi
1779 796 1818 829 ab
1839 804 1918 829 omni
1937 798 2066 835 humano

1178 848 1322 892 sanguine
1346 849 1532 889 abstineant,
1560 853 1651 880 etiam
1676 846 1786 886 hostili.
1818 845 2066 884 Praevaricantes

1182 900 1272 943 cogit
1282 899 1321 933 ad
1335 899 1476 933 duorum
1490 908 1653 931 annorum
1680 897 1909 938 poenitentiam
1922 921 1933 938 ‚
1958 898 1991 931 δε
2015 910 2068 932 ve-

1184 958 1229 983 tat
1254 949 1295 982 ad
1314 949 1429 983 altiora
1452 947 1656 991 promoveri.
1684 945 1851 991 Loquitur
1871 946 1911 981 de
1937 947 2068 982 obsessis

1184 1011 1233 1042 per
1255 998 1411 1038 Gothos,
1446 998 1596 1041 pessimos
1619 1007 1698 1030 tunc
1718 997 1861 1032 Arianos
1876 1022 1883 1030 .
1911 998 2067 1041 Ejusdem

1185 1049 1345 1083 sententiae
1357 1049 1418 1083 fuit
1430 1049 1594 1083 Nicolaus
1608 1047 1730 1090 primus
1741 1047 1901 1082 Pontifex
1913 1071 1923 1087 ,
1949 1048 1990 1082 de
2011 1060 2068 1083 ne·

1186 1101 1250 1133 scio
1261 1110 1327 1142 quo
1353 1098 1504 1140 Clerico,
1532 1099 1589 1141 qui
1613 1098 1786 1141 Paganum
1813 1098 2066 1132 Nortmannum

1186 1150 1215 1182 in
1232 1149 1316 1182 bello
1327 1148 1488 1183 occiderat
1501 1173 1510 1188 ‚
1538 1146 1680 1181 scribens
1692 1148 1732 1180 ad
1743 1147 1966 1182 Humfredum
1990 1148 2069 1183 Mo-

1186 1199 1344 1232 rinensem
1368 1199 1568 1242 Episcopum
1590 1210 1598 1228 :
1640 1201 1713 1229 Non
1733 1206 1845 1239 oportet
1871 1199 1915 1231 ad
1934 1200 2068 1242 gradum

1183 1252 1322 1286 maiorem
1337 1248 1466 1290 provebi
1481 1274 1491 1289 ,
1518 1253 1569 1290 qui
1578 1258 1678 1280 carere
1691 1247 1780 1282 debet
1797 1255 1890 1282 etiam
1910 1247 2067 1291 acquisito.

1185 1300 1334 1332 Homicida
1360 1305 1441 1332 enim
1462 1298 1514 1338 est.
1546 1297 1657 1331 Exstat
1686 1298 1833 1341 Epistola
1861 1300 1894 1331 in
1923 1299 2070 1333 Decreto

1188 1349 1294 1382 Sansti
1308 1349 1432 1383 lvonis.
1460 1349 1553 1382 Hinc
1565 1348 1598 1382 &
1611 1348 1735 1382 Carolo
1747 1348 1854 1382 Calvo
1869 1350 2075 1383 Francorum
2099 1349 2159 1380 Lib.
2181 1355 2208 1379 6.
2228 1357 2254 1378 c·

1190 1399 1292 1442 Regi,
1319 1399 1375 1440 qui
1389 1398 1428 1432 ad
1443 1400 1633 1432 Romanam
1647 1397 1821 1440 Synodum
1847 1409 2005 1433 evocatos
2029 1399 2070 1431 E·
2098 1401 2158 1421 1²0·

1187 1449 1334 1491 piscopos
1355 1450 1516 1489 scripserat
1540 1448 1693 1488 occupari
1717 1448 1750 1479 in
1773 1449 1947 1482 maritimis
1967 1449 2075 1482 adver-

1190 1499 1257 1531 sum
1277 1498 1427 1541 Paganos
1440 1497 1670 1530 Nortrnannos
1684 1496 1807 1540 vigiliis
1819 1522 1829 1537 ,
1858 1498 1920 1532 fuit
1934 1499 2075 1542 graviter

1189 1547 1399 1590 indignatus.
1427 1546 1527 1580 Hanc
1538 1548 1599 1580 effe
1624 1557 1753 1589 gravem
1774 1547 1886 1590 Regni
1905 1550 2077 1583 consuetuf·

1187 1596 1300 1630 dinem
1310 1596 1439 1638 questus
1462 1595 1546 1639 apud
1573 1595 1715 1629 eundem
1738 1596 1940 1631 Pontificem
1964 1599 2029 1632 fuit
2047 1610 2079 1632 e·-
2097 1582 2145 1619 ΕΓ·
2180 1584 2223 1610 Ζῶ

1189 1647 1268 1680 tiam
1293 1648 1495 1680 Hincmarus
1519 1646 1735 1688 Metropolim
1762 1645 1947 1681 Remensis.
1978 1649 2020 1682 Et
2042 1649 2077 1683 in

1189 1697 1350 1737 opusculo
1372 1696 1414 1729 de
1438 1696 1590 1739 Episcopi
1615 1697 1728 1729 officio
1750 1696 1879 1731 scribit:
1907 1697 2076 1741 Epiftopus·

1190 1745 1273 1778 debet
1287 1747 1427 1779 militiam
1441 1748 1484 1777 ad
1499 1746 1618 1779 Sanc‘lae
1638 1745 1775 1786 Ecclefiae
1796 1746 1986 1790 defensionem
1999 1773 2009 1788 ,
2030 1747 2074 1791 Je·

1189 1797 1318 1828 cundum
1339 1796 1538 1837 poffibz'litatis
1560 1802 1759 1837 quantitatem
1772 1821 1781 1835 ,
1800 1799 1898 1837 juxta
1922 1805 2078 1840 antiquam

1192 1843 1429 1888 consuetudinem
1442 1840 1542 1889 Regiae
1562 1845 1743 1888 dispofitioni
1761 1847 1900 1881 exhibere
1915 1873 1923 1880 .
1946 1848 2078 1889 Verba,

1187 1898 1281 1936 juxta
1320 1903 1477 1937 antiquam
1502 1895 1736 1938 consuetudinem
1757 1921 1767 1936 ‚
1793 1897 1929 1932 edicunt
1952 1909 2081 1934 morem

1193 1944 1280 1978 hunc
1295 1944 1488 1978 Canonibes
1499 1947 1656 1979 adversari
1671 1970 1677 1976 .
1709 1946 1852 1981 Videtur
1866 1959 1915 1982 res
1923 1950 1985 1982 effe
1996 1949 2081 1983 arbi-

1193 1994 1244 2028 trii
1259 2019 1270 2034 ,
1295 1996 1378 2029 circa
1392 2005 1490 2038 quam
1502 1996 1636 2039 quisque
1665 1996 1760 2038 poffit
1779 1996 1944 2032 abundare
1968 1999 2003 2032 in
2022 2000 2081 2034 suo

1195 2045 1284 2078 sensu
1301 2069 1311 2084 ,
1342 2045 1392 2078 siii'
1427 2047 1514 2078 atius
1535 2046 1675 2082 rationes
1699 2047 1851 2081 Domino
1875 2047 2079 2082 redditurus.

1197 2093 1351 2138 Rogandi
1367 2095 1497 2128 interim
1519 2096 1552 2130 ὅ(
1581 2097 1783 2131 admonendi
1805 2099 1878 2131 sunt
1900 2096 2081 2134 Christiani

1198 2144 1363 2188 Principes
1375 2170 1385 2184 ,
1412 2154 1449 2178 ut
1462 2146 1569 2179 insuis
1579 2146 1677 2180 etiam
1689 2145 1884 2180 obsessarum
1904 2147 2079 2184 civitatum

1197 2193 1366 2228 defensivis
1375 2194 1469 2227 bellis
1482 2194 1629 2228 Clericus
1651 2207 1688 2229 ac
1711 2194 1900 2231 Monachos
1920 2209 1989 2233 non
2014 2210 2082 2242 per-

1199 2244 1352 2284 mittant,
1379 2242 1480 2287 longe
1505 2245 1614 2278 minus
1635 2254 1757 2290 cogant
1778 2257 1866 2283 arma
1888 2259 2022 2293 gerere,
2045 2250 2080 2283 &

1197 2294 1334 2337 propriis
1346 2292 1499 2327 manibus
1515 2305 1659 2339 pugnare
1673 2321 1680 2327 .

654 2424 1345 2574 CANON
1445 2430 1663 2578 vii.

257 2655 437 2791 NE
471 2657 570 2723 quis
605 2655 804 2707 Clericus
842 2657 912 2707 vel
947 2657 1105 2711 Laicus
1141 2654 1282 2711 usuras
1317 2669 1556 2711 exerceret,

456 2845 944 2900 Sciror1on.

357 2992 385 3028 E
398 2991 589 3028 Gentilibus
602 2995 770 3033 Germanis
795 2999 905 3035 scribit
925 3001 959 3034 in
981 3000 1066 3036 libro
1090 3000 1130 3036 de

382 3045 520 3088 ipsorum
531 3045 675 3079 moribus
687 3046 860 3084 Cornelius
876 3051 1034 3085 Tacitus:
1065 3057 1131 3086 Foe-

261 3103 319 3127 nus
331 3104 481 3136 exercere,
508 3096 542 3128 er
554 3101 585 3127 in
605 3093 708 3138 usuras
717 3100 868 3133 extendere
884 3124 894 3140 ‚
912 3107 1043 3145 ignotum
1051 3103 1133 3143 apud

263 3147 427 3176 Germanos
440 3167 450 3185 ,
474 3146 591 3187 ideoque
614 3152 710 3189 magis
728 3145 869 3189 servatur
894 3171 905 3190 ‚
929 3162 1018 3192 quam
1033 3151 1063 3191 fi
1083 3163 1131 3184 ve·

258 3199 350 3227 titum
360 3194 438 3236 esset.
473 3194 528 3227 Est
540 3196 608 3229 laus
620 3195 898 3239 incomparabilis.
918 3199 1029 3232 Usura
1042 3201 1131 3244 quip-

258 3244 299 3287 po
310 3243 354 3277 est
366 3243 488 3276 crimen
499 3243 534 3276 in
547 3243 691 3283 humano
703 3257 836 3290 genere,
861 3247 947 3290 apud
959 3247 1109 3283 Gentiles
1120 3275 1130 3291 ,

257 3292 384 3337 Judaeos
406 3314 417 3331 ,
453 3293 497 3326 ὃς·
522 3292 723 3329 Christianos
760 3296 951 3331 damnatum
989 3298 1131 3342 semper,

260 3342 448 3387 semperque
473 3344 666 3387 grassatum.
692 3345 799 3389 Ipsum
827 3347 914 3381 duris
938 3347 972 3381 δε
998 3348 1132 3383 carnali-

1197 2861 1262 2888 tem
1276 2851 1372 2888 fuisse
1382 2850 1613 2897 dispensatorie
1635 2850 1840 2896 permissum.
1874 2849 2070 2886 Existimern

1196 2904 1384 2948 permissum
1397 2904 1430 2936 in
1445 2903 1530 2937 solos
1541 2903 1748 2938 Chananaeos
1765 2926 1776 2943 ,
1805 2902 1860 2945 qui
1873 2901 1945 2944 ipsis
1968 2900 2070 2934 dona«⁵

1195 2963 1243 2988 tas
1265 2954 1283 2987 a
1305 2955 1381 2989 Deo
1404 2953 1572 2998 Regiones
1596 2953 1707 2997 inique
1733 2950 1922 2987 detinebant
1937 2976 1944 2983 .
1971 2951 2069 2984 Hanc

1194 3004 1360 3037 Deusillis
1386 3004 1526 3047 permisit
1548 3003 1848 3045 compensationem
1861 3001 1870 3031 .’
1895 2999 2069 3049 Qidquid

1195 3054 1249 3093 fit,
1277 3053 1334 3085 sub
1347 3053 1467 3099 Qinti
1482 3052 1741 3087 Fabii&Publii
1762 3050 1860 3084 Decii
1885 3051 2068 3086 Consulatu

1192 3103 1297 3137 multa
1312 3102 1429 3135 Romae
1440 3102 1537 3134 fuisse
1547 3101 1694 3145 prodigia
1707 3099 1815 3134 scribit
1828 3100 1932 3135 Titus
1954 3100 2067 3134 Livius

2104 1926 2156 1963 Ep.

1194 3202 1239 3235 ria
1253 3202 1392 3246 Paganae
1407 3200 1534 3243 pietatis
1555 3200 1663 3234 officia
1676 3223 1686 3241 ,
1728 3201 1813 3234 inter
1836 3211 1907 3243 quae
1934 3202 2067 3235 fuerunt
2086 3218 2128 3244 24.

1194 3253 1396 3285 foeneratores
1440 3250 1584 3284 mulctati
1607 3249 1702 3285 bonis
1721 3251 1885 3284 conversis
1912 3251 1946 3284 in
1974 3262 2067 3285 orna-

1194 3312 1301 3335 menta
1327 3300 1522 3343 templorum
1545 3323 1555 3341 ,
1578 3300 1614 3334 ἀ
1644 3299 1843 3343 publicarum
1869 3301 1993 3335 viarum
2020 3311 2065 3333 re-

1193 3349 1394 3394 parationem
1407 3373 1414 3382 .
1443 3350 1606 3395 Angelica
1627 3350 1733 3385 Sansti
1745 3348 1887 3384 Thomae
1898 3350 2041 3385 doctrina
2053 3370 2063 3387 .

259 3390 319 3449 bus
346 3393 525 3435 Judaeorum
560 3393 722 3429 mentibus
760 3397 919 3431 Doctores
957 3398 1130 3442 gravissimi
1193 3400 1332 3435 usuraria
1355 3400 1442 3434 lucra
1455 3400 1613 3435 mandans
1633 3400 1879 3435 foeneratoribus
1899 3399 2001 3442 eripi,
2027 3399 2061 3432 δε

264 3442 451 3477 existimant
476 3443 510 3476 in
536 3453 710 3479 extraneos
733 3446 779 3480 ob
805 3445 928 3484 vitandi
963 3448 1133 3485 d-ifficulta-
1194 3450 1228 3485 in
1254 3448 1405 3495 publicos
1430 3450 1578 3485 Ecclesiae
1593 3461 1649 3485 aut
1675 3450 1876 3496 Reipublicae
1901 3450 1974 3481 usus
1997 3447 2054 3483 im-

361 3491 466 3534 Cbrlst.
480 3496 559 3536 Lupi
569 3497 655 3537 oper.
666 3498 744 3530 Tom.
756 3498 807 3531 IV.

1537 3499 1566 3533 Z
1615 3513 1637 3539 2
1885 3496 1983 3543 pendi
1994 3520 2007 3537 ‚

2178 1929 2225 1960 4⁶,

1195 3153 1227 3186 iri
1242 3152 1344 3195 prima
1357 3151 1489 3184 Decade
1504 3175 1513 3191 ,
1540 3151 1648 3193 eisque
1657 3150 1904 3184 averruncandis
1920 3152 2003 3184 facia
2015 3162 2069 3185 va·
2084 3127 2240 3206 ὲηζὲοὲε
