2352 3736
359 175 414 203 Da
450 157 720 200 LArmoauM
746 144 1079 194 &neopolim
1102 159 1160 198 ‚er-
1184 138 1834 200 Cteruoou'timtcont-firmuis.
1922 149 1975 204 ξι

218 241 321 279 dine,
346 249 384 272 ac
405 237 475 280 ipsis
498 236 605 270 forsan
627 231 752 267 Sanctis
765 229 932 276 Apostolis
964 226 1079 261 vetitas
1094 250 1105 266 ‚

223 289 394 332 solumque
409 286 496 332 prius
521 285 676 330 initarum
697 282 789 328 usum
811 278 997 327 permissum
1016 302 1026 318 ‚
1053 288 1104 310 va-

223 340 274 374 rio
296 337 487 381 authentico
514 333 706 379 testimon-io
724 330 779 365 “est
803 331 894 375 supra
919 327 1103 371 ostensum5

224 378 400 424 Ostensum
411 386 455 429 est
470 410 481 425 ,
508 383 597 429 quod
609 383 776 426 antiquam
799 389 958 422 novarum
979 378 1106 421 nuptia-

226 451 299 474 rum
315 431 576 481 interdistionem
587 434 721 478 Nicaea:
735 428 886 474 Synodus
897 427 1105 471 confirmarit.

227 476 500 523 Eratffit'drdictio
512 482 652 519 omnine>
664 481 811 527 irritans.
839 478 934 512 Hinc
955 478 1044 512 enim
1057 479 1107 521 Jo-

227 539 381 573 vinianus
402 531 440 571 ‘&
461 532 664 580 Vigilantius
684 555 696 572 ,
731 528 943 574 „Clericorum
965 527 1106 573 inconti-

220 589 341 626 mentia
353 579 506 629 Latinam
516 582 692 624 Ecclesiam
703 579 867 625 maculare
896 579 1007 614 conati
1019 602 1031 620 ‚
1057 586 1108 612 ne-

222 630 393 683 quaquam
403 630 503 671 novas
514 631 580 667 illis
590 632 721 676 nuptias
730 654 741 672 ‚
761 629 852 675 quod
865 641 910 664 ex
928 628 1105 675 antiquissi-

230 700 287 726 mo
306 681 401 730 'atque
419 684 557 720 Nicaeuo
575 683 720 717 Canone
741 682 871 716 nossent
892 679 998 725 irritas
1018 704 1029 721 ,
1055 678 1107 713 sed

229 739 334 782 solum
348 733 440 779 ‘prius
450 733 605 779 irritatum
627 735 722 768 usum
746 731 978 775 permiserunt.
1007 729 1108 775 Qod

225 779 451 831 Vigilantiam
464 784 617 828 Episcopi
628 781 834 829 ordinandos
855 780 873 814 ὲ
893 781 925 814 se
936 781 1108 823 Diaconos

222 835 376 880 adprius
397 833 538 869 ineunda
565 833 720 878 conjugia
730 844 803 867 eam
816 830 860 866 ob
870 831 1002 879 causam
1013 840 1110 875 coge-

225 894 298 921 rent
310 880 332 926 ‚¹
347 887 439 930 supra
449 883 632 920 audivimus
642 884 662 918 a
673 884 791 930 Sansto
811 882 1026 927 Hieronymo
1036 906 1043 912 .
1070 880 1109 913 In

226 935 318 972 nulla
332 935 411 970 item
422 936 541 981 Latina
553 934 729 979 Provincia
740 957 752 975 ,
777 942 834 967 aut
844 930 1004 977 Parochia
1027 931 1110 976 legi,-

227 996 303 1021 mus
329 996 417 1022 nova.
434 985 596 1030 majorum
617 982 823 1029 Clericorum
842 982 998 1028 conjugia
1014 981 1109 1017 fuisse

228 1037 313 1071 olim
331 1037 467 1082 grassata
491 1060 504 1076 ‚
530 1035 660 1081 nullum
683 1034 830 1069 adversus
851 1033 908 1068 illa
936 1034 1110 1077 antiquum

231 1086 426 1129 Canomm,
452 1087 511 1122 nisi
525 1085 612 1121 hunc
623 1086 760 1121 unicum
775 1084 876 1129 tertiae
899 1083 1027 1126 Synodi
1045 1081 1114 1119 Aur

230 1137 440 1182 relianenfis;
468 1137 596 1178 Clerici,
621 1142 749 1179 quicum
759 1146 866 1169 uxores
880 1146 938 1167 non
947 1134 1113 1173 haberent,

230 1187 426 1231 benedic‘lione
439 1186 576 1230 suscepta
599 1189 730 1229 conjugia
743 1186 934 1220 crediderunt
955 1184 1091 1228 eligenda
1104 1207 1114 1223 ,

232 1243 285 1281 qut·
315 1239 447 1271 volentes
459 1236 569 1280 absque
583 1238 644 1271 ulla
665 1238 868 1270 reclamatione
878 1239 912 1267 in
935 1243 1026 1269 aetate
1047 1235 1116 1277 legt÷

229 1292 310 1322 tima
323 1287 446 1330 fuerint
473 1288 626 1327 ordinati,
650 1298 717 1320 cum
735 1285 802 1328 ipfis
824 1285 1014 1326 mulieribus,
1040 1294 1115 1327 quas

232 1344 398 1380 acceperint
418 1363 430 1379 ,
453 1342 746 1381 excommunicatione
761 1338 961 1378 percellantur
985 1360 992 1367 .
1021 1334 1113 1379 ,Quod

227 1387 258 1430 fi
263 1393 381 1422 invitus
402 1389 455 1422 vel
464 1390 628 1422 reclamans
635 1386 736 1428 fuerit
754 1387 911 1421 ordinatus
923 1410 934 1424 ,
961 1385 1000 1418 ab
1024 1386 1110 1426 officio

233 1439 355 1481 quidem
367 1439 534 1480 deponatur
545 1461 557 1476 ,
578 1436 638 1480 Jed
648 1438 668 1477 ᾖ
678 1440 875 1468 communione
894 1445 950 1467 non
957 1435 1090 1476 pellatur
1103 1460 1109 1466 .

234 1486 402 1531 §Epistopuc
421 1494 520 1528 autem
532 1490 584 1528 qui
603 1491 735 1519 invitum
745 1494 799 1518 aut
818 1486 1027 1518 reclamantem
1032 1493 1111 1526 prae-

231 1535 393 1581 sumpserit
415 1536 556 1569 ordinare
579 1559 591 1576 ‚
614 1537 737 1569 annuali
763 1540 952 1577 poenitemiae
970 1533 1111 1577 subditus

231 1586 338 1630 vMtffat
349 1585 457 1628 facete
479 1597 537 1619 non
558 1584 726 1629 praeficmat
743 1610 752 1620 .
779 1585 904 1619 Similis
925 1584 970 1618 est
995 1585 1113 1619 Canon

231 1638 352 1672 octavae
363 1636 539 1671 Toletanae
547 1635 674 1679 Synodi
687 1649 694 1668 :
721 1636 859 1669 Relatum
869 1634 907 1675 est
920 1635 1002 1667 nobis
1012 1659 1022 1676 ,
1033 1633 1114 1677 quos-

235 1688 309 1729 dam
319 1685 512 1731 Subdiaconos
524 1710 535 1726 ‚
561 1698 619 1720 non
627 1685 724 1730 solum
733 1692 832 1721 carnis
854 1686 1048 1718 immunditia
1055 1682 1115 1728 sor·

235 1737 340 1771 dtdari
352 1761 372 1777 .,
392 1735 452 1781 sed
469 1742 560 1779 etiam
584 1761 595 1776 ,
620 1737 700 1779 quod
719 1737 802 1771 dictu
825 1735 912 1777 nefas
935 1734 972 1775 est
992 1760 1002 1776 ,
1029 1740 1115 1769 novis

231 1786 378 1827 uxoribus
388 1787 519 1831 copulari
528 1809 540 1827 ,
565 1786 718 1831 afferentes
732 1787 783 1820 boc
794 1785 919 1830 ideofibt
927 1786 1012 1819 licere
1021 1810 1032 1827 ,
1047 1791 1118 1827 quia

234 1837 462 1880 benedifflionem
473 1838 494 1870 ἃ
507 1837 647 1879 Pontifice
655 1835 688 1879 se
698 1836 830 1882 neJ'ciune
847 1832 1000 1879 percepisse
1009 1861 1016 1867 .
1048 1838 1115 1868 Pro-

234 1888 306 1921 inde
315 1891 395 1920 omni
405 1885 626 1930 excusationum
641 1885 750 1931 disctffii
761 1887 911 1921 velamine
930 1888 966 1919 id
981 1891 1118 1928 praecipt-

234 1946 304 1970 mus
315 1934 467 1980 observari
478 1961 488 1977 ‚
504 1941 537 1970 ut
550 1949 615 1971 cum
624 1934 713 1971 iidem
724 1937 918 1971 subdiacones
926 1938 1117 1979 ordinantur,

231 1997 299 2020 cum
309 1985 388 2028 vasti
399 1986 549 2025 ministerii
560 1987 723 2022 benedifflo
739 1996 786 2021 eis·>
804 1988 842 2022 ab
854 1985 998 2030 Episcopo
1012 1988 1096 2019 detur
1108 2009 1118 2035 2

228 2035 303 2079 ficut
312 2042 345 2069 ln
354 2035 532 2079 quibusdam
555 2036 690 2079 Ecclefiis
709 2037 839 2078 vetustas
852 2039 948 2070 tradit
973 2041 1116 2078 antiqua.

234 2085 548 2123 Irritati'Cleticalis
567 2086 772 2122 matrimonii
793 2087 1047 2121 fundamentum
1073 2085 1117 2120 est

54 1156 131 1194 cap·
148 1163 177 1198 ,72

57 1653 132 1691 ,(ἶὲΡ·
153 1655 183 1692 ,69

234 2137 380 2171 solemne
391 2135 548 2173 castitatis
559 2146 673 2172 votum
685 2151 693 2171 :
719 2134 850 2171 Votum
861 2138 950 2171 sacro
963 2136 1117 2179 quopiam

235 2186 387 2221 Ecclesiae
397 2186 461 2222 ritu
478 2186 663 2232 sigillatum.
674 2206 681 2215 ,-
690 2186 794 2222 Porro
804 2187 971 2222 Gallicani
982 2198 1023 2230 qru
1029 2184 1115 2220 idam

235 2235 255 2269 ἱ
265 2236 467 2280 Presbyteris
492 2249 530 2272 ac
544 2237 703 2281 Diaconis
718 2237 847 2281 nullum
859 2236 1048 2280 hujusmodi
1065 2247 1120 2270 vo·

238 2293 310 2319 tum
329 2286 508 2333 exigebant
527 2312 538 2328 ,
563 2286 826 2331 ordinabantque
848 2287 947 2331 etiam
974 2286 1118 2326 invitos,

238 2345 278 2367 ac
303 2334 453 2369 adversus·
478 2337 582 2378 ipsum
609 2338 818 2380 protestantes
838 2350 848 2379 ;
874 2335 1007 2380 quidam
1043 2346 1119 2370 vero

238 2383 383 2426 Hispani
395 2384 548 2427 Episcopi
564 2386 598 2419 in
610 2385 768 2420 ordinatis
778 2388 797 2420 a
811 2388 843 2420 se
860 2385 1119 2425 Subdiaconibus

238 2441 357 2467 votum
372 2433 462 2475 nulla
476 2435 634 2469 sacrarum
647 2435 1018 2479 precum-benedidiione
1039 2436 1120 2480 sigil-

238 2481 352 2517 labant
365 2506 377 2523 ,
402 2482 546 2526 ideoque
565 2483 600 2517 hi
619 2484 758 2528 gradum
780 2487 873 2521 suum
891 2497 960 2521 non
980 2486 1043 2520 esi‘e
1073 2486 1121 2520 so=

238 2531 385 2566 lemnem
406 2536 462 2575 a'ut
488 2534 614 2575 sacrum
635 2558 647 2574 ‚
674 2533 723 2568 illi
746 2535 842 2570 licere
863 2536 919 2570 fibi
946 2536 1120 2579 voluerunt

238 2582 380 2627 gratiam
402 2581 571 2625 Ancyrani
604 2584 776 2625 Canonis:
804 2588 930 2627 Diaconi
953 2591 1122 2630 quicumque

238 2631 442 2673 ordinantur,
460 2632 492 2676 fi
511 2638 544 2667 in
566 2632 631 2677 ipsa
641 2636 827 2670 ordinatione
832 2635 988 2679 protestati
1001 2635 1063 2678 sint
1088 2638 1123 2679 Ψ

241 2683 373 2725 dixerint
394 2684 471 2717 velle
486 2682 520 2726 se
539 2686 670 2729 conjugio
680 2687 827 2728 copulari,
855 2693 926 2730 qula
939 2685 980 2728 fic
1003 2699 1123 2721 manere

245 2741 301 2763 non
310 2734 410 2778 pffnt
421 2758 432 2774 ,
457 2732 821 2777 bifipostmodum-uxores
832 2738 976 2770 duxerint
985 2762 995 2778 ,
1022 2742 1054 2770 in
1066 2741 1122 2770 Mi-

246 2777 359 2820 tristato
383 2792 546 2825 maneant,
560 2788 718 2827 propterea
739 2789 817 2830 quod
849 2794 892 2821 ets
906 2786 1069 2830 Episcopus
1090 2789 1124 2821 li-

245 2834 373 2885 fenthm
383 2831 498 2866 dederit
511 2860 518 2867 .
546 2834 649 2876 Erant
660 2837 863 2871 causationes
874 2837 998 2872 frivolae
1012 2863 1018 2869 .
1037 2838 1122 2881 lpsas

244 2886 378 2911 interim
390 2881 511 2935 eiecisas
523 2885 637 2921 volens
649 2886 758 2921 Mater
772 2887 912 2932 Ecclesia
924 2913 934 2928 ,
946 2888 978 2922 &
990 2886 1123 2928 Subdia-

244 2938 349 2962 conos
369 2927 520 2984 deinceps
539 2933 687 2974 benedici
710 2936 798 2980 jussit
819 2937 856 2972 in
881 2938 1064 2981 Hispania,
1090 2938 1123 2971 δε

244 2977 384 3016 nanum·
401 2979 446 3035 Ῑξὲ
468 2982 698 3036 Ρῖφῑέίὶιηῑειη
722 2987 857 3022 Gallum
871 2988 906 3022 in
932 2988 1124 3025 Diaconum

245 3028 427 3070 CQFsecrafl
439 3052 447 3059 ·
475 3028 578 3067 V¹des
588 3031 664 3069 item
677 3047 778 3073 novas
788 3037 871 3072 olim
884 3038 1013 3080 nuptias
1027 3038 1043 3071 ὲ
1056 3038 1125 3072 nul-

246 3076 280 3135 lq
308 3088 468 3135 3²1?qu
488 3077 593 3119 latino
615 3082 699 3118 sacro
710 3087 841 3128 Clerico
863 3087 954 3122 fuisse
970 3089 1036 3122 fine
1047 3100 1125 3132 quo-

247 3138 336 3170 P¹³m
347 3137 528 3169 Untantem
541 3129 645 3174 legem
655 3133 823 3179 nubilante
840 3138 919 3173 fuco
930 3148 1104 3176 attentatas
1119 3164 1124 3170 .

249 3176 439 3227 Eademque
451 3178 621 3223 disciPlina
631 3182 736 3225 viguit
758 3184 793 3218 in
803 3178 945 3226 Dioece‘si
969 3188 1125 3231 Illyricia-

249 3238 310 3262 na.
339 3227 431 3262 Hinc
441 3229 529 3271 enim
541 3230 676 3273 Ioannis
690 3233 723 3264 in
737 3233 880 3276 Cretensi
894 3237 1035 3273 Ecclesia
1050 3239 1125 3273 Dia,-

250 3275 329 3311 coni
339 3277 510 3322 sacrilegas
531 3280 660 3324 nuptias
670 3282 804 3325 separari
830 3294 867 3317 ac
887 3287 1049 3322 exsufflari
1073 3278 1127 3331 per

248 3325 392 3362 Paulum
419 3327 669 3376 Metropolitam
694 3332 781 3375 jussit
809 3333 968 3375 pontifex
994 3335 1128 3372 Vitalia*

251 3387 315 3412 nus
327 3401 334 3408 .

249 3451 256 3457 »
303 3425 454 3466 Eandem
476 3428 675 3466 sanctitatem
698 3432 822 3478 semper
831 3433 924 3469 fuiffe
944 3434 979 3468 in
993 3423 1129 3474 Ecclesia

72 2598 143 2636 Cssp·
159 2609 187 2636 99

84 3245 195 3286 Epist-3»

1159 225 1270 270 Graeca
1283 225 1381 261 docet
1394 225 1537 271 vulgaris
1560 227 1682 261 Canon
1692 227 1928 273 ApostolicuSS
1955 230 2046 270 Dinu-
2060 231 2133 269 Cap.
2145 241 2191 266 27·

1157 282 1223 318 ptis
1236 282 1287 319 qut
1297 279 1342 311 ad
1354 277 1472 321 clerum
1488 277 1627 323 prove&
1641 276 1734 320 sunt,
1752 281 1946 322 prece-ipimus
1966 288 2002 313 ut
2017 279 2049 323 fi

1163 329 1308 370 voluerint
1329 339 1435 362 uxores
1455 333 1604 370 accipiant
1617 329 1641 368 ,'
1648 326 1707 371 sed
1716 329 1850 372 LeHores
1877 331 1912 370 (5
1933 326 2044 367 Canto·

1161 387 1208 418 res
1221 386 1356 410 tantum.
1385 378 1499 423 Novas
1511 378 1751 423 nuptias'etiam
1764 378 1971 424 subdiaconis
1980 382 2045 424 esse

1162 426 1203 462 ab
1215 426 1385 470 Apostolis
1399 452 1409 468 ‚
1423 429 1711 474 *atqueaNicaena
1735 429 1816 463 item
1836 430 1976 473 Synodo
1997 431 2047 474 in-

1161 475 1308 512 terdicras
1335 477 1440 512 Graeci
1472 481 1591 519 omnes
1624 478 1808 524 constanter
1843 479 2048 523 asseverant.

1163 527 1363 571 Apostolicae
1393 528 1473 573 item
1493 528 1552 572 sub
1575 530 1683 575 Sancti
1705 528 1888 565 Clementis
1909 531 2047 574 nomine
2064 536 2219 571 Li.6.c.17.

1161 578 1416 612 constitutiones
1441 578 1607 621 Episcopo
1636 603 1647 619 ‚
1688 580 1885 622 Presbytero
1910 591 1922 621 ’,
1949 591 2047 623 atque

1162 628 1317 663 Diacono
1341 628 1423 672 ipsas
1447 628 1650 662 interdicunt
1670 629 1882 673 rigidiffimd,
1907 630 2049 675 solisque

1164 679 1354 713 Lectoribus
1371 679 1406 724 βε
1418 678 1618 723 Cantoribus
1628 678 1805 723 indulgent
1815 705 1822 712 .
1854 679 1899 714 Et
1912 681 2049 715 Nicaena

1164 728 1302 772 Synodo
1313 730 1399 772 prior
1412 727 1534 763 Canon
1547 729 1840 772 Neocaesareenfis:
1870 730 2026 773 Presbyter
2037 755 2049 772 ‚
2066 729 2139 770 §²1²-
2161 734 2187 755 ¹·

1158 778 1188 821 fi
1203 790 1324 823 uxorem
1345 784 1510 823 acceperit,
1535 778 1576 822 ab
1595 779 1698 812 ordine
1720 780 1888 821 deponatur
1912 804 1919 811 .
1944 780 2053 814 Fuitse

1157 831 1272 874 'legem
1283 830 1464 863 irritantem
1474 829 1575 871 liquet
1586 840 1627 863 ex
1641 830 1783 875 superius
1794 828 1933 863 adducre
1946 831 2055 865 Cano-

1166 891 1208 914 ne
1230 880 1337 913 Sancti
1359 879 1470 913 Basilii
1492 892 1500 911 :
1529 884 1746 925 Canonicorum
1766 905 1777 921 ,
1815 880 1869 920 seu
1893 878 2054 921 majorum

1166 930 1371 965 Clericorum
1386 954 1396 970 ‚
1416 929 1577 972 fornicatio
1584 938 1640 972 pro
1652 935 1840 964 matrimonio
1861 941 1920 963 non
1942 938 2055 971 repute-
2072 919 2145 957 9³9¹
2167 918 2211 948 ¹8·

1165 988 1232 1019 tur,
1253 979 1418 1024 sedeorum
1436 981 1600 1022 conjunctio
1611 983 1728 1014 omnino
1751 980 1938 1014 dtvellatur.
1965 979 2059 1014 Pon-

1168 1031 1258 1072 ticae,
1285 1031 1371 1065 intra
1394 1042 1494 1074 quam
1515 1031 1750 1071 Neocaesarea,
1776 1031 1965 1065 Dioeceseos
1987 1029 2059 1064 Pri-

1169 1092 1236 1116 mas
1249 1082 1311 1116 fuit
1323 1081 1481 1123 Basilius,
1508 1080 1649 1126 ideoque
1676 1082 1813 1117 &istius
1825 1082 1978 1116 Canonis
2003 1092 2060 1115 au-

1170 1129 1515 1176 thenticusinterpres.
1542 1131 1587 1177 Et
1597 1143 1713 1167 omnes
1729 1132 1830 1167 hosce
1840 1132 1995 1168 canones
2021 1131 2061 1166 in

1171 1182 1218 1216 sui
1232 1181 1357 1229 codicis
1365 1182 1407 1217 ad
1419 1182 1587 1228 Julianum
1598 1183 1754 1226 Praetorio
1768 1182 1959 1216 Praefectum
1985 1181 2060 1226 lege

1171 1232 1309 1277 innovat
1349 1234 1529 1278 Imperator
1550 1232 1752 1278 Iustinianus
1774 1257 1786 1274 ‚
1813 1232 1977 1266 affirmans
1998 1231 2064 1265 effe

1172 1282 1314 1318 nimium
1333 1283 1470 1325 dulceS,
1494 1282 1636 1328 ideoque
1652 1283 1779 1319 addens
1802 1293 1895 1317 natas
1918 1294 1961 1317 ex
1981 1281 2063 1325 ejus-

1174 1333 1267 1378 modi
1290 1334 1559 1379 constupratione
1579 1333 1710 1378 proles,
1737 1346 1798 1369 nec
1810 1332 1974 1379 legitimas
1998 1331 2062 1366 effe

1175 1394 1230 1418 aut
1253 1384 1422 1428 proprias,
1448 1383 1519 1429 imo
1545 1395 1607 1419 nec
1632 1385 1795 1429 naturales
1816 1408 1827 1424 ,
1854 1382 1975 1417 nothas
2001 1389 2061 1416 aut

1177 1435 1294 1478 spurias
1311 1459 1322 1475 ‚
1351 1434 1405 1468 sed
1426 1436 1554 1476 prorsus
1579 1435 1614 1468 &
1638 1433 1788 1477 undique
1813 1432 1998 1477 prohibitas
2025 1442 2064 1466 ae

1176 1484 1367 1522 damnatas,
1394 1482 1599 1516 succeffionis
1624 1483 1659 1525 ὅ(
1679 1483 1790 1516 omnis
1810 1482 1910 1524 etiam
1935 1493 1989 1525 per
2019 1482 2066 1515 in·
2085 1492 2146 1520 [Α.
2165 1490 2242 1527 τῖμς,

1177 1533 1364 1576 terpofitam
1375 1534 1545 1576 personam
1559 1532 1751 1567 donationis
1770 1533 1940 1576 incapaces
1968 1541 2067 1574 atque
2084 1541 2157 1566 ⁶³45·

1178 1584 1355 1628 indignas,
1379 1581 1533 1616 adinstar
1553 1582 1683 1617 illarum
1707 1594 1778 1627 quae
1797 1595 1839 1618 ex
1863 1581 2002 1616 incaestis
2028 1593 2067 1615 ac

1180 1634 1310 1668 nefariis
1323 1632 1446 1676 nuptiis
1468 1635 1664 1668 nascuntur.
1694 1634 1776 1680 Qae
1802 1633 1910 1677 palam
1932 1633 2067 1666 edicunt

1180 1683 1410 1721 omnimodam
1421 1683 1571 1728 conjugii
1594 1683 1781 1718 nullitatem
1795 1709 1802 1715 .
1829 1683 1956 1719 Eadem
1981 1693 2067 1725 repe·
2087 1690 2159 1724 Lege
2176 1697 2202 1722 5.

1180 1734 1221 1769 tit
1235 1735 1270 1768 in
1281 1732 1406 1768 duabus
1418 1733 1694 1779 novellislegibus
1704 1732 1745 1768 ad
1758 1726 1985 1777 Epipha’nium
2009 1733 2069 1767 Pa·
2087 1738 2112 1758 c.
2137 1732 2162 1756 ⁸·

1181 1781 1353 1820 triarcham
1389 1784 1829 1828 constantinopolitanum·
1846 1783 1982 1818 Penitus
2003 1783 2070 1817 ine-
2089 1770 2161 1804 Lege
2178 1771 2239 1805 ⁶1''

1182 1844 1276 1878 ptum
1300 1834 1345 1868 est
1367 1833 1474 1869 hocce
1499 1835 1654 1878 Dionysii
1676 1833 1862 1869 Godosredi
1887 1834 2070 1879 marginale
2087 1818 2149 1844 σ’ς’

1179 1885 1332 1929 scholion
1358 1898 1368 1919 .·
1395 1881 1556 1927 Verofimile
1578 1885 1617 1926 est
1642 1896 1718 1919 novo
1733 1886 1805 1927 jare
1826 1894 1975 1919 mutatum
1997 1884 2049 1927 esse
2062 1907 2071 1917 .

1175 1940 1206 1980 J
1210 1936 1334 1970 ubentur
1345 1941 1424 1969 enim
1437 1936 1545 1970 Clerici
1556 1935 1763 1970 contrahentes
1781 1942 1905 1978 nuptias
1928 1933 1996 1978 suis
2017 1936 2073 1967 ad-

1182 1985 1295 2020 haerere
1304 1986 1443 2023 uxoribus
1458 2010 1469 2026 ,
1495 1987 1637 2020 Novellae
1656 1985 1802 2030 vigefimae
1815 1985 1954 2030 secundae
1975 1991 2074 2027 capite

1181 2036 1403 2081 quadragesimo
1410 2034 1557 2079 secundo.
1585 2036 1732 2071 Novella
1743 2037 1863 2081 quippe
1888 2037 1948 2071 ista
1969 2036 2076 2079 loqui-

1182 2096 1236 2130 tur
1245 2086 1287 2121 de
1299 2087 1371 2122 solo
1382 2086 1520 2122 Lectore
1533 2112 1540 2119 .
1570 2085 1707 2131 Avitam
1720 2087 1997 2122 consuetudinem
2021 2097 2077 2119 va-

1183 2137 1238 2171 riis
1249 2137 1445 2172 Canonibus
1455 2137 1657 2172 confirmans
1674 2138 1772 2171 etiarn
1784 2136 1950 2171 Trullana
1972 2135 2076 2178 Syno-

1183 2186 1245 2229 dus
1258 2211 1269 2227 ,
1295 2186 1457 2230 eiusmodi
1468 2187 1624 2231 conjugia
1636 2198 1805 2230 tamquam
1818 2186 1942 2220 nefaria
1964 2185 2074 2219 diffor-

1185 2237 1248 2270 vit.
1277 2237 1502 2280 Confirmavit
1525 2237 1562 2281 §c
1575 2237 1647 2271 Leo
1657 2237 1794 2280 Sapiens
1805 2260 1816 2276 ‚
1842 2247 1942 2279 poena
1956 2235 2077 2270 nonni-

1184 2285 1230 2320 hil
1243 2286 1393 2331 mitigata
1404 2312 1412 2319 .
1445 2286 1540 2332 Qin
1553 2286 1623 2328 imo
1634 2287 1669 2319 in
1680 2286 1794 2320 multis
1807 2285 2000 2322 Graecorum
2014 2285 2076 2319 Ec-

1183 2336 1286 2370 clesiis
1298 2337 1393 2370 fuisse
1414 2334 1515 2369 etiam
1539 2336 1730 2380 Lesioribus
1755 2334 2004 2374 &Cantoribus
2026 2336 2078 2369 in-

1183 2385 1327 2421 terdictas
1340 2397 1439 2420 novas
1453 2385 1583 2428 nuptias
1594 2386 1692 2429 docet
1706 2394 1839 2429 quartus
1853 2386 2000 2420 decimus
2011 2386 2078 2420 Ca-

1185 2448 1253 2471 non
1275 2435 1573 2470 Chalcedonensis.
1601 2436 1645 2469 Et
1666 2435 1744 2470 hinc
1767 2434 1808 2470 ad
1833 2435 2074 2479 Ancyranum‚

1183 2486 1238 2530 qui
1251 2486 1413 2521 Diaconis
1426 2485 1573 2519 adversus
1583 2485 1740 2520 castitatis
1752 2485 1983 2529 profeffion'em
2004 2497 2076 2530 pro-

1184 2536 1376 2572 testantibus
1389 2536 1471 2579 ipsas
1482 2536 1640 2580 permittit
1653 2560 1663 2575 ‚
1689 2535 1771 2570 recte
1782 2535 1891 2570 scribit
1906 2535 2070 2571 Theodo-

1184 2599 1235 2622 rus
1255 2586 1449 2621 Balsamon:
1477 2592 1563 2621 Hunc
1587 2591 1739 2620 Canonem
1766 2598 1801 2619 ne
1820 2584 1976 2629 sequaris.
2005 2586 2077 2620 Ad-

1185 2637 1299 2672 versari
1320 2637 1402 2671 dicit
1426 2636 1564 2679 synodo
1587 2637 1730 2671 Nicaenae
1754 2662 1761 2669 .
1788 2636 1871 2671 Item
1894 2635 2076 2671 Novellam

1184 2687 1308 2723 Leonis
1332 2687 1492 2731 Sapientis
1518 2687 1624 2732 legem
1639 2712 1648 2728 ,
1674 2687 1917 2732 permittentem
1938 2686 1956 2719 a
1979 2686 2076 2720 sacris

1186 2737 1323 2773 Clericis
1346 2738 1430 2771 intra
1452 2738 1511 2770 suae
1551 2738 1774 2772 ordinationis
1800 2736 1971 2772 biennium
1997 2735 2076 2768 duci

1186 2799 1301 2823 uxores
1314 2812 1321 2820 .
1348 2787 1461 2821 Etiam
1472 2786 1513 2822 de
1527 2787 1682 2833 Episcopi
1698 2788 1831 2822 licentia
1846 2788 1892 2821 ait
1905 2797 1971 2820 non
1987 2785 2076 2829 posse

1186 2839 1281 2881 duci·
1655 2841 1658 2843 ’

1236 2886 1337 2933 Apud
1351 2899 1410 2922 nos
1422 2888 1562 2923 Latinos
1575 2913 1585 2929 ,
1613 2889 1689 2923 licet
1711 2888 1911 2933 quandoque
1931 2885 2077 2930 graviter

1184 2939 1349 2983 cespitarit
1372 2963 1383 2980 ,
1410 2940 1585 2983 permansit
1596 2949 1707 2974 tamen
1722 2939 1779 2973 ista
1791 2937 1960 2980 disciplina
1974 2936 2077 2979 usque

1186 2989 1226 3025 ad
1249 2988 1396 3023 barbaras
1416 2990 1451 3023 in
1472 2991 1668 3024 Formosum
1689 2988 1889 3023 Pontificem
1920 2985 2055 3028 injurias
2068 3010 2077 3016 .

1188 3040 1240 3073 Ex
1258 3040 1319 3074 isto
1344 3040 1497 3074 scandalo
1519 3050 1595 3074 nata
1625 3039 1791 3074 calamitas
1803 3047 1904 3070 omne
1927 3034 2076 3070 nostrum

1187 3100 1302 3123 aurum
1315 3091 1415 3124 vertit
1427 3091 1461 3123 in
1474 3091 1610 3133 scoriam
1625 3114 1634 3129 ,
1661 3087 1743 3130 adeo
1764 3097 1800 3120 ut
1812 3097 1880 3120 non
1902 3085 1964 3119 soli
1988 3085 2078 3119 Pres-

1189 3138 1295 3182 byteri
1322 3152 1359 3173 ac
1376 3140 1431 3174 alii
1445 3139 1581 3181 majores
1595 3137 1736 3177 Clerici,
1763 3134 1813 3169 sed
1824 3137 1856 3170 &
1867 3136 1925 3180 ipsi
1939 3135 2076 3179 Episco-

1190 3190 1247 3233 pi,
1274 3189 1435 3222 laicorum
1457 3199 1547 3220 more
1583 3211 1594 3227 ‚
1624 3187 1730 3231 palam
1754 3186 1911 3227 ducerent
1932 3197 2077 3226 uxores,

1188 3249 1354 3281 tamquam
1366 3238 1470 3280 sponsi
1480 3246 1733 3279 coronarentur,
1758 3237 1790 3270 δε
1803 3235 1880 3270 festa
1913 3236 2075 3279 nuptialia

1190 3287 1464 3331 impudentiffitne
1480 3285 1697 3327 celebrarent.
1724 3286 1845 3321 Insami
1862 3287 1991 3331 flagit10
2022 3297 2077 3328 po-

1189 3349 1292 3382 tentes
1318 3348 1355 3370 ac
1365 3336 1530 3378 crudum,
1558 3337 1656 3371 etiam
1670 3337 1783 3380 inipsa
1799 3337 1952 3371 Romana
1967 3335 2078 3375 Urbe,

1193 3399 1258 3422 non
1283 3385 1417 3421 defuisse
1435 3395 1588 3430 patronos
1613 3387 1659 3421 est
1684 3388 1776 3431 supra
1788 3387 2046 3422 demonstratum
2060 3407 2075 3426 ,

1190 3435 1273 3474 &de
1285 3436 1399 3472 nefarii
1412 3438 1603 3473 commercii
1614 3437 1783 3473 validitate
1813 3448 1913 3472 nemo
1932 3432 2073 3515 audepat

1972 3493 2013 3517 ve
