2352 3736
632 149 1123 194 DECRETUM

255 232 365 281 spqipti
388 230 561 266 sententias
581 254 587 262 .
626 229 671 264 Et
695 230 729 263 in
751 229 870 272 quinto
896 224 1133 269 capitularium

253 281 338 325 apud
352 281 546 326 Ansegisum
558 279 752 315 Lobiensern
766 279 849 312 libro
858 278 959 311 exstat
974 274 1040 309 haec
1061 275 1133 308 lex:

255 335 471 376 ,qualicumque
483 333 566 364 modo
578 332 700 371 mulier,
713 332 902 371 permittente
914 327 1061 359 canonice
1071 330 1136 358 viro

248 382 304 427 suo
315 408 326 424 ‚
352 393 406 415 aut
418 395 448 415 eo
459 382 598 423 defuneto
609 406 619 422 ,
631 378 874 422 velumsandum
887 382 918 409 in
929 385 1016 417 caput
1028 383 1137 416 accepe-

254 438 297 465 rit
309 458 319 474 ,
344 443 397 466 aut
403 431 509 476 sponte
520 442 573 465 aut
583 436 685 464 t‘nvita
698 453 709 470 ,
731 434 764 461 in
774 440 807 462 eo
813 434 989 469 permaneat
999 428 1117 458 omnino
1129 450 1139 465 ‚

257 490 309 516 nec
319 485 456 516 dimittat
467 507 475 515 .
503 483 546 516 Et
558 482 592 515 in
607 483 665 515 suo
676 480 822 513 Decreto
832 477 966 511 Sanetus
981 476 1039 509 lvo
1063 476 1139 509 Car-

255 534 397 567 nutenfis
407 534 638 576 Episcopusex
663 527 887 573 Moguntina,
914 538 1013 569 quam
1032 526 1067 559 in
1085 535 1140 558 no-

254 594 293 617 va
307 595 386 617 tunc
398 583 503 617 Sancti
517 579 640 614 Albani
654 578 790 612 Basilica
802 575 976 611 celebravit
989 585 1065 610 cum
1079 573 1139 607 Ca-

250 634 328 668 rolo
341 634 470 677 Magno
483 626 663 671 Riculphus
675 625 951 671 Archiepiscopus
964 649 974 665 ‚
1001 623 1141 667 synodo

254 684 347 717 resert
370 682 457 715 hunc
478 679 675 713 Canonem:
703 680 734 711 Si
756 684 822 721 quis
846 686 918 710 ante
937 686 1030 708 annos
1054 675 1131 717 legit}

254 745 314 766 mos
326 730 491 773 tonsuratus
515 728 617 770 estfine
626 726 762 771 consensu
770 737 932 770 parentum
940 724 1060 768 suorum
1074 750 1082 764 ‚
1096 722 1148 764 etsi

253 782 309 824 ipsi
320 782 463 822 parentes
486 779 569 820 infra
579 790 693 812 annum
716 790 774 811 non
794 776 828 820 se
846 777 1079 809 reclamaverint
1099 775 1145 806 ad

254 834 447 873 Principem,
474 838 525 862 aut
552 830 597 861 ad
615 834 773 870 proprium
793 825 992 868 Episcopum,
1020 834 1074 857 aut
1099 826 1144 857 ad

248 882 370 924 Miffuan
392 884 599 918 Dominicum‚
624 884 657 910 in
682 876 743 920 ipso
770 878 921 909 clericatu
942 884 1139 917 permaneat.

250 933 281 963 Si
303 934 375 964 vero
383 929 444 971 post
456 931 600 973 legitimos
611 939 705 960 annos
713 935 769 969 per
799 932 863 960 vim
886 928 1014 959 Clericus
1033 925 1141 967 fac‘l'us

249 980 309 1020 est,
337 979 468 1021 &infra
486 990 597 1011 armum
621 979 663 1010 ad
682 976 778 1020 supra
803 985 981 1009 memoratas
999 974 1142 1019 personas

251 1031 372 1063 minime
388 1028 423 1072 se
441 1031 651 1062 reclamaverit
674 1052 685 1067 ‚
711 1033 743 1060 in
766 1028 917 1061 Clericatu
934 1035 1115 1068 permaneat
1131 1050 1142 1066 ,

244 1080 319 1122 ficut
338 1085 364 1112 is
389 1081 427 1113 de
452 1091 506 1122 quo
516 1078 651 1122 superius
671 1078 785 1110 dic‘lum
810 1077 850 1118 est
875 1102 881 1108 .
910 1075 995 1121 Agit
1020 1076 1140 1110 Canon

249 1131 292 1164 de
326 1129 483 1174 Regulari
515 1131 600 1162 intra
632 1128 806 1161 claustrum
845 1127 1011 1161 Clericatu
1034 1152 1044 1166 ,
1089 1127 1142 1160 cui

249 1181 378 1214 adnexa
405 1179 546 1213 omnino
567 1188 633 1211 erat
648 1178 800 1211 solemnis
812 1177 982 1220 profeffio.
1011 1176 1054 1210 Et
1066 1174 1143 1210 hinc

250 1231 322 1273 post
352 1229 459 1273 plures
486 1228 640 1261 similium
668 1227 844 1261 dubiorum
872 1227 1051 1260 decisiones
1090 1225 1143 1261 ad-

249 1280 359 1323 jungit
387 1292 393 1311 ;
433 1283 489 1311 Hoc
515 1281 549 1312 <¹5
571 1279 607 1310 de
633 1280 773 1311 velandis
792 1278 901 1319 puellis
927 1275 1142 1319 observandum

250 1329 318 1370 est.
359 1328 476 1371 Inique
505 1341 542 1362 ac
578 1327 738 1362 violenter
774 1328 961 1371 impressum
987 1326 1142 1360 Monasti-

250 1391 327 1413 cum
351 1379 465 1423 jugum
501 1379 656 1421 supponit
682 1380 744 1412 effe
777 1378 922 1411 validum
950 1402 961 1418 ‚
998 1387 1140 1411 attamen

250 1430 419 1463 infirmum
433 1452 443 1468 ‚
470 1427 557 1470 quod
585 1429 666 1462 faita
689 1428 775 1461 intra
796 1438 920 1460 annum
941 1427 1146 1460 reclamatio-

250 1491 293 1512 ne
314 1479 394 1512 elidi
417 1478 511 1521 poffit
523 1501 533 1517 ,
554 1478 588 1511 ὅ(
611 1477 699 1520 quod
712 1476 855 1520 ejusdem
869 1477 1120 1520 temporislapsu
1133 1500 1143 1516 ,

250 1529 427 1563 autetiam
458 1528 604 1570 suscepto
631 1528 717 1561 intra
746 1527 854 1569 ipsum
886 1527 984 1559 Sacro
1014 1525 1142 1558 Ordine

250 1578 308 1611 fiat
331 1577 444 1612 stabile
468 1579 501 1610 ὅ(
523 1587 630 1610 ratum
654 1601 662 1608 .
689 1577 785 1609 Fasta
808 1575 869 1608 fuit
894 1573 962 1607 haec
986 1573 1143 1620 Synodus

250 1627 332 1660 noni
355 1627 460 1661 saeculi
480 1636 569 1659 anno
600 1625 698 1659 tertio
735 1625 887 1663 decimo,
914 1625 946 1658 &
969 1623 1004 1658 in
1032 1623 1143 1658 Gallia

249 1674 436 1711 Christiana
461 1675 837 1710 SammarthaniFratres
848 1675 1011 1708 affirmant
1031 1684 1142 1707 manu-

248 1728 398 1770 scriptam
420 1725 544 1762 exstare
566 1726 600 1758 in
632 1725 774 1759 Caesarea
808 1723 1015 1757 Bibliotheca
1040 1723 1144 1757 Vien-

249 1777 337 1811 nenfi
354 1802 360 1808 .
389 1778 599 1824 Qapropter
613 1772 738 1808 videtur
750 1774 874 1808 diversa
887 1774 928 1808 ab
940 1774 995 1807 illa
1008 1797 1018 1812 ,
1046 1784 1142 1816 quam

249 1839 326 1861 cum
347 1827 420 1861 aliis
441 1825 554 1861 Galliae
571 1825 717 1869 Synodis
739 1823 891 1868 vulgavit
916 1822 1054 1865 Jacobus
1082 1824 1143 1856 Sir-

250 1875 411 1911 mondus.
441 1877 479 1910 In
501 1874 562 1910 hac
585 1876 674 1908 enim
701 1885 768 1909 non
792 1873 849 1907 ille
869 1898 880 1915 ‚
907 1874 960 1908 fed
984 1872 1038 1907 hic
1060 1884 1144 1917 repe-

246 1928 333 1961 ritur
351 1927 492 1960 Canon:
523 1928 569 1958 De
590 1926 712 1958 clericis
725 1924 775 1957 hoc
781 1923 962 1965 statuimus,
989 1932 1022 1957 ut
1051 1922 1083 1956 bi
1093 1929 1144 1966 qui

248 1977 391 2011 hactenus
412 1981 531 2009 inventi
551 1973 625 2018 sunt
651 1999 661 2015 ‚
681 1974 798 2015 sivein
820 1979 966 2007 Canonico
988 1999 999 2014 ,
1023 1971 1086 2014 five
1112 1980 1144 2007 in

248 2025 404 2067 Monasttco
430 2027 546 2060 Ordine
564 2047 575 2063 ,
602 2023 747 2067 tonsurati
759 2023 822 2066 fine
846 2035 941 2057 eorum
965 2025 1119 2057 voluntate
1132 2048 1142 2064 ,

242 2076 272 2119 fi
289 2076 441 2117 libertfint
454 2101 463 2116 ‚
489 2085 522 2107 ut
547 2080 591 2106 ita
610 2082 810 2115 permaneant
832 2099 838 2105 .
869 2077 915 2107 Et
933 2075 1071 2116 deinceps
1099 2086 1142 2107 ca-

250 2127 384 2160 vendum
408 2135 442 2158 ut
463 2127 562 2158 nullus
585 2126 744 2158 tondeatur
766 2122 827 2165 fine
861 2126 993 2167 legitima
1028 2133 1141 2165 «etate,

250 2174 459 2219 &spontanea
470 2177 622 2208 voluntate
635 2199 645 2215 ,
672 2176 722 2208 vel
741 2185 804 2207 cum
829 2176 949 2208 licentia
967 2173 1015 2216 sui
1042 2178 1142 2207 Domi-

248 2232 300 2258 ni.
329 2227 441 2274 Qem
464 2226 635 2261 Canonem
663 2225 699 2258 in
720 2225 854 2268 septima
869 2225 915 2257 sui
930 2224 1063 2258 Decreti
1078 2236 1141 2266 par·

248 2286 281 2310 te
307 2274 404 2309 habet
428 2276 527 2310 etiam
559 2274 706 2309 laudatus
728 2274 787 2308 lvo
813 2288 823 2307 :
859 2273 1006 2308 Priorem
1033 2274 1142 2318 vigefi-

247 2337 307 2359 mo
329 2326 444 2366 sexto,
469 2324 558 2359 hunc
579 2324 789 2368 posteriorem
812 2335 949 2358 numero
963 2325 1140 2359 centesimo

248 2387 362 2409 nono.
390 2376 502 2423 Qare
527 2373 581 2409 hic
603 2374 729 2409 videtur
751 2375 852 2408 etiam
879 2384 1024 2418 tempore
1039 2375 1140 2418 poste-

248 2425 332 2458 rior.
363 2426 415 2458 Ex
437 2426 511 2459 data
532 2426 615 2459 intra
641 2436 766 2459 annum
792 2424 988 2459 reclamandi
1010 2425 1138 2459 licentia

243 2474 402 2509 ‚videntur
424 2477 493 2509 nati
515 2475 631 2509 abusus
649 2501 655 2507 .
684 2475 777 2509 Hinc
802 2476 942 2518 priorem
965 2475 1138 2518 Synodum

243 2525 377 2558 videtur
397 2525 569 2560 correxisse
587 2526 767 2568 posterior,
794 2526 939 2559 sanciens
963 2526 1027 2559 huc
1039 2527 1138 2570 usque

251 2574 407 2609 violenter
425 2575 588 2619 impressas
610 2577 756 2609 tonsuras
780 2578 842 2610 esse
861 2586 943 2610 ratas
962 2577 1112 2611 &firmas
1125 2602 1135 2618 ,

251 2624 363 2657 verum
383 2625 534 2668 deinceps
554 2637 623 2660 non
640 2626 811 2661 attentari.
844 2627 886 2660 Et
913 2626 953 2660 de
980 2625 1135 2661 Theode-

80 534 116 563 C.
149 540 210 567 1¹3-

44 879 46 882 ’
80 879 160 906 Parti
188 889 215 914 7.

78 927 106 946 c·
138 923 184 949 26.

71 1949 145 1978 Can.
164 1955 211 1984 23·

1195 155 1697 188 SECUNDUM.
1911 143 2014 187 281*

1196 224 1350 258 veraciter
1362 223 1556 268 Apostatam
1569 246 1577 256 .
1602 222 1726 256 Filium
1739 222 1833 258 suum
1857 222 2082 264 Merovaeutn‚·

1197 273 1312 317 quode
1338 274 1599 315 Cenomanenfi‚
1625 271 1683 307 ubi
1708 272 1868 307 violenter
1887 271 1990 307 fuerat
2008 282 2083 306 ton-

1198 325 1270 364 sus,
1296 324 1501 358 Monasterio
1511 325 1640 368 fugisset
1652 345 1663 361 ‚
1688 322 1805 357 eodem
1819 322 1924 366 rigore
1937 321 2084 356 trastavit

1199 374 1273 407 Rex
1287 373 1491 418 Chilpericus
1503 401 1510 407 .
1541 375 1584 407 Et
1596 374 1700 417 ipsum
1715 384 1772 415 pro
1792 370 2084 407 excommunicato

1200 422 1383 457 habuerunt
1395 425 1497 458 etiam
1507 423 1655 458 laudatus
1667 422 1845 467 Gregorius
1858 446 1869 462 ,
1895 433 1933 456 ac
1955 421 2087 466 Ragna-

1202 474 1316 508 modus
1329 474 1508 518 Episcopus
1518 471 1697 508 Parisienfis
1708 498 1715 505 .
1742 472 1854 508 Plures
1868 473 1942 507 sunt
1953 471 2089 517 ejusmo-

1199 523 1232 556 di
1247 524 1402 558 Canones
1424 525 1458 558 δε
1471 524 1619 567 exempla
1635 549 1642 555 .

1249 573 1297 607 At
1310 574 1385 607 vero
1398 574 1592 608 contrariam
1604 574 1795 609 sententiam
1819 572 1945 620 redegit
1969 573 2003 608 in
2027 573 2089 607 Ca-

1202 634 1325 657 nonem
1349 625 1501 658 Romana
1525 624 1665 668 Eugenii
1689 624 1820 658 secundi
1848 624 2018 666 Synodus:
2045 625 2090 656 52-

1200 683 1248 706 cut
1272 680 1323 716 qui
1349 674 1521 714 Monaslerin
1544 674 1692 716 elegerunt
1706 698 1715 712 ‚
1741 676 1761 704 a
1785 674 1966 714 Monasteriis
1987 675 2088 718 egredi

1201 735 1257 755 non
1264 730 1480 764 permittuntur
1495 748 1504 762 ‚
1531 729 1575 755 ita
1587 722 1680 764 hiqui
1692 729 1785 756 inviti
1795 722 1944 764 st‘nejustae
1967 723 2088 765 offensio-

1202 780 1249 805 nis
1262 780 1383 805 crimine
1395 771 1656 815 Monasteriissunt
1683 773 1832 811 intromiffi
1845 797 1856 812 ,
1883 774 1939 814 nist
1957 775 2089 807 volentes

1202 835 1258 855 non
1270 832 1444 856 teneantur.
1473 826 1557 866 ‚Quia
1583 824 1664 865 quod
1680 833 1737 855 non
1755 830 1884 863 petunt,
1912 834 1969 855 non
1998 822 2091 864 obser-

1201 883 1280 906 vant
1297 896 1305 903 .
1331 874 1454 916 Ideoque
1468 874 1544 907 tales
1555 872 1758 914 considerandi
1763 870 1836 915 sunt
1851 874 2094 914 maximepecca-

1183 932 1233 965 ¹ta
1243 929 1421 956 committere
1431 935 1521 966 quam
1531 927 1691 967 plangere,
1709 923 1782 965 ficut
1806 927 1929 958 Decreto
1949 922 2094 962 Sanc‘llffi-

1184 973 1243 1023 {mi
1256 977 1362 1007 Leonis
1378 977 1472 1016 Papae
1483 975 1705 1016 manifestiffinn³
1726 980 1904 1007 continetur.
1932 974 2094 1012 Notanda
2109 986 2181 1016 can,
2199 993 2251 1021 32,

1184 1025 1188 1055 l
1203 1025 1276 1057 sunt
1288 1024 1383 1058 verba
1397 1049 1407 1064 ‚
1417 1025 1578 1067 sinejustae
1590 1024 1750 1066 offenfionis
1761 1030 1885 1058 crimine
1897 1037 1908 1058 .·
1931 1027 2093 1068 Gravium

1185 1067 1377 1111 'criminum
1388 1086 1459 1108 reos
1473 1077 1664 1118 permittunt
1678 1076 1802 1109 invitos
1813 1076 1914 1109 etiam
1938 1072 2092 1121 deinceps

1202 1125 1348 1158 damnari
1372 1125 1412 1159 ad
1435 1124 1659 1159 Monasticam
1686 1125 1915 1168 profeffionem
1937 1151 1947 1166 ‚
1975 1128 2095 1170 ipsam-

1203 1186 1264 1217 que
1279 1176 1426 1209 sanciunt
1450 1186 1550 1209 ratam
1563 1174 1597 1208 &
1615 1175 1761 1209 firmam.
1792 1175 1902 1222 Qem
1917 1177 2093 1211 Canonem

1205 1227 1236 1257 in
1250 1226 1402 1259 Romana
1426 1227 1479 1258 sua
1502 1224 1639 1269 Synodo
1662 1226 1835 1259 innovavit
1858 1236 1956 1269 atque
1977 1228 2096 1261 confir-

1205 1276 1305 1308 mavit
1327 1276 1424 1310 exiam
1449 1276 1519 1309 Leo
1542 1286 1692 1319 quartus.
1722 1275 1871 1310 Eandem
1888 1277 1952 1310 fere
1969 1278 2094 1312 senten-

1204 1326 1282 1358 tiam
1298 1327 1423 1360 secutus
1448 1326 1492 1359 est
1515 1327 1657 1369 joannes
1678 1328 1812 1360 ostavus
1833 1350 1840 1358 .
1875 1326 2010 1361 Etenim
2034 1340 2094 1371 pro

1203 1374 1385 1409 Theodora
1411 1374 1532 1415 vidua,
1558 1388 1655 1420 quam
1681 1375 1818 1411 invitam
1840 1375 1885 1411 ob
1907 1377 2095 1412 invadenda

1203 1425 1270 1466 ejus
1290 1427 1406 1467 praedia
1430 1425 1614 1459 Germanus
1646 1427 1741 1460 frater
1763 1427 1797 1459 vi
1821 1427 2023 1468 compulerat
2053 1426 2095 1461 ad

1204 1475 1335 1507 Sacrum
1358 1474 1517 1508 Velamen
1541 1476 1573 1508 &
1597 1475 1818 1509 Monasticam
1847 1478 2095 1519 professionem,

1204 1524 1321 1565 scripsit
1347 1523 1387 1556 ad
1420 1522 1673 1559 Theodoricum
1706 1524 1919 1559 Theatinum
1946 1527 1979 1560 δε
2012 1528 2098 1562 alios

1205 1572 1330 1606 vicinos
1355 1573 1557 1616 Episcopos:
1585 1579 1653 1606 Nos
1676 1573 1819 1608 habentor
1843 1576 1989 1616 eundem,
2012 1589 2098 1619 quem
2118 1571 2167 1608 EP-
2185 1571 2248 1597 ²²⁶·

1203 1624 1237 1655 (9·
1260 1625 1366 1655 Patres
1390 1622 1497 1664 nostri,
1519 1623 1662 1666 spiritum
1678 1623 1753 1665 fidei
1776 1626 1810 1659 Θ
1830 1626 1925 1658 zelum
1938 1626 2067 1668 justitiae
2085 1654 2098 1670 ,

1203 1673 1309 1705 eadem
1327 1671 1417 1714 super
1439 1674 1568 1716 legitime
1593 1676 1695 1707 relatis
1713 1700 1725 1715 ‚
1761 1686 1828 1717 quae
1855 1677 1889 1709 (ν’
1914 1678 1978 1718 illi,
2003 1676 2099 1721 senti-

1203 1732 1267 1753 mus
1284 1746 1294 1762 ,
1321 1724 1480 1764 eademque
1495 1730 1611 1757 omnino
1637 1724 1752 1757 decerni
1760 1736 1828 1758 mus
1842 1750 1852 1766 ‚
1878 1727 1913 1759 <9⁸
1937 1729 2018 1769 quod
2042 1740 2100 1762 non

1197 1777 1323 1813 propria
1335 1775 1490 1806 voluntate
1499 1799 1510 1814 ‚
1538 1786 1596 1807 non
1609 1774 1734 1807 arbitrio
1750 1800 1761 1815 ,
1789 1787 1847 1808 non
1862 1785 1929 1809 voto
1941 1788 1961 1816 ‚·
1977 1790 2034 1812 non
2048 1791 2099 1812 ex-

1197 1829 1291 1863 petito
1300 1823 1351 1856 vel
1355 1821 1380 1865 s
1371 1832 1519 1863 pontaneo
1518 1825 1636 1864 judicio
1647 1850 1658 1865 ‚
1683 1830 1757 1867 quin
1769 1831 1868 1867 potius
1881 1826 1976 1860 conde
1989 1829 2102 1861 admit-

1202 1877 1299 1913 titur,
1326 1873 1493 1916 caffandum
1507 1875 1558 1917 effe
1575 1873 1747 1917 sancimus.
1772 1878 1928 1918 Praecipu?
1949 1878 2013 1911 cum
2035 1877 2099 1912 baec

1204 1923 1306 1956 eadem
1313 1923 1446 1965 foemina
1463 1936 1520 1957 non
1534 1924 1590 1965 nisi
1595 1932 1687 1958 minis
1695 1932 1862 1967 perterrita
1873 1952 1883 1966 ‚
1905 1930 1978 1968 plus
1996 1934 2097 1962 minus

1202 1973 1304 2006 diebus
1327 1975 1496 2016 quindecim
1522 1976 1601 2008 idem
1629 1977 1767 2009 velamen
1785 1974 1901 2019 gestaffe
1917 1975 2096 2020 sedixerIt,

1203 2024 1236 2056 (5
1262 2024 1342 2057 nullo
1362 2025 1516 2058 Sacerdote
1542 2023 1773 2059 benedictionem
1801 2026 1950 2060 tribuente
1971 2027 2022 2061 boc
2037 2034 2101 2062 vio-

1202 2074 1297 2106 lenter
1330 2073 1515 2117 susceperit.
1553 2077 1647 2119 ,Quod
1666 2078 1732 2110 licet
1760 2077 1806 2109 ad
1827 2075 1917 2117 hujus
1945 2077 2099 2120 absolutio·

1205 2135 1271 2156 nem
1290 2121 1418 2167 sufficere
1450 2126 1526 2168 posse
1548 2124 1697 2167 speremus
1718 2152 1725 2159 .
1766 2128 1852 2169 ,Quia
1870 2126 1901 2168 fi
1923 2133 1967 2159 ita
1993 2128 2031 2168 est
2058 2138 2099 2161 to-

1204 2180 1264 2206 tius
1277 2176 1427 2207 violentiae
1446 2185 1479 2206 nc
1494 2177 1662 2215 neceffitatis
1682 2178 1807 2210 vinculis
1835 2176 1988 2220 absoluta,
2010 2178 2098 2221 situm

1205 2225 1326 2257 licenter
1347 2225 1519 2268 &ingenue
1539 2226 1624 2258 debet
1647 2225 1734 2269 sequi
1755 2227 1911 2261 arbitrium
1924 2252 1935 2267 ‚
1961 2228 1995 2262 Cir
2018 2230 2099 2271 quod

1207 2286 1261 2308 non
1280 2275 1384 2318 elegit,
1409 2284 1442 2307 ut
1449 2275 1585 2316 perferat
1598 2276 1703 2316 nonest
1715 2279 1860 2321 cogenda.
1886 2281 1999 2311 Tamen
2021 2281 2097 2312 San-

1205 2324 1304 2357 c¹7itati
1317 2324 1422 2364 vestrae
1445 2331 1651 2360 committimus
1665 2351 1675 2367 ,
1697 2336 1730 2361 ut
1753 2334 1785 2361 in
1807 2340 1898 2362 unum
1921 2335 2096 2363 convenien-

1205 2383 1247 2407 tes
1265 2399 1275 2413 ,
1300 2374 1385 2417 ipfius
1400 2375 1539 2417 foeminae
1556 2376 1677 2420 causam
1694 2376 1855 2419 secundum
1879 2383 1976 2413 Deum
1999 2378 2095 2422 discu-

1204 2429 1311 2457 tientes
1326 2450 1337 2466 ,
1364 2427 1519 2459 &omnem
1537 2426 1627 2469 super
1651 2427 1704 2461 bac
1726 2435 1908 2471 querimonia
1931 2437 2094 2464 veritatem

1203 2474 1304 2516 subtili
1325 2479 1515 2519 indagatione
1534 2483 1715 2519 reperientes
1738 2502 1750 2518 ‚
1776 2480 1820 2512 ad
1841 2481 1990 2521 liquidum
2005 2480 2097 2521 finta-

1203 2531 1244 2558 tis
1254 2551 1263 2558 .
1291 2523 1432 2560 Videtur
1448 2527 1677 2570 professionem
1691 2540 1757 2562 non
1770 2529 1930 2563 declarare
1944 2530 2012 2573 ipso
2024 2529 2094 2572 iure

1202 2575 1350 2616 nullam,
1377 2576 1428 2610 sed
1447 2577 1618 2611 dumtaxat
1642 2578 1688 2612 uti
1713 2578 1878 2613 infirmam
1899 2579 2009 2622 jubere
2030 2582 2094 2614 casz

1202 2626 1354 2660 sandam.
1382 2625 1486 2671 Large
1507 2628 1638 2662 interim
1660 2627 1825 2669 ostendit,
1851 2641 1909 2670 ea,
1937 2641 2006 2672 qua:
2035 2642 2090 2673 per

251 2673 335 2717 gildi
361 2674 521 2709 cariberti
544 2677 746 2710 Francorum
766 2676 870 2721 Regis
889 2675 987 2710 vidua
1002 2701 1012 2716 ‚
1038 2688 1135 2719 quarn
1185 2676 1319 2734 {injuste
1337 2677 1497 2712 incussum
1520 2688 1646 2713 metum
1666 2679 1768 2720 fiunt,
1793 2691 1862 2714 non
1884 2679 1946 2713 esse
1970 2680 2090 2714 immo-

252 2723 367 2756 dolose
389 2735 516 2767 captam
535 2726 760 2761 Guntramnus
789 2727 864 2760 Rex
891 2726 1137 2761 violenterton·

253 2773 373 2806 surarat
384 2773 418 2806 in
431 2773 608 2808 Arelatenfi
622 2777 847 2818 Monasterio‚
875 2775 984 2810 scribit
994 2777 1026 2809 in
1039 2778 1138 2811 Fran‘

251 2833 365 2857 corum
390 2822 522 2856 historia
543 2824 675 2859 Sanetus
685 2827 864 2870 Gregorius
875 2828 1053 2870 Episcopus
1065 2827 1137 2861 Tu-

251 2873 396 2906 ronenfis
411 2887 420 2905 :
449 2873 652 2916 Theodegildis
661 2877 739 2919 aegre'
752 2876 934 2919 acquiescens
949 2879 1077 2918 jejuniis
1100 2891 1135 2911 ac

253 2923 366 2965 vigiliis
389 2925 462 2964 affici
482 2949 493 2964 ,
528 2931 584 2964 per
602 2927 722 2958 occultos
747 2932 866 2959 nuntios
884 2926 1011 2960 Gothum
1040 2939 1135 2970 quem-

253 2975 325 3005 dam
349 2975 451 3006 adivit
466 2999 475 3012 ‚
497 2979 676 3015 promittens
697 2974 726 3017 fi
742 2974 777 3018 se
795 2982 833 3008 in·
854 2975 1016 3018 Hispanias
1042 2980 1134 3011 dedu-

78 2896 108 2924 L.
138 2905 166 2931 4,
188 2903 213 2924 c.

81 2938 123 2963 26.

253 3022 331 3054 e‘lam
353 3026 482 3068 conjugio
503 3025 649 3065 copularet
671 3047 681 3062 ,
706 3027 786 3066 quod
808 3036 873 3059 cum
895 3026 1044 3070 thesauris
1067 3026 1132 3069 fitis
1179 3027 1398 3078 jperfht‘lionem
1441 3036 1543 3064 venire
1590 3043 1647 3064 non
1684 3031 1803 3072 diffidat
1838 3057 1845 3063 .

252 3073 288 3105 de
315 3073 485 3114 Monasterio
512 3075 662 3116 egrediens
687 3097 697 3112 ‚
727 3074 828 3107 libenti
863 3087 927 3108 eum
964 3083 1064 3109 animo
1088 3077 1131 3120 se-

252 3131 402 3164 queretur.
430 3125 583 3166 ,Quodt'lle
596 3124 824 3157 nihildubItans
835 3125 1013 3167 repromisit.
1041 3131 1130 3160 Cum-

252 3183 309 3214 que
329 3170 391 3204 haec
422 3173 545 3206 collec‘lu
579 3174 664 3208 rebus
681 3173 834 3217 fac‘ltsque
857 3175 1010 3208 volucrtse*
1030 3181 1129 3210 Coeno-

251 3222 297 3255 bio
316 3230 443 3261 pareret
462 3225 584 3265 egredi,
610 3230 793 3265 anticipavit
812 3226 877 3264 ejus
890 3225 1076 3259 voluntatem
1087 3232 1130 3260 in-

252 3270 363 3311 dustria
375 3270 529 3314 Abbatiffae
541 3296 552 3312 ‚
578 3273 812 3317 deprehensaque
825 3274 943 3316 fraude
955 3297 965 3313 ‚
990 3286 1054 3308 eam
1060 3289 1129 3319 gra-

1200 2726 1292 2760 bilia.

1184 2737 1188 2835 i
1249 2777 1309 2810 Per
1322 2777 1695 2824 Eugeniumsecundum
1716 2779 1843 2815 laudata
1865 2779 1977 2824 magni
2001 2779 2084 2815 Leo·

1184 2827 1249 2875 gnis
1269 2827 1365 2862 verba
1389 2828 1488 2863 edicit
1508 2830 1579 2864 Leo
1603 2835 1735 2874 quartus
1755 2843 1761 2862 :
1789 2831 1896 2865 Verum
1916 2836 2007 2863 etiam
2028 2837 2081 2873 qui

1184 2876 1297 2920 sponte
1308 2880 1354 2912 ad
1373 2880 1464 2913 talem
1486 2882 1672 2914 devotionem
1689 2888 1861 2923 pervenerit
1874 2906 1884 2920 ,
1909 2881 1942 2912 Θ
1960 2880 2080 2921 polime-

1182 2920 1270 2962 la'um
1282 2931 1326 2962 ad
1335 2936 1456 2971 nuptias
1470 2931 1522 2964 vel
1541 2933 1585 2963 ad
1607 2933 1745 2965 militiam
1766 2933 1957 2970 devolvitur,
1980 2932 2079 2972 publl-

1180 2956 1236 3011 icae
1245 2978 1482 3020 satisfac‘lionem
1494 2984 1684 3015 Poenitentiae
1690 2989 1778 3025 gerat
1787 2986 1931 3015 intentius
1942 3005 1953 3021 ,
1979 2989 2013 3013 ut
2034 2974 2081 3015 ad

1895 3030 2075 3077 Desumpta

1194 3081 1266 3112 sunt
1283 3090 1325 3112 ex
1336 3078 1510 3122 Rescripto
1523 3080 1562 3113 ad
1585 3080 1758 3114 Rusticum
1781 3079 2075 3127 Archiepiscopu'm

1193 3128 1456 3162 Narbonensem.
1486 3130 1530 3163 Et
1550 3130 1676 3164 videtur
1699 3141 1830 3171 quartus
1853 3131 1923 3165 Leo
1949 3132 2073 3166 sensum

1193 3179 1299 3220 potius
1310 3178 1510 3221 desumpsisse
1530 3179 1627 3223 quam
1649 3180 1743 3215 verba
1760 3206 1767 3214 .
1806 3182 1953 3225 Magnus
1980 3181 2070 3216 enim

1191 3230 1259 3262 Leo
1271 3230 1310 3261 fic
1333 3229 1472 3271 scripfit:
1502 3228 1676 3271 Propofitum
1699 3230 1836 3264 Monacbs
1852 3238 1972 3274 proprio
1991 3233 2072 3266 arbi-

1189 3285 1245 3310 trio
1262 3287 1314 3311 aut
1325 3280 1477 3311 voluntate
1484 3278 1649 3322 susceptum
1660 3279 1754 3323 deseri
1773 3294 1830 3314 non
1847 3283 1937 3324 potest
1956 3282 2066 3325 absque

249 3328 332 3355 viter
344 3320 448 3364 caesam
458 3320 590 3361 custodtae
604 3330 769 3365 mancipari
776 3331 920 3366 praeccpit
934 3348 943 3363 ,
969 3330 1001 3356 in
1012 3338 1072 3367 qua
1086 3326 1135 3370 us-'
1183 3335 1314 3369 peccato.
1343 3330 1437 3371 ,Quod
1442 3336 1521 3361 enim
1530 3336 1598 3372 quit
1623 3336 1709 3364 vovit
1726 3334 1786 3365 Deo
1799 3356 1810 3372 ‚
1835 3333 1921 3366 debet
1949 3334 1981 3365 δ’
2003 3330 2065 3363 red·
2087 3335 2136 3371 ὶῖρ.
2160 3345 2176 3370 9
2182 3345 2208 3362 2.

76 3390 108 3419 1¹·
133 3396 157 3422 5-
179 3397 208 3420 c·
251 3382 306 3412 que
321 3374 364 3403 ad
375 3377 487 3404 exitum
498 3377 582 3404 vitae*
592 3371 746 3415 praesentis
764 3397 774 3414 ,
800 3385 858 3408 non
879 3376 1068 3408 mediocribus
1085 3386 1128 3408 at·

83 3437 125 3461 14.
254 3428 329 3454 trita
337 3422 508 3463 paffionibus
515 3423 717 3462 perduravit.
748 3423 916 3461 Abbatissa
942 3426 1066 3469 punivit
1082 3427 1127 3460 uti

353 3471 457 3511 Christ.
475 3475 553 3514 Lupi
566 3476 650 3515 oper.
666 3475 806 3508 Tom.1V.

1187 3380 1271 3411 dere.
1298 3381 1381 3411 Unde
1395 3386 1447 3420 qui
1456 3380 1558 3413 relicta
1578 3378 1790 3423 singularitatis
1810 3383 1996 3424 professione,
2022 3379 2066 3411 ad
2084 3382 2145 3412 ΗΡ·
2176 3384 2220 3403 ¹²¹·

1187 3430 1326 3463 militiam
1361 3430 1411 3462 vel
1446 3431 1491 3464 ad
1513 3436 1635 3473 nuptias
1672 3433 1824 3466 devolutus
1863 3431 1900 3470 tst
1920 3453 1931 3470 ‚
1961 3428 2066 3468 publi·

1601 3481 1635 3514 N
1655 3492 1678 3515 n
1973 3488 2014 3510 Μ·
