2352 3736
516 116 604 147 De
675 102 714 146 S.
786 102 1121 146 Lzonrs

277 183 391 225 corum
403 185 604 222 Patriarchas
616 210 626 226 ,
638 196 675 218 ac
690 184 831 228 ipsorum
844 183 1009 218 Dioeceses
1021 182 1157 226 potessa-

277 241 320 272 εἰς
333 238 524 273 characteres
536 260 547 277 ,
570 247 653 280 quos
663 233 802 269 Photius
812 235 845 268 ἀ
856 231 1004 267 Michael
1025 233 1155 267 Cerula-

276 290 343 324 rius
365 286 539 333 plurimum
559 286 768 320 firmaverunt
789 309 795 316 .
830 284 976 317 Primum
999 281 1155 316 charafle-

274 350 341 373 rern
356 363 366 378 ,
388 338 499 381 utique
522 337 624 380 ipsum
635 335 767 370 titulum
780 334 958 377 universalis
972 330 1149 375 Episcopus,

277 387 411 422 adducit
433 389 467 422 in
489 386 648 430 opusculo
668 384 708 419 de
741 383 1001 417 patriarcharum
1033 383 1157 426 juribus

276 437 475 472 Theodorus
496 437 672 470 Balsamon
687 460 694 467 .
717 434 872 468 Romano
883 433 915 466 ὅ(
930 431 1156 466 Alexandrino

275 489 369 532 Papae
381 489 434 522 seu
445 488 511 522 Avi
525 511 535 526 ,
555 483 927 527 Constantinopolitano
952 483 984 516 δε
1005 482 1157 516 Hieroso—

275 540 441 581 lymitano
462 535 730 579 Archiepiscopi,
755 535 814 568 soli
839 532 1056 567 Antiocheno
1078 532 1160 563 affir-

275 598 342 622 mat
356 588 482 632 proprie
495 586 627 621 attribui
640 584 773 618 titulum
798 581 1007 618 Patriarchae.
1028 580 1158 614 Medio-

275 649 346 672 rum
359 637 545 671 saeculorum
558 634 654 677 Greci
668 634 875 679 distinguunt
887 631 1158 673 Archiepiscopos

275 689 309 720 ὅ(
335 687 567 730 Metropolitas
581 711 588 718 .
611 683 859 728 Archiepiscopi
881 681 965 726 apud
989 680 1064 714 illos
1085 681 1156 714 sunt

276 738 346 770 solo
359 736 483 771 honore
492 737 524 770 &
537 734 636 769 titulo
648 733 868 777 Metropolitae
881 757 891 771 ,
912 730 969 774 qui
982 730 1045 763 sine
1070 738 1157 772 pote-

275 786 357 821 state
377 798 500 821 nornen
520 784 683 825 habeant,
707 786 741 818 δε
762 783 890 817 nullum
912 779 971 813 fibi
993 780 1157 814 subditum

274 837 530 882 suffraganeum:
545 834 616 881 Qi
630 833 737 877 paffim
748 842 869 866 nornen
883 830 966 864 istud
976 829 1083 873 adepti
1096 831 1157 864 sint

273 888 415 922 sestione
426 885 626 920 Provinciae.
650 880 750 915 Nihil
775 882 818 915 rei
843 879 940 915 dabat
965 880 1077 915 titulus
1099 879 1157 914 nisi

272 937 516 978 exemptionem
548 932 566 966 a
601 943 677 966 vero
698 931 874 974 provinciae
907 931 1124 974 Metropolita
1148 955 1156 962 .

271 984 375 1018 Porro
411 981 804 1024 Constantinopolitanus
846 979 887 1014 ab
918 980 1127 1013 Heracleenfi
1146 1005 1157 1021 ,

269 1034 594 1075 Hierosolymitanus
606 1031 666 1065 fuit
677 1031 719 1063 ita
731 1041 902 1073 exemptus
911 1031 929 1064 ὲ
940 1030 1156 1073 Metropolita

268 1083 478 1118 Caesareenfi.
503 1083 595 1116 Hinc
621 1081 656 1115 in
677 1079 881 1114 patriarchas
903 1081 1001 1114 evesli
1024 1080 1156 1113 titulum

270 1134 476 1168 retinuerunt
497 1157 503 1163 .
543 1131 699 1174 Uterque
720 1130 850 1165 nullum
870 1131 1016 1173 unquam
1043 1129 1156 1163 babuit

270 1185 508 1228 suffraganeum
529 1206 539 1223 ,
562 1180 621 1214 nisi
654 1180 809 1224 posterior
832 1179 890 1213 sub
914 1180 1042 1214 Latinis
1062 1181 1157 1223 Regi-

272 1233 388 1278 gibus.
414 1233 528 1276 Pergit
541 1231 738 1264 Balsamon:
766 1229 905 1263 Volebam
915 1231 1155 1271 dicere,quamo-

268 1283 348 1317 brem
363 1286 452 1324 Papa
464 1286 616 1315 Romanus
628 1282 792 1323 appelletur
804 1276 981 1322 universalis
996 1283 1084 1321 Papa
1096 1304 1106 1319 ,
1123 1278 1157 1320 fi-

266 1335 433 1376 militerque
447 1331 707 1372 Constantinopolis
724 1328 877 1372 Archiepis
873 1339 958 1371 copus
972 1355 981 1369 ‚
1002 1328 1155 1370 universa-

266 1385 305 1415 lis
321 1381 500 1416 Patriarcha
512 1407 522 1422 ,
550 1393 615 1415 cum
626 1382 730 1424 reliqui
754 1380 943 1414 Patriarchae
957 1404 968 1419 ,
995 1380 1061 1415 licet
1080 1378 1156 1421 ejus-

267 1435 333 1465 dem
339 1433 399 1475 sint
409 1434 523 1465 ordinis
536 1456 546 1472 ,
572 1431 777 1474 appellationis
789 1455 800 1470 ,
829 1431 863 1464 (θ’
875 1429 992 1462 honoris
1003 1454 1013 1468 ,
1034 1435 1078 1461 ita
1085 1438 1154 1471 pro-

265 1485 391 1516 clamari
402 1494 459 1515 non
477 1482 612 1525 soleant.
639 1482 699 1514 sed
711 1482 829 1522 quando
851 1483 970 1521 Papam
990 1482 1156 1511 Romanum

265 1535 364 1566 malus
375 1534 422 1566 ille
432 1533 605 1567 ambitionis
612 1537 718 1574 genius
737 1532 758 1562 ὰ
780 1532 956 1571 reliquorum
973 1526 1071 1569 sandi
1090 1540 1157 1560 amo-

262 1594 328 1615 rum
351 1581 599 1616 patriarcharum
611 1589 688 1613 caetu
709 1577 835 1617 avulfit,
863 1579 897 1609 Θ
916 1582 948 1608 in
971 1577 1156 1609 Occidentem

264 1633 427 1664 dumtaxat
437 1630 602 1663 coarc‘iavit
612 1652 623 1668 ,
651 1638 716 1661 cum
727 1632 847 1659 interim
859 1627 980 1658 videam
991 1625 1156 1665 Constanti-

262 1683 464 1722 nopolitanum
473 1679 551 1712 nullo
557 1677 591 1720 se
605 1679 701 1717 Papae
709 1676 866 1716 privilegio
878 1682 1031 1706 ornantem
1042 1697 1052 1712 ,
1079 1674 1154 1706 ideo-

261 1730 406 1771 questam
414 1729 507 1770 pedes
519 1729 584 1767 ejus
596 1732 628 1758 in
638 1725 813 1759 rec‘litudtne
832 1749 838 1755 .
868 1728 919 1756 Ne
925 1721 1152 1766 subscriptiones

262 1780 380 1821 quidem
387 1777 458 1822 suas
471 1778 644 1821 magnificas
649 1774 730 1817 facit
754 1775 902 1817 tanquaim
921 1776 1014 1807 Pater
1035 1778 1152 1807 univer·

258 1828 355 1872 salis,
382 1830 480 1862 licetaei
494 1827 575 1860 nobis
585 1832 630 1859 ita
657 1832 772 1858 vocetur
797 1826 830 1858 Θ
854 1823 1010 1857 celebretur
1023 1848 1030 1855 .
1058 1823 1153 1858 Affir-

261 1889 330 1913 mat
346 1878 428 1913 olim
442 1877 527 1912 solos
542 1877 733 1911 Romanum
756 1875 790 1908 δε
814 1873 1151 1917 Constantinopolita-

261 1940 342 1963 num
354 1926 609 1963 fuiffetitulatos
621 1925 815 1959 universales
839 1923 1016 1966 Episcopos
1035 1935 1073 1958 ac
1094 1923 1153 1958 Pa-

262 1976 437 2017 triarchas,
466 1988 553 2011 nunc
565 1986 674 2010 autem
699 1973 794 2008 illum
817 1974 969 2007 excidisse
989 1973 1034 2007 ob
1059 1972 1151 2008 schis-

261 2040 314 2062 ma
332 2029 365 2061 &
392 2026 531 2060 haeresim
553 2049 564 2064 ,
602 2025 741 2067 ideoque
765 2023 898 2057 titulum
921 2024 1067 2057 mansisse
1090 2023 1150 2058 soli

261 2076 660 2119 Constantinopolitano.
714 2073 801 2108 Aliis
836 2070 1033 2107 Patriarchis
1058 2085 1151 2108 num-

260 2138 358 2168 quam
380 2126 568 2169 competisse
581 2150 588 2157 .
615 2125 708 2158 Hinc
718 2124 818 2157 etiam
834 2124 867 2157 in
882 2133 978 2166 opere
991 2121 1032 2157 de
1043 2124 1151 2158 matri·

261 2175 459 2211 monialibus
468 2174 699 2220 quaestionibus
710 2173 817 2207 scribit
829 2171 1008 2207 Matthaeus
1030 2173 1150 2208 Mona-

260 2225 341 2260 chus
354 2240 364 2260 .-
393 2234 456 2262 Hac
486 2227 524 2259 de
548 2236 580 2258 re
604 2224 766 2258 trac‘latum
783 2222 849 2264 fuit
875 2231 1002 2264 tempore
1026 2227 1148 2265 Imperii

261 2275 356 2319 isaaci
369 2277 471 2320 Angeli
485 2300 496 2316 ‚
522 2274 617 2308 tribus
629 2273 861 2307 patriarchum
874 2274 1001 2306 Concilio
1018 2272 1150 2317 praesen-

260 2327 339 2360 tibus
352 2349 361 2365 ,
386 2323 576 2366 Universali,
604 2323 800 2362 Antiocheno,
826 2324 861 2357 (9·
873 2321 1128 2366 ΗὶενοῘοζνιηὶεαησ
1142 2347 1149 2356 .

262 2377 325 2410 Per
336 2374 594 2410 antonomastice
606 2373 744 2418 positum
756 2373 969 2407 universalem
993 2373 1150 2418 intelligit

262 2425 688 2469 constantinopolitanum.
718 2423 761 2457 Et
774 2424 809 2457 in
823 2422 1055 2462 formularum,
1080 2424 1151 2466 qui-

262 2476 322 2509 bus
336 2474 725 2518 Constantinopolitanus
746 2472 827 2508 solet
849 2473 888 2506 ad
911 2473 991 2506 alios
1012 2473 1147 2507 Patriar-

260 2525 340 2558 chas
353 2537 407 2559 aut
424 2526 602 2568 Epist-opos
622 2523 758 2558 scri-bere
772 2547 782 2562 ,
810 2523 930 2556 notitia
955 2522 1009 2556 ille
1029 2525 1148 2566 semper

261 2575 349 2608 solus
360 2575 507 2610 titulatur
520 2573 726 2609 universalis.
757 2573 800 2606 Et
811 2572 916 2607 revera
925 2573 1004 2613 soli,
1032 2573 1161 2636 quibus¹

263 2623 402 2665 joannes
414 2624 571 2658 secundus
581 2623 671 2658 dedit
683 2623 855 2658 exordium
868 2646 879 2663 ,
906 2622 1018 2667 Regiae
1037 2623 1148 2657 civita·

262 2674 304 2706 tis
318 2672 507 2706 Patriarchae
519 2685 576 2716 pro
588 2673 651 2707 isto
666 2673 816 2716 superbiae
828 2672 924 2707 titulo
934 2684 1009 2706 cum
1023 2672 1144 2708 Roma-

261 2734 303 2755 na
318 2722 456 2756 Ecclesia
468 2721 652 2765 litigarunt.
683 2723 725 2756 Et
739 2722 779 2756 de
789 2724 931 2765 profecto
955 2723 1147 2766 Hierosoly-

260 2783 346 2805 mam
361 2795 371 2810 ,
397 2783 434 2806 ac
447 2770 530 2805 alios
541 2780 604 2804 tres
614 2771 948 2807 Patriarchasibidem
970 2774 1146 2815 reperiente

261 2822 432 2855 Hieremia
477 2819 576 2854 habet
607 2819 763 2863 descripta
802 2834 857 2864 per
896 2796 1161 2856 Emmanueleml

260 2872 434 2905 Maiaxum
456 2868 627 2904 Historia.-
654 2873 690 2902 In
700 2881 792 2902 unum
811 2871 918 2904 collem
944 2882 1067 2913 quatuor
1087 2876 1146 2905 Pa·
1154 2854 1160 3218 ¹

260 2921 402 2954 triarchae
428 2922 583 2963 liturgiam
602 2919 802 2952 celebrarunt.
831 2921 947 2952 Deinde
968 2922 1071 2955 diebus
1093 2924 1145 2956 ali-

260 2981 331 3014 quot
357 2973 444 3013 apud
476 2970 695 3004 OEcumenicum
732 2968 944 3002 Patriarcham
967 2971 1145 3005 Hieremiam

259 3020 435 3065 consumptis
448 3045 458 3061 ,
477 3019 583 3063 finguli
605 3019 723 3052 thronos
739 3018 807 3061 suos
831 3025 1034 3061 repetiverunt
1054 3046 1061 3052 .
1088 3023 1144 3057 So-

260 3071 329 3104 lum
355 3071 558 3105 Hieremiam
579 3069 717 3113 appellat
738 3068 1003 3102 OEcumenicum.
1032 3071 1144 3107 Exstat

261 3120 295 3154 in
318 3120 590 3154 Turco·Graecia.
618 3117 742 3153 Ibidem
763 3116 861 3152 habes
884 3116 1048 3162 Joachimi
1070 3123 1144 3157 Ale·

260 3170 432 3209 xandrini‚
460 3168 620 3212 joachimi
661 3168 866 3202 Antiocheni
890 3193 901 3209 ,
927 3169 960 3202 ὅ(
987 3170 1142 3206 Germani

261 3217 759 3262 HierosolymitaniPatriarchae
780 3220 924 3258 litteras,
951 3220 1006 3261 qui
1028 3231 1142 3256 omnes

260 3269 316 3302 sibi
343 3270 450 3313 figunt
473 3270 558 3303 altos
578 3269 692 3303 titulos
710 3293 720 3309 ‚
747 3278 779 3302 at
802 3269 908 3302 nullus
929 3279 984 3303 aut
1007 3271 1141 3314 seipsum

259 3330 315 3352 aut
343 3322 433 3352 suum
459 3318 620 3362 collegam
644 3345 655 3360 ,
691 3318 749 3353 nifi
778 3319 882 3352 solum
909 3318 1141 3357 Constantino.

260 3370 442 3412 politanum
456 3393 467 3410 ‚
492 3369 602 3404 titulat
611 3369 870 3404 OEcumenicum·
899 3366 1054 3406 Attamen
1069 3373 1141 3410 Ale.

1192 104 1787 150 N0N1Acr1s.
1926 123 2026 169 437

1216 185 1396 218 xandrinus
1417 183 1605 228 Joachimus
1627 185 1660 218 in
1686 183 1770 219 datis
1804 183 1942 221 Alberto
1967 190 2094 225 Comiti

1216 235 1476 269 Leuvvenstenio
1500 235 1772 269 testimonialibus
1793 235 1908 271 litteris
1934 238 1965 271 se
1986 240 2097 274 titulat

1217 283 1364 326 Judicem
1375 284 1465 319 orbis
1485 293 1588 318 terrae.
1615 284 1658 318 Et
1683 286 1717 318 in
1736 297 1919 321 memorato
1939 290 2098 333 opusculo

1216 334 1315 368 Nilus
1328 334 1627 368 Thessalonicensis
1642 334 1819 378 Episcopus
1840 347 1955 370 omnes
1970 348 2102 381 genera-

1217 386 1276 418 tim
1290 382 1489 418 patriarchas
1503 384 1621 419 assidue
1632 395 1727 419 vocat
1739 385 1920 429 Episcopos
1938 387 2101 422 universa-

1218 435 1261 467 les
1274 459 1281 466 .
1308 435 1437 477 Nempe
1449 435 1580 478 persnas
1591 435 1743 469 dioeceses
1755 460 1762 467 .
1791 436 1833 469 Et
1856 434 1918 470 hoc
1929 437 2098 472 dumtaxat

1217 485 1304 518 sensu
1318 484 1457 526 Joannes
1468 485 1625 518 secundus
1636 486 1819 528 assumpsit,
1847 486 1986 529 Joannes
2009 499 2099 531 quar-

1217 545 1268 567 tus
1290 535 1455 578 resumpsit
1475 535 1608 569 titulum
1625 559 1636 574 ,
1676 536 1709 570 &
1730 535 1872 579 ipsorum
1908 538 2099 572 successores

1217 585 1475 626 continuarunt;
1501 585 1601 628 usque
1631 584 1671 618 ad
1683 584 1861 620 Photium.
1891 587 1935 622 Et
1953 588 2099 622 iterum&

1217 635 1368 676 proximo
1394 632 1486 677 hujus
1513 635 1687 668 successore
1709 634 1876 677 Stephano
1896 661 1908 677 ,
1933 638 2031 681 usque
2058 636 2100 672 ad

1217 683 1416 717 Michaelem
1441 683 1663 717 Cerularium-
1689 685 1739 718 Hi
1759 683 1826 720 duo
1845 688 1906 720 effe
1931 687 2101 731 praetende-

1216 743 1291 766 runt
1311 733 1413 767 totius
1434 731 1689 766 Christianitatis
1710 734 1903 769 universales
1926 737 2099 781 Episcopi.

1216 784 1260 816 Et
1273 781 1350 816 licet
1361 793 1429 816 rem
1440 781 1526 826 apud
1539 782 1610 815 suos
1632 781 1730 816 etiam
1751 782 1970 820 schismaticos
1989 787 2101 822 amise-

1216 833 1304 871 rint,
1335 832 1471 866 titulum
1488 840 1597 866 tamen
1618 832 1806 867 successores
1831 834 2036 876 pertinaciter
2057 848 2103 872 re·

1217 883 1384 917 tinuerunt
1407 907 1414 914 .
1453 881 1560 916 Porro
1581 882 1660 916 dum
1681 881 1723 916 ab
1744 883 1817 925 ipfis
1841 883 1974 919 titulum
2001 884 2101 920 istum

1218 943 1285 967 non
1309 931 1407 976 quaeri
1424 933 1561 967 affirmat
1582 930 1784 966 Theodorus
1807 933 1979 968 Balsamon
1992 959 2003 975 ,
2030 935 2105 969 insi-

1216 983 1325 1028 gniter
1346 981 1490 1025 imponit
1507 1007 1514 1014 .
1541 982 1650 1016 Multa
1674 983 1817 1026 ipsorum
1840 994 1899 1027 pro
1919 985 1980 1018 isto
2002 984 2101 1020 titulo

1216 1031 1363 1066 adversus
1383 1031 1570 1066 Romanam
1583 1032 1757 1067 Ecclesiam
1767 1035 1976 1070 contumacia
2003 1034 2102 1081 longe

1217 1083 1307 1116 aliud
1330 1082 1480 1116 altissime
1493 1083 1629 1116 clamat.

1267 1132 1419 1165 Alterum
1433 1142 1617 1165 memoratae
1626 1131 1791 1175 potestatis
1813 1132 2026 1169 charasterem
2048 1134 2104 1170 ad-

1218 1182 1308 1216 ducit
1321 1180 1406 1215 idem
1416 1180 1616 1216 Theodorus
1628 1183 1661 1216 in
1672 1182 1831 1226 opusculo
1843 1183 1883 1217 de
1894 1183 2064 1228 Chartoph
2067 1197 2103 1228 y-

1218 1232 1286 1265 lace
1313 1233 1347 1266 ὅ(
1373 1242 1499 1275 magno
1522 1231 1703 1273 Defensore
1726 1232 2103 1278 Constantinopolitanae

1222 1281 1382 1315 Ecciefiae:
1409 1280 1632 1323 chartophylax
1643 1281 1781 1326 describit
1793 1284 1827 1317 (θ’
1840 1284 1896 1316 dat
1908 1284 2103 1317 patriarcba-

1217 1333 1257 1364 lia
1266 1334 1457 1375 stauropegia
1465 1340 1520 1373 per
1534 1330 1705 1374 universum
1713 1334 1806 1374 prope
1816 1340 1963 1367 terrarum
1984 1334 2079 1367 orbem
2089 1358 2101 1375 ‚

1217 1393 1250 1414 ac
1261 1383 1422 1415 multarum
1434 1381 1548 1414 urbium
1563 1381 1756 1425 Ecclefiastica
1777 1388 1876 1426 capita
1896 1383 2048 1425 transfert
2068 1389 2101 1416 in

1212 1437 1307 1473 primi
1317 1436 1425 1473 capitis
1436 1434 1578 1476 Regiam.
1606 1432 1649 1466 Et
1661 1433 1695 1466 in
1714 1432 1958 1477 compendiario
1972 1434 2104 1478 Legum

1216 1481 1341 1515 delestu
1367 1483 1545 1524 Imperator
1570 1482 1640 1516 Leo
1665 1483 1809 1525 sapiens:
1836 1486 1975 1516 Omnium
1996 1487 2103 1516 Metro-

1213 1532 1317 1571 poleon
1331 1555 1342 1569 ,
1369 1529 1622 1572 Episcopatuum,
1651 1531 1887 1572 Monasteriorum
1907 1534 1941 1567 (9·
1962 1531 2102 1573 Ecclefia-

1215 1590 1280 1611 rum
1290 1589 1363 1612 cura
1376 1579 1562 1619 &judicium
1573 1581 1616 1612 ad
1630 1587 1787 1622 proprium
1810 1580 2022 1614 Patriarcham
2033 1580 2101 1624 spe-

1214 1628 1277 1659 c‘lat
1289 1651 1299 1668 ,
1327 1626 1649 1669 Constantinopolitano
1659 1636 1757 1663 autem
1782 1630 1848 1665 licet
1864 1636 1956 1665 etiam
1976 1637 2009 1665 in
2028 1632 2105 1665 alia-

1190 1718 1192 1722 *
1213 1687 1279 1709 rum
1286 1673 1401 1718 sedium
1423 1682 1603 1718 territoriis,
1629 1684 1661 1711 in
1686 1678 1794 1721 quibus
1815 1679 1878 1713 haec
1889 1686 2100 1725 praerogativa

1190 1770 1191 1773 Ἴ
1213 1737 1270 1759 non
1282 1724 1319 1765 est
1331 1750 1342 1766 ,
1368 1730 1492 1760 crucium
1500 1726 1625 1769 fixiones
1639 1734 1671 1761 in
1684 1729 1803 1771 templis
1813 1731 1962 1764 concedere
1973 1756 1980 1763 .
2008 1731 2098 1766 Stau-

1213 1776 1343 1820 ropegia
1356 1777 1411 1810 seu
1423 1778 1567 1811 crucium
1581 1777 1616 1811 in
1640 1778 1789 1812 Eccleffis
1809 1789 1864 1814 aut
1886 1780 2096 1816 Monasteriis

1211 1826 1351 1860 fixiones
1369 1826 1443 1860 sunt
1464 1826 1569 1871 sigilla
1591 1828 1808 1870 exemptionis
1830 1853 1842 1869 ,
1877 1840 1976 1872 quam
2012 1831 2097 1875 apud

1212 1876 1341 1910 Graecos
1362 1876 1465 1910 facere
1482 1877 1610 1920 possunt
1632 1876 1914 1913 soliPatriarchae.
1942 1878 2044 1914 Lucet
2056 1892 2098 1915 ex

1211 1925 1268 1960 lite
1287 1949 1299 1966 ,
1334 1937 1433 1970 quam
1458 1925 1795 1971 adversnsNaupaffi
1819 1927 2072 1973 Metropolitarn
2087 1956 2097 1971 ‚

1209 1977 1321 2010 ausum
1344 1976 1379 2009 in
1401 1975 1607 2022 suffraganeis
1633 1976 1802 2013 Parochiis
1833 1989 1943 2013 cruces
1973 1980 2096 2024 figere,

1210 2026 1315 2060 movit
1338 2024 1482 2060 Artenfis
1508 2028 1685 2072 Episcopus
1705 2053 1712 2060 .
1744 2028 1880 2062 Etenim
1916 2029 1935 2063 ὲ
1962 2029 2095 2066 Germa-

1209 2086 1254 2109 no
1278 2075 1419 2111 secundo
1430 2075 1615 2111 Patriarcha
1626 2077 1773 2113 obtinuit
1784 2075 1869 2112 hanc
1879 2078 2091 2116 sententiam:

1208 2128 1460 2170 Stauropegiorum
1474 2151 1484 2166 ,
1510 2139 1578 2169 quae
1598 2126 1669 2171 sunt
1691 2136 1749 2170 per
1774 2126 1933 2170 dioecefim,
1949 2128 2005 2172 sbli
2031 2133 2092 2165 Pa-

1207 2174 1362 2209 triarchali
1399 2178 1597 2219 Amplitudini
1624 2177 1757 2211 relidlum
1793 2177 1831 2219 est
1862 2179 2054 2224 privilegium
2078 2205 2090 2222 ,

1209 2227 1498 2268 Metropolitanorum
1523 2236 1622 2261 autem
1647 2233 1757 2262 nemini
1778 2254 1786 2261 .
1820 2228 1934 2263 Exstat
1955 2231 1989 2263 in
2016 2230 2090 2274 Jure

1208 2276 1490 2311 Graeco-Romano
1513 2302 1520 2309 .
1548 2278 1593 2312 Et
1615 2278 1691 2322 quia
1711 2277 1796 2313 istud
1819 2276 2009 2314 Patriarchae
2029 2281 2090 2325 pri-

1208 2325 1364 2370 vilegium
1386 2326 1534 2361 laudatur
1555 2327 1573 2361 a
1589 2327 1704 2362 Leone
1713 2326 1941 2372 Philosopho,
1964 2338 2088 2365 certum

1206 2375 1252 2410 est
1285 2387 1353 2410 non
1388 2376 1561 2411 dumtaxat
1591 2376 1760 2412 Michaele
1790 2378 1961 2413 Cerulario
1985 2404 1996 2420 ,
2031 2380 2089 2415 sed

1208 2425 1306 2460 etiam
1329 2424 1456 2460 Photio
1479 2427 1545 2461 esse
1567 2427 1758 2473 antiquius,
1783 2427 1922 2473 ideoque
1946 2429 2089 2464 vetustis-

1208 2476 1317 2510 simam
1338 2477 1632 2519 consuetudinem,
1659 2489 1727 2513 non
1748 2477 1982 2513 schismaticam
2003 2481 2089 2514 usur-

1208 2527 1397 2568 pationem.
1426 2525 1481 2559 Est
1505 2528 1600 2562 avitae
1626 2527 1818 2563 Monasticae
1848 2528 2008 2563 libertatis
2042 2531 2089 2564 su-

1209 2574 1323 2619 perstes
1344 2576 1518 2620 vestigium
1543 2602 1550 2608 .
1586 2576 1691 2625 Qod
1711 2578 1800 2611 enim
1822 2577 1907 2612 olim
1924 2578 2088 2613 Monachi

1205 2624 1246 2659 ad
1259 2625 1351 2658 suum
1373 2626 1601 2661 Dioecesanum
1625 2638 1694 2662 non
1714 2625 2005 2672 adstringerentur,
2032 2629 2086 2664 sed

1183 2668 1186 2705 ῗ
1207 2675 1335 2717 possent
1364 2676 1514 2716 quemvis
1531 2676 1591 2710 sibi
1612 2677 1732 2721 eligere
1762 2677 1959 2720 Episcopum
1980 2702 1992 2719 ,
2028 2680 2086 2714 suo

1207 2725 1284 2758 loco
1305 2724 1493 2758 ostendetur
1519 2749 1526 2756 .
1564 2725 1615 2759 lta
1636 2725 1699 2760 fuit
1724 2726 1823 2767 usque
1844 2726 1887 2760 ad
1908 2725 2088 2762 Chalcedo-

1208 2774 1336 2808 nensem
1360 2773 1551 2817 Synodum.
1578 2776 1658 2809 Haec
1681 2773 1722 2810 ad
1741 2775 1983 2819 impediendas,
2007 2789 2087 2823 quas

1207 2835 1285 2858 tunc
1308 2823 1349 2858 ab
1371 2822 1628 2866 Eutychianistis
1649 2824 1827 2860 Monachis
1851 2825 1926 2870 paffi
1959 2828 2087 2863 fuerant

1206 2874 1361 2917 Syrorum
1386 2873 1537 2918 Episcopi
1562 2898 1574 2915 ,
1610 2873 1757 2910 barbaras
1784 2876 1955 2911 violentias
1980 2878 2087 2914 sanxit

1204 2924 1318 2958 omnia
1342 2924 1495 2968 deinceps
1518 2924 1720 2959 Monasteria
1741 2927 1800 2960 suo
1833 2925 2020 2963 dioecesano
2043 2928 2084 2962 E-

1206 2973 1338 3018 piscopo
1363 2975 1397 3007 in
1421 2973 1576 3008 omnibus
1599 2974 1719 3009 subesse
1738 3001 1745 3009 .
1781 2975 2083 3021 Constantinopoli-

1205 3034 1298 3058 tanus
1320 3022 1559 3058 patriarchatus
1579 3024 1746 3069 ’mfigniter
1768 3025 1889 3060 ibidem
1912 3027 1958 3062 est
1979 3029 2087 3063 firma·

1205 3084 1256 3107 tus
1275 3074 1309 3107 &
1330 3083 1578 3118 augmentatus,
1598 3085 1698 3119 atque
1720 3075 1764 3110 ita
1787 3076 1913 3111 videtur
1931 3077 1999 3121 ejus
2021 3076 2083 3113 Pa-

1198 3122 1343 3158 triarcha
1367 3125 1431 3157 sese
1454 3125 1616 3167 excepisse
1635 3126 1675 3158 ab
1695 3124 1898 3161 observantia
1919 3126 2009 3161 istius
2020 3128 2082 3162 Ca-

1207 3174 1302 3207 nonis
1312 3197 1324 3214 ,
1350 3174 1384 3207 &
1398 3175 1568 3217 perrexisse
1579 3174 1615 3208 in
1629 3174 1827 3219 Episcopum
1837 3175 1942 3222 eligia
1955 3177 2082 3219 quibus·

1204 3234 1342 3266 cumque
1355 3234 1409 3266 per
1420 3224 1593 3258 Orientem
1606 3225 1830 3260 Monasteriis.
1859 3227 1902 3260 Et
1911 3228 1988 3271 quia
2001 3227 2082 3260 sem·

1206 3285 1258 3316 per
1295 3272 1490 3315 phylacteria
1511 3275 1565 3307 sua
1584 3275 1739 3319 ampliare
1767 3275 1890 3310 studuit
1914 3300 1924 3317 ,
1950 3273 2079 3308 tandem

1204 3323 1291 3366 caepit
1314 3324 1518 3366 semetipsum
1546 3324 1612 3358 illis
1645 3325 1745 3359 etiam
1778 3323 1948 3360 obtrudere
1982 3332 2081 3367 atque

1189 3373 1372 3455 ¹praeficere.
1389 3372 1431 3408 Et
1442 3373 1458 3408 a
1471 3373 1683 3411 Monasteriis
1700 3376 1839 3421 perrexit
1849 3374 1889 3410 ad
1902 3371 2058 3458 Eccrlefias
2070 3397 2079 3406 .

1981 3433 2032 3456 rae-
