2352 3736
60 1516 114 1553 Ep.
143 1523 218 1550 joy.

66 3134 97 3166 1..
107 3143 131 3166 ι.
144 3136 222 3172 ς.69;

546 200 612 230 Dr,
647 184 856 230 LAICA
895 188 1257 229 Aurrsrirun
1295 186 1741 232 IuvesriruuA.

1926 198 2013 234 161

232 270 441 307 manifestum
454 298 461 306 .
492 273 582 309 Nam
592 272 654 306 &a
667 274 780 307 Leone
793 274 907 305 osiavo
920 270 1031 303 datum
1045 292 1055 307 ,
1078 268 1110 299 &
1174 268 1347 303 tendebat.
1377 269 1605 305 Nihilominus
1621 270 1717 303 nullis
1730 269 1890 313 precibus,
1901 282 1958 307 aut
1972 285 2050 307 con-

231 318 384 358 Adriano
396 324 504 367 primo
517 325 656 359 affistum
680 322 847 366 privilegia
867 321 911 353 ita
932 315 1039 352 lucide
1066 318 1113 349 so-

231 369 311 418 nant
333 397 340 405 .
376 374 471 420 Quin
494 375 527 409 &
551 373 705 408 Calixtus
725 372 883 408 secundus
900 367 983 402 istud
1006 367 1110 410 ipsum

231 423 341 465 quoad
366 422 551 459 Germaniae
579 424 758 469 Episcopos
778 420 819 453 de
845 417 1026 466 Regalibus
1060 427 1114 460 per

231 473 400 515 sceptrum
425 474 645 508 investiendos
674 468 829 505 conceffit
853 493 859 500 .
898 468 1046 501 Forfitan
1078 476 1113 502 ut

232 522 471 566 Episcoporum
494 524 606 574 saltem
626 515 696 563 post
721 516 1116 565 consecrationem3inve-

229 573 433 607 ssiendorum
452 571 636 609 facultatem
650 565 679 601 *a
716 568 876 604 Pontifice
900 569 1085 612 impetraret
1105 591 1115 605 ‚

231 622 273 656 ab
287 619 645 665 HenricotAu'gustoin
671 619 796 653 secretis
819 617 1115 655 mandatisBruno

232 671 347 707 habuit
362 695 372 711 ‚
393 669 492 714 'utque
504 669 549 707 ita
561 679 635 703 vera
647 667 734 705 fallis,
743 669 874 711 miscuit
887 693 898 708 ‚
924 668 956 705 &
969 675 1115 711 patenter

231 731 369 756 erravit.

281 763 460 804 Iste-tamen
473 769 588 803 Galliae
609 779 680 804 mos
694 768 870 806 obtinuisse
882 765 1010 800 videtur
1021 763 1056 800 in
1071 767 1122 799 so-

152 841 203 856 ..0
232 822 272 855 lis
283 819 448 864 Episcopis
463 843 470 850 .
496 820 631 853 Etenim
661 818 702 853 de
729 817 852 857 Odone
871 817 986 853 Electo
1010 815 1117 850 Sancti

231 869 386 911 Dionysii
399 867 530 902 Abbate
543 868 650 906 scribit
660 868 746 912 apud
769 867 893 901 Lucam
914 862 1117 900 Dacheriurn

229 918 370 962 ejusdem
409 917 605 951 Monasterii
640 916 833 951 Chronicon
858 930 864 948 :
892 921 928 953 In
947 916 1025 959 festa
1043 919 1116 950 San·

229 969 286 1002 o‘lae
314 968 492 1008 Scholastica·
524 967 611 1009 sabla
638 967 706 1008 fult
742 967 837 1001 electio
866 992 876 1008 ,
914 968 947 1001 <9
984 972 1017 999 in
1053 964 1118 1009 ipsa

229 1019 280 1052 die
307 1020 371 1054 odo
395 1023 501 1060 recepit
528 1020 549 1055 ἃ
575 1020 652 1061 Rege
677 1016 827 1051 Ludovico
853 1017 957 1050 aelam
979 1018 1117 1059 Regma,

231 1071 253 1101 ἃ
280 1071 404 1101 Domino
428 1071 561 1101 Romana
587 1066 750 1101 Cardiaalz·
777 1069 810 1101 ὁ·
838 1065 1003 1107 Apostolicae
1030 1068 1116 1100 sedis

233 1121 344 1162 Legata
367 1118 555 1161 confirmatus
573 1117 663 1157 fuit,
691 1119 726 1154 eb·
751 1123 783 1149 in
810 1114 929 1155 crastino
967 1116 1006 1151 ab
1043 1120 1118 1161 Ep}-

229 1168 313 1211 scopo
349 1165 528 1208 Carnuteafi
557 1167 725 1200 benedictus
757 1191 763 1198 .
791 1166 872 1201 Non
909 1166 1014 1201 solum
1042 1177 1117 1202 ante

235 1217 498 1256 benedictionem
511 1242 523 1258 ,
549 1216 602 1250 sed
616 1217 650 1253 ὃς
662 1226 737 1253 ante
748 1214 959 1250 Ecclefiastici
972 1216 1118 1258 Superio-

233 1269 277 1302 ris
298 1267 584 1304 confirmationem
608 1267 738 1300 fuerunt
758 1265 870 1301 Elesto
903 1263 983 1299 dara
1011 1265 1118 1311 Rega-

233 1315 450 1351 lia.‘E0dem
474 1315 576 1350 modo
599 1315 691 1355 fuisse
715 1316 750 1349 in
788 1315 945 1362 Bel-nardi
979 1314 1022 1352 ad
1054 1316 1118 1349 Bo-

233 1366 319 1401 noni
345 1366 476 1405 Cellam
497 1364 638 1400 Abbatis
670 1364 882 1409 promotione
916 1366 1117 1408 processum,

234 1416 381 1461 adeoque
400 1417 496 1450 illum
519 1416 582 1449 effe
616 1416 789 1459 antiquum
821 1414 938 1448 Galliae
971 1416 1117 1454 morem,

235 1466 324 1501 lucet
357 1478 397 1501 ex
438 1465 584 1509 Epistola
620 1464 728 1503 Sancti
771 1462 917 1502 Fulberti
960 1465 1116 1508 Episcopi

235 1515 452 1551 Carnutenfis.
477 1515 603 1559 Regius
627 1514 717 1548 enim
731 1515 924 1562 consensus,
949 1514 1119 1557 ipsumque

235 1561 357 1601 ornans
379 1565 414 1600 δι
433 1565 597 1599 comitans
617 1564 673 1597 seu
699 1574 754 1611 per
775 1563 892 1606 pedum
913 1564 968 1596 seu
987 1575 1042 1607 per
1057 1565 1119 1598 sce-

235 1626 348 1660 ptrum
374 1615 563 1651 investitura
591 1613 673 1647 olim
702 1612 884 1656 spectabant
918 1611 958 1646 ad
994 1613 1120 1648 eledtio-

235 1668 346 1706 nem',
360 1675 516 1707 erantque
539 1663 634 1708 ipsius
654 1663 811 1707 postrema
830 1674 899 1706 pars
920 1663 954 1700 ὃς
978 1664 1120 1706 comple-

235 1716 408 1757 mentum,
442 1715 580 1757 ideoque
610 1724 678 1748 non
711 1713 812 1754 solam
848 1712 1119 1754 benedictionem,

236 1775 293 1799 aut
329 1761 605 1800 consecrationem
629 1789 640 1804 ‚
675 1762 726 1796 sed
766 1763 799 1796 &
834 1762 1118 1797 confirmationem

236 1813 475 1859 precedebant.
504 1807 628 1848 Calixt'i
643 1812 775 1846 secundi
798 1813 831 1846 δε
853 1811 994 1850 Henrici
1013 1813 1119 1856 quinti

238 1864 448 1900 Concordata.
459 1864 575 1898 eodem
588 1871 701 1897 tenore
711 1861 860 1896 videntur
871 1862 961 1904 loqui
972 1861 1013 1896 de
1042 1862 1120 1907 Epi-

239 1914 345 1958 scopis
355 1925 452 1959 arque
470 1912 670 1948 Abbatibus.
702 1911 870 1957 Ambigua
881 1920 991 1946 tamen
1020 1912 1094 1946 sunt
1109 1937 1121 1953 ,

236 1963 270 1997 ὅ(
282 1963 459 2007 posteriora
480 1962 704 1996 investituram
719 1962 938 2006 permittentia
962 1960 1056 1995 verba
1077 1973 1119 1996 re·

236 2011 352 2058 stringi
367 2013 487 2057 poffint
497 2011 539 2046 ad
550 2011 636 2046 solos
652 2011 849 2055 Episcopos.
878 2011 971 2044 Hinc
985 2012 1040 2046 illa
1054 2012 1117 2045 for-

235 2063 292 2096 san
305 2063 511 2107 antiquitatis
521 2072 618 2096 tenax
630 2061 740 2095 Gallia
751 2061 793 2094 fic
806 2060 968 2094 intellexit
981 2085 988 2093 .
1015 2060 1119 2095 Porro

236 2112 451 2147 Innocentius
466 2112 578 2147 tertius
588 2111 745 2145 Pontifex
761 2111 865 2144 varias
879 2110 1042 2144 variorum
1055 2112 1117 2145 Re-

236 2173 378 2205 gnorum
400 2165 483 2197 citca
505 2160 589 2195 hauc
609 2172 676 2195 rem
707 2161 960 2194 consuetudines
997 2159 1117 2205 redegit

237 2211 272 2243 in
282 2223 382 2246 unam
404 2212 576 2257 regulam,
601 2211 744 2244 statuens
765 2210 783 2243 ὲ
810 2209 903 2244 nullo
929 2209 1041 2253 Elesto
1067 2210 1117 2244 vel

236 2259 307 2294 fola
333 2262 543 2306 temporalia,
570 2261 611 2295 ab
637 2261 733 2294 omni
759 2268 866 2293 autem
907 2258 1117 2294 Confirmato

236 2308 272 2343 &
299 2311 489 2354 temporalia
515 2311 548 2345 &
575 2310 753 2353 spiritualia
789 2307 884 2352 plene
922 2307 1118 2356 administra·

236 2361 281 2394 ri.
318 2360 411 2394 Hinc
450 2358 630 2405 Regalium
661 2359 851 2392 investitura
878 2357 975 2392 aliam
1013 2360 1117 2394 rursus

233 2408 346 2444 induit
357 2409 499 2444 faciem.-
531 2410 566 2444 δε
583 2409 769 2452 Episcopis‚
796 2409 830 2442 ὅ(
852 2406 1039 2443 Abbatibus
1060 2411 1119 2444 fie-

235 2459 265 2494 ri
283 2458 405 2503 ubique
430 2459 523 2502 caepit
543 2458 614 2503 post
635 2469 798 2501 acceptam
819 2456 860 2492 ab
886 2451 1114 2495 Ecclefiastico

235 2507 374 2543 Praelato
385 2509 689 2543 confirmationem.
717 2508 759 2541 Et
781 2506 844 2542 hoc
856 2518 947 2542 more
962 2507 1061 2544 hodie
1072 2511 1117 2545 vi·

237 2561 284 2592 vit
295 2559 401 2593 omnis
418 2559 536 2592 Latina
547 2557 688 2593 Ecclesia
706 2583 713 2589 .

286 2609 431 2654 Qaestio
441 2609 533 2643 tertia
546 2608 591 2643 est
605 2632 616 2648 ‚
641 2620 684 2642 an
698 2607 797 2642 L‘aica
810 2607 1005 2643 Antistitum
1019 2609 1111 2645 inve-

239 2655 348 2692 stitura
359 2658 450 2692 fuerit
461 2658 542 2693 olim
554 2658 652 2693 solius
664 2657 821 2702 Augusta:
832 2659 882 2691 vel
904 2658 1016 2703 Regiae
1036 2660 1110 2695 Ma-

239 2702 357 2746 jestatis
376 2709 461 2741 actus
480 2708 515 2741 &
535 2707 678 2752 dignitas
691 2732 702 2747 ,
728 2707 867 2750 ideoque
890 2709 1040 2744 Ducibus
1054 2722 1110 2745 aut

238 2753 427 2787 Comitibus
447 2767 513 2791 non
533 2758 697 2800 permissus
718 2759 731 2791 ἓ
769 2758 964 2801 Respondeo
999 2761 1110 2803 paffim

237 2804 330 2837 fuiffe
351 2814 434 2847 opus
444 2805 539 2839 solius
551 2807 745 2849 Majestatis.
773 2808 907 2841 Etenim
919 2808 960 2842 de
974 2811 1109 2845 Wiceli-

237 2864 285 2887 no
299 2877 310 2893 ‚
335 2854 414 2887 citra
436 2853 575 2888 Henrici
595 2857 717 2891 Leonis
749 2857 900 2892 Saxoniae
922 2858 1029 2894 Ducis
1062 2862 1109 2895 in-

237 2901 423 2936 vestituram
454 2903 489 2936 in
515 2903 795 2950 Aldeburgensem
820 2907 1021 2952 Episcopum
1053 2923 1108 2955 per

237 2953 442 2987 Harvvicum
463 2952 669 2988 Bremensem
703 2955 995 3001 Archiepiscopum
1029 2972 1104 2996 con-

239 3003 382 3042 secrato,
407 3002 546 3044 ideoque
571 3002 650 3036 dura
674 3005 811 3045 patiente
833 3007 874 3040 ab
899 3007 971 3041 irati
1003 3010 1108 3046 Ducis

238 3051 416 3092 violentia,
441 3050 550 3085 scribit
564 3053 598 3086 in
621 3052 806 3089 Sclavorum
828 3056 996 3093 Chronico
1018 3061 1106 3095 pres.

237 3101 330 3144 byter
353 3101 584 3135 Hemboldus:
621 3100 722 3144 Visum
752 3103 789 3142 est
815 3104 956 3148 Epist-opo
983 3111 1105 3144 verbum

236 3151 334 3190 istud,
359 3150 399 3184 de
425 3151 612 3195 accipienda
640 3163 693 3194 per
730 3153 860 3186 Ducem
897 3156 1103 3201 investitura,

235 3203 342 3235 durum
361 3224 375 3243 ‚
398 3211 431 3234 eo
454 3203 532 3244 quod
554 3201 616 3244 esset
639 3209 752 3243 praeter
779 3200 1026 3244 confhetudinem.
1064 3214 1106 3242 E-

228 3249 360 3296 piscopos
385 3256 464 3283 enim
489 3251 622 3290 investire
648 3250 739 3294 sblius
762 3255 978 3294 'Imperatoriae
1013 3261 1106 3298 Μαίρ-

230 3301 320 3343 statis
350 3299 407 3340 est.
433 3299 598 3334 Henricus
623 3301 704 3334 Dux
730 3303 826 3335 armis
853 3303 918 3336 suis
943 3304 1104 3343 subastam

234 3361 366 3384 omnem
391 3350 600 3384 Sclavoniam
625 3351 742 3385 fecerat
769 3351 1012 3395 Christianam,
1032 3359 1103 3392 fun·

234 3399 323 3434 datar
345 3423 356 3438 ‚
393 3408 489 3443 arque
523 3397 651 3434 dotarat
677 3401 882 3446 Episcopales
920 3403 1077 3442 Ecclefias
1096 3431 1107 3448 ‚

235 3448 372 3494 ideoque
395 3449 619 3485 investituram
642 3459 798 3494 tanquam
828 3453 990 3490 Patronus
1033 3469 1106 3503 Ρη.

331 3499 428 3540 christ
453 3504 529 3543 Lupi
542 3505 629 3543 oper.
643 3503 718 3535 Tom.
730 3505 781 3534 1V.

1176 317 1250 350 filiis
1261 320 1464 360 amicorum,
1492 321 1581 353 nulla
1604 321 1739 353 Ducalis
1758 333 1872 355 manus
1895 323 2052 357 violentia

1178 367 1287 400 induci
1302 369 1484 403 Wicelinus
1496 371 1604 414 potuit
1615 394 1626 410 ,
1642 371 1738 413 eique
1749 372 1921 405 confilium
1935 384 2052 418 rogan-

1176 417 1201 450 ti
1224 417 1389 460 tespondit
1414 420 1511 453 etiam
1533 420 1732 462 Hartvvicus
1753 421 1987 464 Metropolim,
2013 436 2053 458 ac

1177 469 1286 501 omnis
1298 469 1437 502 Ecclesia
1450 469 1648 503 Bremenfis:
1679 473 1814 503 Primum
1825 477 1856 504 in
1867 471 1917 505 hoc
1939 480 2052 516 negotio

1173 515 1294 559 pensari
1307 519 1392 553 debet
1405 520 1530 562 qualiter
1540 519 1722 558 investitum
1737 520 1911 563 Pontificum
1922 527 2053 566 Impera-⁴

1178 573 1262 600 toriae
1289 575 1407 601 tantum
1427 570 1588 611 dignitatis
1605 568 1666 609 sint
1679 571 1825 613 permc'ffae
1847 596 1857 611 ,
1893 584 1961 615 quae
1988 572 2052 617 sola

1176 618 1319 650 excellens
1341 643 1352 658 ‚
1389 619 1423 650 <st
1442 617 1505 659 pos}
1527 621 1622 650 Deum
1643 623 1675 649 in
1692 620 1765 659 filiis
1787 620 1935 655 hominum
1958 631 2053 664 praee-

1178 673 1292 701 minens
1312 691 1322 706 ,
1358 667 1435 699 bunc
1457 667 1589 699 honorem
1607 679 1663 700 non
1679 667 1742 708 fine
1765 670 1881 710 foenore
1914 674 2053 715 multipli-

1177 722 1248 748 citer
1269 716 1458 758 conquifivit.
1484 721 1590 759 Neque
1612 720 1806 757 Imperatores
1838 723 1992 763 digniffimi
2013 724 2051 756 le-

1180 772 1278 799 vitate
1299 765 1345 808 uſs
1356 765 1451 810 sunt,
1476 774 1508 799 ut
1532 764 1741 808 Episcoporum
1763 771 1880 800 Domim'
1914 783 2054 805 vocaren-

1178 826 1303 856 rentur‚
1326 814 1385 858 sed
1402 813 1621 859 compensarunt
1645 828 1756 849 noxam
1775 816 1851 850 hanc
1872 822 1966 860 ampli
1985 829 2052 856 imis

1180 870 1275 909 Regni
1297 866 1441 905 divum,
1465 867 1570 908 quibus
1597 865 1723 907 Ecclefia
1742 867 1874 909 copiosius
1897 870 1985 903 aucta
2005 873 2057 904 de-

1179 922 1292 949 centius
1330 916 1479 956 honestata
1495 941 1505 956 ‚
1535 917 1605 956 jam
1632 928 1689 950 non
1721 918 1782 950 vile
1809 926 1923 959 reputet
1949 919 1983 962 se
2012 922 2058 953 ad

1178 967 1321 999 modicum
1331 967 1424 1011 ceffiffe
1429 965 1603 1009 subjec‘lioni
1614 991 1624 1006 ‚
1646 978 1698 1000 nec
1707 966 1856 1010 erubeseat
1867 974 1920 1003 uni
1933 971 2056 1002 inclina·

1179 1022 1206 1049 ri
1219 1040 1229 1056 ‚
1245 1025 1301 1058 per
1313 1028 1397 1059 quem
1403 1018 1485 1058 poffit
1500 1022 1532 1050 in
1547 1018 1648 1050 multis
1661 1023 1829 1051 nominari.

1230 1067 1467 1110 Accipiendam
1478 1065 1495 1098 ὲ
1507 1067 1602 1100 Duce
1616 1068 1836 1104 investituram
1850 1093 1862 1109 ,
1889 1081 1926 1102 ac
1937 1070 2058 1112 praeser-

1180 1115 1239 1148 tim
1250 1115 1436 1151 faciendum
1448 1116 1498 1152 illi
1509 1117 1659 1157 manuale
1679 1115 1865 1152 hominium
1888 1119 2057 1152 Wicelino

1180 1166 1331 1206 acerrime
1349 1167 1508 1205 dissuadet
1530 1166 1730 1200 Hartvvicus
1753 1192 1763 1207 ,
1790 1167 1924 1202 suadens
1948 1169 2056 1212 potius

1182 1215 1364 1251 sustinenda
1388 1227 1576 1260 perpetuum
1595 1217 1756 1257 exilium,
1782 1227 1962 1253 extremam
1984 1230 2057 1262 pau-

1183 1266 1301 1308 periem
1315 1291 1325 1306 ‚
1354 1267 1388 1310 &
1403 1266 1527 1310 quasvis
1537 1267 1752 1301 calamitates.
1775 1267 1857 1301 Dux
1869 1269 1958 1302 enim
1971 1268 2061 1301 fisca-

1181 1315 1243 1350 lem
1263 1328 1398 1356 manum
1420 1312 1547 1351 miserat
1567 1316 1602 1350 in
1636 1327 1751 1350 omnes
1781 1318 2059 1363 Aldenburgensis

1185 1366 1329 1400 Ecclefiae
1351 1366 1576 1411 poffeffiones.
1617 1365 1662 1400 Et
1683 1365 1762 1400 hinc
1786 1368 1971 1402 Wicelinus
1990 1377 2061 1403 tan-

1180 1415 1257 1449 dem
1283 1417 1423 1452 mutavit
1446 1426 1613 1455 mentem,
1639 1418 1809 1462 pergitque
1830 1416 2060 1451 Hemboldus:

1181 1469 1267 1499 Venit
1277 1467 1322 1502 ad
1344 1469 1455 1500 Ducem
1483 1468 1628 1497 Dominus
1650 1465 1742 1503 noster
1760 1464 1922 1508 Epist-opus
1943 1467 2063 1501 Wicett-
2082 1466 2153 1502 Cap⁴
2173 1473 2219 1497 70·

1181 1526 1238 1548 nus
1251 1539 1261 1554 ‚
1287 1526 1395 1558 rogans
1402 1522 1461 1555 pro
1473 1512 1670 1556 Episcopatus
1675 1511 1724 1560 fiat
1743 1520 1940 1556 promotione.
1967 1520 2014 1550 Et
2014 1516 2065 1558 fe-

1180 1571 1219 1596 cit
1245 1566 1325 1605 quod
1348 1564 1487 1603 neceffitas
1524 1563 1692 1605 imperabat
1711 1588 1723 1605 ‚
1760 1566 1794 1605 (5
1824 1563 1950 1609 fitfiepit
1988 1569 2064 1608 Epi-

1175 1612 1328 1657 scopatum
1347 1622 1404 1656 per
1430 1619 1552 1657 virgam
1579 1615 1615 1649 de
1642 1625 1733 1646 manu
1759 1617 1868 1651 Ducis.
1915 1616 1965 1650 Ita
1994 1616 2064 1648 Du-

1182 1675 1253 1697 cem
1282 1663 1378 1707 plene
1404 1663 1566 1706 placavit,
1592 1663 1626 1696 &
1655 1663 1881 1708 Episcopalem
1907 1667 1997 1701 suam
2015 1665 2060 1700 di-

1180 1713 1340 1757 gnitatem
1368 1713 1538 1757 infigniter
1572 1713 1762 1756 ampliavit.
1801 1714 1926 1754 Verum
1964 1715 2064 1749 Hart-

1181 1766 1294 1796 vvicus
1324 1763 1539 1805 Metropolita
1576 1763 1613 1796 in
1651 1763 1817 1809 proposito
1852 1766 1913 1800 suo
1950 1766 2063 1799 firmus

1180 1812 1316 1856 perstitit
1338 1814 1437 1857 usque
1460 1812 1500 1846 ad
1522 1812 1603 1846 inira
1624 1812 1709 1849 inter
1734 1814 1863 1849 Ducem
1894 1816 1929 1851 &
1949 1814 2063 1854 Frede-

1178 1863 1284 1897 ticum
1321 1862 1556 1906 Imperatorem
1582 1861 1791 1898 Concordata
1810 1887 1821 1903 ‚
1867 1863 1909 1899 de
1942 1864 2063 1909 quibus

1180 1911 1326 1946 laudatus
1347 1912 1556 1947 Hemboldus
1574 1926 1585 1944 :
1612 1916 1687 1949 Dux
1710 1916 1795 1956 apud
1813 1916 1966 1958 Caes'arem
1988 1915 2062 1950 obti-
2083 1928 2156 1966 cap,
2174 1929 2218 1962 87·

1179 1967 1244 1995 nuit
1267 1960 1482 1995 authoritatem
1504 1960 1707 2006 Episcopatus
1725 1962 1869 2007 susi-itare
1882 1984 1898 2006 ,
1920 1965 2061 2007 dam&

1176 2011 1345 2053 confirmare
1358 2017 1390 2045 in
1400 2018 1478 2045 omni
1492 2022 1573 2045 terra
1583 2012 1755 2046 sclavorum
1767 2038 1778 2054 ,
1804 2025 1893 2056 quam
1906 2017 1959 2048 vel
1970 2014 2032 2058 ips?
2047 2039 2061 2058 ,

1177 2063 1229 2094 vel
1237 2064 1440 2107 Progenitores
1445 2061 1494 2104 sui
1500 2060 1740 2106 subjugaverant
1750 2058 1879 2106 m'clypeo
1884 2063 1938 2107 suo
1949 2066 1983 2102 cit
1985 2066 2060 2109 jure

1177 2112 1273 2147 Belli.
1300 2112 1418 2156 quue
1445 2111 1615 2156 privilegio
1626 2113 1707 2148 Dux
1721 2113 1875 2156 deinceps
1885 2114 1949 2147 fuit
1963 2114 2054 2148 usus.

1176 2161 1256 2207 Qo
1266 2161 1367 2195 etiam
1377 2162 1471 2197 usum
1484 2161 1575 2194 fuisse
1588 2161 1775 2204 *Britanniae
1797 2162 1966 2197 Comitem
1979 2189 1990 2204 ,
2017 2164 2061 2198 li-

1177 2220 1254 2252 quet
1277 2222 1319 2244 ex
1349 2211 1465 2244 litteris
1486 2210 1641 2254 Gregorii
1660 2211 1786 2254 septimi
1807 2212 1981 2247 pontificis
2015 2211 2057 2250 ad

1177 2259 1393 2304 Rudolphum
1424 2258 1716 2304 Archiepiscopurn
1747 2261 1993 2298 Turonensem.
2021 2262 2055 2299 A
2077 2268 2139 2298 Lib.
2165 2279 2192 2304 ⁴·

1175 2309 1324 2344 Roberto
1345 2311 1425 2344 item
1445 2308 1604 2343 Flandriae
1625 2309 1760 2349 Comite
1793 2311 1938 2347 Abbates
1974 2325 2056 2347 con·
2076 2307 2163 2347 Epist.
2187 2317 2229 2345 13·

1177 2361 1274 2394 suefl’e
1304 2359 1446 2397 investiri
1490 2359 1624 2403 testatur
1666 2361 1798 2394 Sanctus
1839 2361 1892 2395 An
1901 2363 2017 2397 selmus
2042 2388 2050 2395 .

1177 2409 1279 2457 Qod
1313 2410 1391 2445 item
1423 2406 1589 2443 Robertus
1625 2411 1838 2446 Normandiae
1870 2413 1994 2447 Comes
2018 2413 2051 2448 δε

1178 2460 1357 2504 Episcopos
1378 2460 1412 2498 &
1430 2459 1577 2494 Abbates
1610 2460 1829 2502 investiverit,
1856 2462 1991 2497 testatur
2016 2463 2053 2496 in

1178 2510 1274 2544 variis
1308 2509 1463 2553 Epistolis
1484 2510 1615 2543 Sanctus
1637 2509 1695 2543 Ivo
1713 2510 1893 2555 Episcopus
1925 2512 2052 2547 Carnu-

1175 2561 1290 2594 tenfis.
1320 2559 1423 2608 Qod
1445 2560 1550 2601 ipsum
1571 2559 1620 2602 jus
1642 2561 1734 2594 fuiffe
1757 2560 1967 2604 Campaniae,
1999 2563 2051 2598 Sa·
2071 2574 2131 2604 Lib,
2155 2582 2184 2610 3,

1174 2609 1322 2651 baudiae,
1360 2610 1394 2644 &
1423 2608 1681 2654 Andegavorum
1705 2610 2050 2647 Comitibusostendit
2070 2615 2145 2653 Epist
2180 2623 2224 2651 59·

1173 2660 1289 2695 Petrus
1303 2658 1344 2693 de
1364 2659 1499 2693 Marca.
1531 2660 1572 2693 Et
1594 2659 1673 2694 hinc
1693 2660 1872 2705 Gregorius
1895 2663 2048 2706 septimus

1175 2722 1239 2743 non
1255 2708 1360 2743 solum
1375 2710 1408 2742 in
1422 2710 1616 2752 Imperatore
1634 2722 1689 2750 ‚ac
1700 2710 1847 2756 Regibus
1859 2737 1868 2752 ‚
1881 2712 1933 2745 sed
1945 2712 2045 2746 etiam

1173 2761 1206 2794 in
1229 2759 1402 2799 Ducibus,
1429 2757 1704 2802 Marchionibus,
1730 2761 1763 2799 δεῖ
1786 2762 1974 2797 Comitibus
1999 2762 2046 2795 in-

1174 2810 1363 2847 vestituram
1375 2808 1562 2845 damnavit.

2069 2695 2221 2729 L.8.c.z5.

1374 3089 1686 3136 CAPUT
1755 3094 1833 3139 111.

1236 3227 1298 3269 An
1322 3226 1448 3269 Laica
1473 3225 1691 3289 investitura
1705 3229 1763 3293 fit
1776 3230 1970 3296 Haerefis?

1244 3362 1295 3395 Sse
1324 3362 1476 3399 Haerefim
1499 3365 1579 3400 adeo
1600 3367 1784 3404 constanter
1805 3371 1887 3405 olim
1920 3371 2034 3405 docuit

1269 3411 1442 3447 Goffredus
1464 3414 1577 3450 Abbas
1598 3416 1853 3455 Vindocinenfis
1875 3445 1885 3459 ‚
1921 3430 1956 3453 ut
1980 3420 2034 3462 ipsi

1166 3460 1310 3497 Paschali
1332 3464 1472 3499 secundo
1497 3465 1674 3552 ΡοηῑίΕΞ-ζί,
1700 3471 1758 3514 qui
1784 3471 2034 3529 utleziittipstim
