2352 3736
86 2509 116 2539 1..
129 2515 224 2537 z.‘:·²..

93 3003 130 3034 C.
144 3008 174 3036 6.

97 3195 217 3236 Epist06.

675 115 1169 159 DECRETUM

258 199 346 244 ‚ioiiet
358 231 369 248 ,
394 211 485 241 etiam
505 209 603 239 invito
616 209 728 248 Legato
742 215 776 236 ac
799 211 936 237 renuente
947 202 1057 243 templa
1067 198 1138 242 rese-

256 265 360 298 ravit,
389 258 518 291 vinculis
537 257 714 296 &custodiis
740 253 954 288 circumcinetus
981 250 1138 284 monachos

257 321 293 342 ac
319 309 487 342 sacerdotes
506 312 617 339 exemit
641 332 651 347 ,
676 307 711 339 &
739 303 940 345 tempestatem
953 327 964 343 ,
989 314 1050 344 qua
1072 311 1141 333 tunc

250 359 430 401 jae‘labatur
445 361 649 397 Byzantium,
670 355 811 399 sedavit.
839 352 883 386 Et
897 352 1017 386 exinde
1038 350 1141 385 Graeci

257 421 373 443 omnes
389 409 518 444 Latinis
540 406 655 441 ritibus
677 413 844 447 coeperunt
865 400 1081 446 impotentius
1092 400 1145 434 ad-

257 460 372 493 versari
392 485 398 492 .
425 459 528 492 Tunc
547 457 638 492 enim
659 455 796 497 scriptus
816 453 943 487 videtur
963 452 1019 486 ille
1041 450 1143 487 Schis-

257 511 396 544 maticus
422 509 633 553 plurimarum
646 506 679 538 in
692 516 753 538 nos
765 504 1004 537 calumniarum
1017 502 1145 537 indicu-

258 561 323 600 lus,
352 560 410 604 qui
432 558 542 603 postea
561 558 595 591 in
609 554 987 597 Constantinopolitano
1009 553 1144 586 Parrum

259 610 510 644 Praedicatorum
535 607 715 641 Conventu
727 615 870 648 repertus
893 603 989 638 habet
1010 599 1144 635 &hunc

258 661 433 694 articulum
459 672 467 691 ε
497 659 697 689 Promotiones
724 652 934 697 Epifioporum
960 655 995 687 o·
1020 653 1145 684 clerico-

257 711 323 743 rum
333 721 390 743 non
410 717 465 750 per
475 719 559 739 omne
583 714 700 747 tempus
718 705 883 746 perficiunt
894 707 1001 736 Latini
1028 701 1141 740 Antisti

259 770 303 793 tes
317 784 327 800 ‚
347 757 407 801 sed
427 758 545 789 tantum
557 763 590 789 in
612 767 690 789 anno
700 763 806 798 quater
821 779 833 794 ,
859 756 893 787 (θ’
900 763 957 795 per
977 750 1145 794 observabi-

258 812 316 844 lem
337 810 439 841 a'iem.
467 812 554 840 Nam
578 809 644 840 cum
671 812 746 838 anni
761 814 887 846 quatuor
909 812 1044 844 tempora
1061 800 1121 843 fini
1135 827 1144 841 ‚

254 858 365 903 scilicet
386 882 396 897 ,
422 862 480 891 Ver
504 882 514 897 ,
541 856 650 895 AEstas
671 880 681 895 ‚
710 859 877 887 Autumnus
901 877 911 893 ‚
940 858 1072 892 Hyems‚
1099 852 1135 885 ho

257 920 325 941 rum
349 917 509 950 temporum
532 912 620 939 initia
633 932 644 945 ‚
666 906 834 947 primordia
856 903 959 945 mensis
971 907 1081 936 Martii
1091 902 1146 946 sci-

258 961 345 996 ficet,
365 962 487 1003 santi,
514 956 721 999 Septembris,
745 965 836 997 atque
859 954 1029 987 Decembris
1055 952 1147 997 obser-

259 1018 339 1041 vant
360 1033 366 1040 .
394 1013 431 1041 ln
448 1013 558 1049 primis
581 1004 822 1040 Hebdomadibus
845 1006 973 1037 clericos
1001 1030 1013 1045 ‚
1043 1008 1145 1036 Diaco—

262 1071 314 1091 nos
342 1083 353 1098 ‚
380 1059 570 1097 Presbyteros
597 1082 608 1097 ‚
635 1054 795 1098 Episcopos
818 1063 999 1096 promovent
1026 1068 1037 1088 .·
1062 1056 1145 1087 Male

254 1108 417 1153 sentientes
444 1112 477 1141 (9¹
497 1108 673 1145 barbarice,
701 1107 866 1139 adventum
891 1107 1022 1146 spiritus
1045 1105 1146 1137 SanHi

261 1172 318 1192 non
337 1158 497 1202 secundum
535 1164 681 1191 vlrtutem
719 1159 926 1188 Promoventis
955 1157 989 1189 ὢ·
1018 1159 1148 1187 Promoti

259 1210 445 1242 arbitrantes
472 1207 649 1250 descendere
663 1231 672 1244 ,
694 1204 751 1248 [ἑά
771 1205 873 1239 diebus
895 1204 1075 1247 quibusdam
1093 1215 1148 1246 pu-

260 1269 332 1293 tant
354 1259 432 1292 hum·
450 1264 552 1291 venire
565 1282 575 1296 ,
600 1267 633 1289 ut
651 1255 818 1298 insipientes
834 1281 841 1287 .
871 1255 1028 1289 Latinum
1042 1255 1150 1289 Cano-

259 1319 335 1342 nem
351 1333 361 1348 ‚
389 1309 445 1351 qui
469 1309 640 1341 Sacrorum
653 1307 818 1341 Ordinum
842 1304 1060 1340 donationem
1073 1317 1149 1348 qua-

260 1369 336 1392 tuor
346 1360 424 1391 anni
439 1358 640 1400 temporibus
653 1356 841 1401 adstringit,
869 1356 972 1390 Graeci
985 1366 1065 1390 tunc
1077 1357 1149 1390 sunt

265 1407 348 1443 adeo
371 1406 536 1441 hostiliter
555 1407 689 1442 aversati
704 1432 711 1438 .

316 1459 360 1492 Et
392 1460 465 1492 sunt
495 1456 685 1490 calumniati
707 1455 910 1490 mendaciter
929 1481 937 1488 .
965 1455 1039 1489 Nec
1058 1455 1147 1489 enim

265 1507 451 1552 supremum
463 1508 692 1551 Episcopatus,
704 1517 758 1540 aut
770 1507 915 1539 minores
926 1506 1058 1538 infimos
1069 1529 1079 1544 ‚
1096 1503 1148 1537 sed

261 1562 349 1594 solos
370 1560 541 1593 Sacrorum
556 1556 721 1590 Ordinum
750 1555 875 1587 medios
887 1554 1006 1598 gradus
1027 1555 1146 1587 Canon

261 1609 433 1651 adstringit
462 1608 503 1640 ad
525 1616 665 1647 quatuor
679 1615 825 1647 tempora
840 1629 847 1636 .
875 1604 943 1637 Isto
966 1603 1046 1637 item
1070 1613 1150 1637 tem-

258 1669 338 1702 pore
357 1657 457 1691 etiam
471 1655 662 1693 Orthodoxi
689 1655 877 1688 Graecorum
891 1654 1013 1687 Clerici
1038 1654 1148 1695 paffim

259 1709 437 1742 noluerunt
464 1706 608 1741 ordinari
629 1706 647 1739 a
671 1705 734 1738 suis
746 1704 876 1738 Latinis
899 1702 1091 1745 Episcopis‚
1116 1703 1149 1736 <Sc

260 1757 301 1791 de
323 1758 394 1801 ipsis
414 1757 453 1791 ad
479 1758 573 1790 suurn
586 1752 878 1796 Constantinopoli
893 1752 1057 1796 Legatum
1078 1753 1150 1786 scri-

258 1809 316 1851 psit
330 1808 546 1841 Innocentius
559 1804 670 1839 tertius
685 1817 691 1836 :
718 1806 749 1836 51·
762 1802 924 1845 secundum
944 1815 1051 1835 morem
1065 1806 1149 1836 Grae-

257 1870 353 1891 corum
360 1857 458 1899 fuerit
470 1858 631 1890 ordinatus
645 1879 655 1894 ,
682 1854 747 1886 licet
761 1854 927 1894 culpandus
932 1851 969 1894 fit
981 1851 1148 1895 Episcopus

260 1913 412 1947 Latinus,
438 1912 489 1949 qui
513 1907 639 1938 clericos
659 1901 729 1947 suos
755 1906 889 1935 ‹iGraeco
910 1902 987 1944 facit
1016 1903 1149 1943 Antistite

258 1960 416 1996 ordinari,
442 1957 587 1999 quamdiu
611 1964 710 1987 tamen
726 1955 797 1986 talis
812 1965 874 1985 mos
888 1953 925 1985 ab
939 1952 1067 1993 Ecclesia
1081 1953 1148 1986 tole—

257 2004 344 2041 ratur
367 2009 510 2049 impediri
535 2007 694 2038 ordinatus
720 2015 777 2036 non
804 2004 891 2036 debet
917 2004 956 2036 ab
982 2008 1149 2036 executione

259 2060 408 2091 ordinum
435 2058 536 2089 taliter
552 2053 769 2098 susceptorum.
801 2053 935 2086 Morem
961 2053 1057 2086 istum
1069 2053 1150 2087 tole-

258 2109 318 2141 rari
341 2106 502 2150 compulit
528 2106 593 2148 jam
616 2113 834 2138 memoratum
865 2104 985 2136 fastum
1008 2104 1146 2137 Henrici

260 2158 465 2200 Imperatoris
480 2181 487 2188 .
515 2155 613 2189 Adeo
633 2166 713 2188 tunc
736 2154 795 2187 iste
818 2163 889 2186 mos
911 2152 1051 2187 invaluit
1074 2177 1085 2193 ‚
1111 2163 1148 2186 ut

260 2208 418 2252 pleraeque
438 2216 517 2240 tunc
536 2205 554 2238 ὲ
569 2205 696 2239 Latinis
712 2215 877 2246 occupatae
891 2204 1079 2237 Graecorum
1091 2203 1149 2237 Ci-

260 2259 379 2291 vitates
400 2257 512 2300 paffim
537 2255 712 2289 habuerint
731 2254 815 2289 duos
830 2253 1032 2297 Episcopos,
1061 2253 1149 2287 Lati-

260 2319 342 2341 num
366 2307 400 2341 &
413 2307 563 2340 Graecum
579 2330 586 2337 .

311 2356 479 2391 Laudatus
498 2356 538 2390 de
569 2357 732 2399 quaternis
759 2355 927 2389 Sacrarum
952 2352 1146 2388 Ordinatio-

259 2418 340 2440 num
353 2406 554 2450 temporibus
568 2405 686 2440 Canon
711 2405 810 2438 etiarn
822 2402 908 2448 apud
920 2404 1059 2437 Latinos
1077 2415 1143 2436 non

257 2458 304 2491 est
329 2457 588 2500 antiquissimus.
611 2454 711 2490 Recte
733 2455 843 2490 scribit
866 2454 1051 2487 Amalarius
1071 2453 1147 2487 For-

259 2515 392 2541 tunatus
406 2520 416 2540 :
444 2509 604 2539 Ordinatio
626 2510 657 2537 in
672 2514 794 2548 quatuor
817 2504 996 2546 temporibus
1009 2505 1029 2535 ἂ
1036 2509 1145 2545 primis

260 2556 415 2600 Episcopis
448 2556 593 2590 celebrata
614 2567 671 2589 non
694 2555 763 2597 fuit
789 2581 795 2587 .
826 2555 959 2589 Etenim
980 2555 1080 2597 usque
1101 2553 1142 2587 ad

262 2608 367 2641 Sancti
389 2607 544 2650 Sylvestri
564 2617 711 2649 tempora
727 2605 853 2639 nullum
867 2605 912 2639 est
937 2605 1033 2647 ipsius
1051 2603 1142 2638 vesti-

262 2657 356 2700 gium
370 2681 380 2696 ‚
407 2658 496 2691 nulla
508 2656 666 2690 memoria
679 2680 686 2687 .
714 2656 807 2689 Hinc
820 2656 988 2703 Qintum
1004 2654 1144 2688 Nolanae

265 2706 414 2739 Ecclefiae
433 2705 663 2748 Presbyterum
685 2705 778 2740 fuisse
802 2709 949 2750 quinque
969 2713 1043 2738 ante
1068 2705 1143 2739 San-

263 2758 349 2790 stum
376 2755 518 2789 Felicem
559 2756 733 2800 Collegam
767 2755 882 2790 diebus
917 2756 1146 2789 consecratum

264 2805 374 2840 scribit
394 2806 427 2838 in
449 2803 566 2838 Felicis
587 2805 655 2840 vita
680 2805 888 2840 Venerabilis
913 2803 1001 2839 Beda
1025 2830 1031 2837 .
1073 2805 1145 2838 Nec

265 2857 344 2889 item
363 2855 408 2889 est
435 2853 592 2888 memoria
609 2854 734 2888 dudum
764 2855 832 2898 post
845 2855 1043 2899 Sylvesttum
1059 2880 1065 2886 .
1092 2855 1146 2889 Et-

263 2907 353 2940 enim
377 2906 417 2938 de
444 2906 562 2939 Sanno
599 2903 775 2938 Ambrosio
800 2904 907 2938 adhuc
933 2905 1145 2941 Catechume-

266 2969 334 2996 no,
361 2956 394 2989 ὃς
419 2954 435 2987 ὲ
459 2953 759 2988 Mediolanensibus
781 2954 822 2989 ad
846 2954 1080 2998 Episcopatum
1102 2967 1146 2989 ra-

266 3016 346 3049 pto,
372 3005 482 3040 scribit
494 3004 665 3047 Presbyter
676 3003 852 3038 Paulinus:
881 3007 1066 3047 Baptizatus
1080 3004 1147 3046 fer-

266 3065 316 3088 tur
328 3063 425 3088 omnia
438 3054 632 3096 Ecclesiastica
649 3054 739 3096 officia
763 3055 889 3098 impleffe
900 3080 910 3096 ‚
937 3065 1026 3097 atque
1039 3054 1146 3089 offla-va

265 3106 314 3138 die
335 3104 499 3148 Episcopus
521 3107 675 3138 ordinatus
697 3103 734 3144 est
748 3129 755 3136 .
785 3104 898 3148 ltaque
921 3106 1144 3140 Diaconatum

263 3166 303 3189 ac
315 3155 576 3197 Presbyteratum
598 3167 665 3189 non
689 3154 793 3198 potest
819 3155 851 3187 in
864 3164 1003 3197 quatuor
1023 3165 1147 3199 tempo-

264 3215 338 3239 rum
350 3204 521 3239 Sabbathis
533 3206 685 3249 accepisse
701 3230 707 3236 .
735 3206 779 3238 Et
791 3204 808 3236 ὲ
822 3203 1078 3239 Barchinonenfi
1092 3217 1148 3248 po·

265 3255 346 3300 pulo
368 3264 476 3298 raptus
500 3257 633 3290 Sandius
644 3248 802 3289 Paulinus
826 3254 844 3288 a
858 3254 997 3298 Lampio
1020 3254 1147 3298 Episco-

265 3318 311 3350 po
333 3305 441 3339 statim
465 3305 529 3338 fuit
550 3317 593 3339 ex
604 3306 709 3339 Laico
730 3304 902 3347 Presbyter
921 3304 1124 3340 consectatus
1139 3332 1146 3339 .

266 3355 316 3391 lta
338 3354 446 3389 scribit
470 3355 536 3398 ipse
558 3355 593 3388 in
619 3355 736 3389 litteris
759 3355 799 3390 ad
821 3355 992 3389 Severum.
1020 3355 1147 3390 Eodem

268 3406 370 3440 modo
395 3406 486 3440 fuiffe
517 3404 558 3440 ab
581 3404 783 3450 Hipponensi
806 3405 929 3451 populo
961 3411 1088 3450 raptum
1114 3407 1147 3441 <Sc

1187 851 1191 959 l

1241 124 1662 156 TERTIUM.
1926 123 2020 168 295

1199 199 1216 232 a
1230 198 1366 232 Valerio
1383 197 1548 242 Episcopo
1570 197 1792 232 consecratum
1803 194 1956 230 Sanetum
1970 193 2087 239 Augu»

1203 249 1325 282 stinum
1338 249 1472 282 testatur
1490 250 1624 282 Sanctus
1636 245 1815 281 Poffidius.
1846 244 1998 280 Eandem
2019 245 2088 279 vio·

1202 298 1335 331 lentiam
1360 298 1503 342 aPappo
1516 299 1680 342 Episcopo
1702 297 1838 332 Sanctus
1860 294 2087 338 Epiphanius,

1202 348 1242 382 ab
1254 347 1441 392 Epiphanio
1464 350 1562 383 frater
1574 348 1681 383 Sansti
1703 346 1906 388 Hieronymi
1922 345 2089 380 Paulinia-

1207 410 1286 440 nus,
1313 400 1369 433 alii
1391 399 1433 434 ab
1455 400 1528 433 aliis
1549 396 1679 442 &apud
1691 397 1831 432 Latinos
1849 397 1884 430 ὅ(
1898 396 1984 439 apud
2003 395 2092 431 Grn-

1203 460 1259 483 cos
1280 449 1410 484 fuerunt
1432 449 1616 492 frequenter
1637 448 1729 493 paffi.
1756 446 1861 496 de
1875 446 2091 491 nempeSacri

1204 498 1347 534 Ordines
1360 500 1458 534 nullis
1465 510 1546 533 tunc
1554 500 1653 534 essent
1667 498 1755 532 affixi
1766 496 1957 533 sabbathis.
1984 493 2092 544 Qud

1207 551 1311 593 ipsum
1333 549 1440 584 lucide
1460 560 1548 592 patet
1570 561 1611 583 ex
1642 549 1786 591 superius
1810 547 1941 583 laudata
1970 547 2093 591 Magni

1205 601 1328 634 Leonis
1356 600 1396 635 ad
1428 601 1628 634 Dioscorum
1656 598 1802 642 Epistola
1825 624 1832 630 .
1871 597 1904 632 A
1926 597 2093 633 Dioscoro

1205 649 1395 685 servandum
1407 649 1496 692 jubet
1510 649 1743 692 Apostolicum
1754 648 1930 683 Canonem
1946 673 1957 688 ,
1979 649 2013 683 δε
2024 648 2094 682 Ro-

1205 712 1309 734 manae
1336 701 1486 734 Ecclefiae
1508 710 1634 733 morem
1659 723 1670 738 ,
1706 698 1848 741 ideoque
1867 699 2091 743 prosequitur:

1203 752 1339 783 Studiose
1363 750 1553 782 Dileeiionem
1573 758 1656 781 tuam
1682 749 1717 781 (θ’
1734 747 1934 789 familiariter
1954 751 2093 782 admone·
2109 745 2184 785 Cap·
2200 755 2228 776 ²·

1205 813 1291 840 mus,
1318 808 1348 832 ut
1358 800 1438 842 quod
1457 799 1559 839 nosirae
1571 797 1772 842 consuetudini
1792 808 1832 831 ex
1837 797 1943 838 forma
1950 807 2094 839 paternae

1204 852 1377 884 traditionis
1403 847 1510 893 insedit
1523 875 1533 890 ‚
1558 857 1611 883 tua
1630 859 1747 891 quoque.
1764 859 1834 881 cura
1857 859 1914 881 non
1936 849 2069 891 negligat
2081 872 2094 888 ,

1205 911 1239 935 ut
1257 910 1315 943 per
1337 907 1435 934 omnia
1457 901 1538 934 nobis
1558 901 1593 933 Θ
1609 900 1673 942 fide
1692 898 1854 932 &auibus
1876 910 2072 941 congruamus
2085 922 2095 929 .

1206 955 1332 993 Propter
1354 953 1434 994 quod
1452 958 1598 985 remeanti
1603 951 1667 994 filio
1689 949 1781 990 nostro
1795 949 1950 989 Poffidonio
1974 949 2097 986 Presby-

1205 1012 1264 1036 tero
1288 1027 1298 1043 ,
1324 1002 1400 1035 banc
1421 1003 1466 1035 ad
1484 1005 1725 1035 Fraternitatem
1747 1010 1832 1033 tuam
1853 1000 1990 1033 dedimus
2016 1003 2096 1042 Epi-

1200 1052 1306 1095 stolam
1321 1052 1538 1095 perferendam
1564 1077 1575 1092 ‚
1603 1058 1654 1093 qui
1676 1050 1780 1091 nostris
1802 1048 2020 1092 proceffionibus
2047 1058 2098 1083 at-

1207 1116 1263 1147 que
1288 1103 1524 1137 ordinationibus
1550 1101 1728 1143 frequenter
1754 1101 1893 1142 interfuit
1913 1126 1924 1141 ‚
1953 1102 1988 1134 Θ
2006 1105 2096 1134 toties

1208 1157 1252 1187 ad
1275 1166 1327 1187 nos
1352 1154 1453 1196 mtffus
1479 1178 1489 1193 ‚
1516 1153 1591 1195 quid
1622 1163 1653 1183 tn
1686 1151 1823 1183 omnibus
1850 1150 2014 1193 Apostolicae
2045 1152 2106 1184 se:

1209 1207 1259 1237 dis
1279 1205 1452 1237 auc‘loritate
1476 1211 1639 1237 teneremus
1658 1227 1669 1243 ,
1696 1207 1822 1245 agnovit
1845 1226 1851 1233 .
1879 1200 1978 1235 Clare
2001 1200 2117 1244 profi-⁴„

1209 1265 1294 1289 tetur
1315 1259 1409 1288 omni
1436 1252 1583 1288 Ecclesiae
1606 1263 1687 1287 tunc
1707 1252 1801 1286 fuiffe
1824 1251 1963 1285 unicum
1987 1251 2098 1286 Cano-

1212 1318 1285 1339 nem
1308 1306 1340 1339 &
1353 1315 1477 1339 morem
1492 1330 1498 1336 .

1260 1355 1365 1388 Porro
1379 1355 1433 1389 hic
1445 1356 1565 1389 Canon
1580 1353 1669 1387 aliud
1690 1365 1759 1387 non
1770 1352 1970 1393 mandabat,
1997 1363 2099 1396 quam

1209 1415 1243 1438 ut
1264 1417 1321 1438 non
1328 1407 1431 1446 paffim
1452 1405 1554 1438 diebus
1565 1404 1699 1437 omnibus
1720 1404 1920 1437 sacerdotalis
1942 1403 1997 1437 vel
2007 1405 2101 1437 Levi-

1210 1461 1270 1487 tica
1291 1456 1441 1487 ordinatio
1463 1454 1623 1487 celebretur
1650 1477 1661 1492 ,
1686 1452 1744 1495 sed
1760 1452 1821 1493 post
1848 1454 1927 1485 diem
1952 1451 2101 1487 sabbathi

1210 1507 1279 1544 ejus
1291 1505 1383 1536 noeiis
1400 1528 1410 1543 ,
1436 1515 1504 1545 quae
1526 1510 1558 1535 in
1566 1509 1671 1544 prima
1685 1501 1832 1535 sabbathi
1855 1499 1970 1544 luceftit
1981 1526 1993 1542 ‚
2017 1513 2101 1536 exor-

1210 1555 1264 1586 dia
1277 1552 1450 1597 deligantur
1463 1577 1474 1592 ‚
1501 1559 1534 1585 in
1557 1552 1662 1594 quibus
1686 1552 1732 1584 bis
1758 1557 1809 1594 qui
1825 1549 2012 1594 consecrandi
2028 1550 2103 1594 sunt

1203 1606 1322 1644 jeJ'unis
1339 1627 1349 1642 ,
1376 1605 1409 1637 Θ
1432 1605 1451 1634 ἃ
1466 1602 1684 1644 jejunantibus
1706 1599 1796 1645 sacra
1819 1601 1982 1635 benedicito
2003 1601 2102 1644 confe-

1210 1663 1312 1685 ratur.
1342 1654 1438 1695 ‚Quod
1447 1652 1577 1695 ejusdem
1589 1650 1791 1694 observantia
1802 1658 1860 1685 erit
1874 1677 1885 1693 ‚
1905 1652 2030 1694 fimane
2039 1650 2105 1695 ipso

1209 1705 1360 1735 Dominico
1386 1703 1434 1735 die
1448 1728 1458 1743 ,
1484 1709 1654 1735 continuato
1677 1700 1822 1734 sabbathi
1838 1704 1958 1743 jejunio
1981 1703 2102 1736 celebre-

1207 1761 1256 1785 tur
1279 1776 1290 1792 ,
1317 1754 1337 1784 a
1359 1764 1413 1794 quo
1437 1761 1565 1794 tempore
1581 1753 1784 1794 praecedentis
1809 1752 1905 1785 noc‘lts
1927 1757 2019 1786 initia
2043 1763 2103 1786 non

1208 1803 1348 1836 recedunt
1367 1827 1377 1842 ,
1404 1814 1494 1844 quam
1515 1803 1559 1835 ad
1570 1804 1654 1836 diem
1666 1800 1896 1845 Resurrec‘lionis
1919 1806 2105 1844 Dominicae,

1204 1852 1275 1894 ficut
1300 1858 1391 1885 etiam
1415 1860 1448 1886 in
1462 1851 1579 1896 Pascha
1594 1856 1715 1885 Domini
1737 1852 1905 1886 declaratur
1920 1877 1932 1893 ‚
1952 1858 2105 1895 pertinere

1207 1914 1264 1935 non
1285 1902 1408 1935 dubium
1433 1902 1489 1943 est.
1517 1904 1654 1937 Sanetus
1667 1903 1738 1936 Leo
1761 1902 1912 1937 adfirmat
1938 1902 2026 1937 hunc
2039 1904 2104 1939 'effe

1209 1953 1385 1986 Canonem
1401 1953 1635 1994 Apostolicum
1650 1978 1657 1984 .
1687 1952 1822 1986 Etenim
1834 1953 1990 1996 Apostoli
2004 1953 2020 1987 a
2032 1953 2106 1999 glo·

1208 2004 1334 2036 rificato
1357 2013 1411 2045 per
1425 2002 1708 2036 Resurrectionem
1729 2002 1883 2036 Domino
1906 2003 2104 2038 audierunt:

1210 2058 1336 2095 Accipite
1346 2054 1491 2094 Spiritum
1504 2052 1667 2094 Sam‘lum,
1693 2064 1817 2095 quorum
1838 2051 2012 2096 remiseritis
2033 2061 2105 2096 pec-

1196 2111 1296 2142 ‘cata‚
1324 2109 1518 2136 remittuntur
1543 2109 1586 2136 eis
1602 2128 1609 2135 .
1637 2103 1675 2136 ln
1691 2103 1745 2137 die
1767 2103 1955 2137 Dominico
1968 2104 2102 2139 suntita.

1207 2153 1385 2188 consecrati
1410 2153 1598 2194 Sacerdotes
1621 2177 1628 2184 .
1667 2152 1780 2187 Etiam
1805 2153 1839 2186 in
1867 2153 1922 2188 die
1943 2153 2103 2189 Domini-

1208 2216 1245 2237 ca
1282 2213 1474 2244 acceperunt
1510 2203 1650 2243 Spiritus
1687 2204 1797 2238 Sancti
1835 2204 2100 2247 plenitudinem.

1209 2252 1333 2287 Eadem
1356 2255 1435 2287 item
1456 2251 1510 2287 die
1532 2252 1673 2287 Paulum
1695 2254 1727 2287 &
1754 2253 1939 2288 Barnabam
1962 2279 1973 2296 ‚
1999 2256 2034 2290 ὅ(
2055 2255 2102 2290 se-

1208 2314 1295 2347 ptem
1315 2303 1488 2337 Diaconos
1502 2328 1512 2343 ,
1538 2303 1571 2337 &
1585 2303 1714 2345 quosvis
1736 2304 1819 2338 alios
1840 2305 2101 2346 consecrarunt,

1209 2354 1379 2388 &cunstis
1402 2354 1465 2387 suis
1478 2353 1719 2388 Succefforibus
1743 2355 1885 2390 fixerunt
1907 2357 2100 2392 consecran-

1209 2403 1243 2438 di
1259 2404 1366 2448 legem
1379 2427 1386 2435 .
1416 2404 1458 2438 Et
1470 2404 1571 2447 jejuni
1583 2406 1813 2439 consecravere
1823 2404 1952 2448 jejunos
1967 2432 1974 2439 .
2002 2407 2100 2442 Hinc

1209 2465 1286 2499 ergo
1311 2453 1544 2489 Hierarchicos
1557 2480 1567 2495 ‚
1594 2465 1677 2499 quos
1697 2455 1783 2490 solos
1801 2455 1936 2491 laudant
1949 2457 2098 2492 Canoni⁴

1209 2517 1250 2539 cae
1277 2503 1516 2548 Apostolorum
1544 2505 1658 2539 litterae
1685 2529 1697 2545 ‚
1741 2505 1885 2541 Ordines
1911 2508 2098 2543 Dominica

1209 2556 1381 2589 dumtaxat
1405 2553 1459 2589 die
1480 2556 1603 2598 semper
1627 2555 1719 2590 dedit
1741 2557 1774 2590 ἀ
1794 2555 1912 2599 jejunis
1934 2558 2036 2601 &per
2055 2558 2098 2602 je·

1209 2606 1306 2648 junos
1327 2605 1438 2638 omnis
1461 2605 1605 2638 Ecclesia
1628 2629 1635 2636 .
1674 2605 1717 2639 Et
1741 2607 1817 2650 quia
1842 2605 1998 2641 Sabbathi
2022 2608 2098 2651 jeju·

1209 2655 1301 2688 nium
1324 2656 1424 2698 usque
1447 2653 1487 2688 ad
1500 2656 1689 2690 Dominicae
1699 2656 1766 2690 diei
1789 2658 1895 2691 lucem
1907 2657 2096 2700 protrahere

1207 2705 1252 2738 est
1276 2704 1471 2748 quibusdam
1495 2705 1651 2744 difficile,
1677 2706 1827 2740 laudatos
1850 2708 1994 2741 Ordines
2013 2709 2096 2742 cele-

1208 2754 1292 2788 brari
1316 2754 1457 2798 permisit
1481 2755 1550 2797 post
1586 2755 1778 2790 Sabbathini
1803 2756 1888 2790 Solis
1919 2758 2093 2793 occasum.

1208 2805 1310 2838 Tunc
1322 2805 1412 2838 enim
1425 2805 1607 2839 Dominica
1620 2806 1690 2840 dies
1708 2807 1824 2850 incipit
1835 2806 1925 2849 juxta
1940 2807 2093 2852 legalem,

1207 2867 1307 2898 quam
1319 2855 1442 2899 semper
1452 2857 1551 2890 etiam
1565 2856 1742 2891 custodivit
1756 2856 1897 2892 Ecclesia
1907 2880 1917 2895 ‚
1944 2858 2094 2903 Synago-

1207 2917 1256 2949 gae
1278 2906 1463 2950 Regulam:
1492 2910 1516 2939 Α
1530 2907 1660 2952 Vespera
1680 2912 1712 2940 in
1725 2906 1884 2950 Vesperam
1904 2907 2093 2943 celebrabitis·

1208 2955 1359 2989 sabbatha
1383 2956 1479 2995 vestra
1503 2982 1509 2989 .
1548 2957 1737 2999 Antiquum
1761 2959 1919 2998 Romanas
1942 2958 2092 2994 Ecclefiae

1209 3017 1333 3040 morem
1355 3006 1501 3040 edicitin
1528 3007 1632 3040 Sancti
1653 3006 1768 3042 Ivonis
1779 3009 1925 3042 Decreto
1937 3009 2092 3055 Pelagius

1211 3055 1370 3090 secundus
1393 3056 1551 3089 Pontifex
1575 3081 1586 3096 ‚
1612 3056 1653 3090 de
1677 3057 1801 3091 Latino
1835 3059 1992 3095 Diacono
2012 3083 2024 3100 ,
2052 3059 2091 3094 in.

1208 3104 1481 3140 Marcellianenfis
1491 3105 1640 3140 Ecclefiae
1652 3106 1853 3152 Episcopum
1865 3108 1989 3151 eleeto,
2015 3109 2090 3144 scri-

1208 3157 1285 3192 bens
1307 3154 1347 3190 ad
1361 3155 1560 3190 Tullianum
1582 3157 1783 3202 Episcopum
1808 3158 2088 3196 Grumentinum.

1207 3211 1237 3240 5i
1254 3205 1367 3248 potest,
1394 3215 1464 3240 ante
1485 3208 1566 3239 diem
1571 3206 1711 3249 sanblum
1730 3207 1848 3250 festinet
1856 3221 2002 3245 occurrere
2016 3235 2028 3253 ‚
2054 3218 2089 3244 ut
2106 3217 2177 3246 Part.
2195 3217 2223 3246 6.

1209 3259 1257 3291 vel
1269 3256 1419 3290 sabbatho
1441 3255 1502 3299 ipso
1511 3257 1602 3290 noeirs
1615 3269 1735 3303 magnae
1742 3259 1807 3302 post
1817 3259 2012 3304 Baptismum
2033 3272 2088 3293 va-
2105 3264 2131 3286 C·
2147 3265 2211 3287 ¹1²·

1205 3309 1263 3341 leat
1275 3308 1425 3339 ordinari.
1444 3308 1486 3341 Et
1500 3310 1652 3353 antiquus
1664 3309 1758 3344 Ordo
1770 3310 1958 3346 Romanus:
1971 3308 2088 3352 Episco-

1204 3363 1237 3399 pi
1249 3363 1325 3390 omni
1336 3365 1464 3399 tempore
1476 3358 1686 3392 benedicuntur
1699 3385 1706 3392 .
1721 3364 1812 3394 Nunc
1824 3365 1896 3396 verb
1909 3372 1969 3393 mos
1981 3359 2019 3398 est
2029 3382 2040 3399 ‚
2052 3367 2087 3392 ut

1206 3408 1339 3443 noc‘lurno
1360 3416 1487 3451 tempore
1508 3408 1722 3444 benedicantur
1735 3436 1742 3444 .
1771 3411 1827 3446 Ad
1842 3409 2014 3445 secundam
2026 3419 2088 3444 no·

1932 3458 2037 3492 {turni
