2352 3736
362 107 464 166 ‘368

122 190 195 234 Cap.
218 187 264 226 μ’.
297 190 343 228 Et
354 193 395 229 de
405 194 522 228 saneto
535 190 725 234 Augustino
738 189 808 234 post
821 187 1032 224 Monachum
1053 188 1183 233 Episco-

297 255 343 288 po
353 244 462 278 scribit
476 242 610 274 Sanctus
621 237 781 274 Poffidius
798 253 805 273 :
830 235 936 280 Mensa
945 236 1013 282 usus
1024 239 1063 283 esi
1074 239 1187 283 &fru-

281 330 283 332 ,
294 295 361 338 gali
374 295 509 333 &parca
521 312 532 329 ,
558 298 626 331 quae
638 291 759 331 quidem
783 295 862 322 inter
882 288 961 322 olera
980 291 1015 323 ὀ*
1039 290 1187 334 legumina

298 349 389 378 etiam
400 348 501 373 carnes
511 339 671 382 aliquando
679 346 805 382 propter
832 335 964 382 hospites
989 340 1042 374 vel
1065 339 1186 386 quosvis

302 391 475 433 infirmiores
499 389 686 423 continebat.
715 388 829 436 Qam
859 389 1007 434 regulam
1035 391 1188 435 affumpti

300 442 399 475 etiam
413 449 530 473 omnes
544 450 585 472 ex
596 438 664 480 ejus
690 438 904 473 Monasteriis
932 439 1087 484 Episcopi
1113 452 1190 476 con·

300 489 420 524 stanter
428 489 677 524 observaverunt
687 513 696 522 .
728 489 863 523 Etenim
876 488 916 523 ad
930 491 960 524 S.
988 489 1139 534 Alipiiim
1150 502 1192 525 ex

301 537 538 585 Augustinenss
551 537 725 573 Monacho
739 539 977 583 Tagastensem
990 539 1192 585 Episcopum

111 582 152 619 Ὀ
299 590 412 625 scribit
421 589 554 623 sanstus
565 587 742 623 Paulinus:
770 592 815 622 Et
819 585 850 630 fi
856 595 889 622 in
893 591 1013 633 populis
1026 614 1037 631 ,
1063 593 1098 626 ό*
1105 589 1195 634 fiaeper

122 638 178 677 ΕΡ·
198 645 243 674 35·
297 641 440 683 populum
454 650 548 682 agas,
577 648 646 671 oves
654 639 772 683 pascuae
795 643 916 674 Domini
942 652 1044 685 regens
1065 639 1195 684 solicitis

300 691 378 734 vigil
391 688 492 729 Pastor
504 688 636 722 excubiis
650 714 661 731 ,
685 695 827 723 tamenin
854 691 1044 724 abdicatione
1065 688 1171 735 saeculi
1189 715 1198 730 ,

300 740 334 773 o·
345 738 463 782 repulsa
473 745 571 772 carnis
585 749 620 771 ac
625 738 785 785 sanguinis
798 765 808 781 ,
834 738 982 784 desertum
995 741 1053 775 tibi
1074 740 1138 785 ipse
1146 740 1200 783 fe·

301 789 362 830 cisti
381 813 392 829 ‚
407 787 537 832 secretus
550 791 704 832 amalus,
731 800 856 824 vocatus
881 792 902 823 ei
922 797 1032 834 paucis
1047 816 1054 824 .
1083 792 1198 826 Deser-

267 880 276 885 st
300 849 372 876 tum
396 837 585 874 Monachus
609 836 791 875 incoluerat
820 835 977 884 Alipius‚
1003 840 1146 885 ideoque
1166 841 1198 875 δι

267 904 269 906 >
284 890 478 934 'Episcopus
494 889 576 923 istud
587 888 609 922 fi
627 890 658 924 bi
671 890 817 924 servabat
831 914 839 921 .
869 891 913 924 Et
924 889 966 925 de
977 892 1006 925 S.
1018 891 1198 937 Fulgentio

297 941 370 985 post
383 940 525 984 ejusdem
539 940 616 983 prof
619 940 748 976 essionis
759 938 967 974 Monachum
988 941 1147 984 Ruspensi
1160 940 1199 974 E-

296 991 438 1036 ¹piscopo
454 987 564 1025 'scribit
585 990 686 1034 inejus
706 990 772 1026 vita
799 989 992 1025 Fernandus
1026 989 1200 1035 Carthagi·

299 1043 409 1076 nensis
421 1042 569 1075 Ecclesiae
579 1040 769 1076 Diaconus:
800 1044 875 1074 Huic
900 1041 990 1074 Beati
1009 1052 1065 1074 amo
1100 1043 1199 1074 Sacer-

301 1091 365 1125 ‘doti
375 1093 470 1125 nullus
482 1092 647 1134 aliquando
666 1090 784 1132 extorsit
805 1090 964 1132 cujuslibet
1013 1096 1108 1124 eneris
1137 1102 1197 1124 car-

302 1152 358 1176 nes
369 1148 499 1184 accipere
510 1166 527 1182 ,
541 1140 599 1185 sed
605 1143 668 1186 sola
674 1141 843 1184 fimpliciter
857 1141 935 1175 olera
947 1166 959 1182 ‚
981 1140 1144 1185 ptisanae,
1165 1142 1200 1175 ό*

304 1204 380 1226 ova.
409 1193 567 1237 ,Quamdiu
586 1190 656 1233 fuit
683 1195 805 1232 iuvenis
820 1215 831 1231 ,
851 1191 913 1234 fine
938 1192 1017 1233 oleo;
1043 1190 1199 1233 postquem

299 1240 400 1285 senuit
414 1267 424 1283 ‚
445 1240 602 1285 superfuso
615 1245 671 1276 oleo
683 1243 897 1275 manducavit.
919 1239 993 1275 ‘Idea
1015 1240 1109 1274 oleum
1129 1249 1197 1283 per·

303 1292 407 1337 suasus
421 1293 458 1334 est
482 1299 610 1335 accipere
623 1317 633 1334 ‚
657 1301 694 1326 vne
719 1294 809 1335 caligo
830 1293 1008 1334 prevalens
1034 1292 1175 1324 oculorum
1189 1316 1198 1331 ,

307 1345 438 1378 lec‘iiom's
447 1345 604 1386 impediret
615 1343 752 1386 officium.
778 1341 867 1376 Istud
878 1343 968 1376 enim
982 1342 1132 1375 saeculum
1155 1341 1196 1374 vi-

306 1404 376 1428 trea
388 1395 540 1428 senilium
556 1394 728 1428 oculorum
739 1392 927 1436 adjumenta
939 1390 1046 1426 adhuc
1071 1391 1197 1436 ignora-

126 1443 202 1487 (fm-
224 1442 269 1468 ¹³3-
309 1445 385 1480 bat.
415 1446 524 1479 Etiam
536 1444 723 1479 vinumille
734 1444 902 1487 nunquam
916 1442 1020 1483 bibit,
1047 1442 1104 1475 nisi
1130 1442 1198 1475 iusi-

128 1479 194 1519 kpl.
214 1489 243 1516 3·
308 1497 417 1541 gnirer
430 1496 574 1530 dilutum
600 1495 740 1539 graviter
767 1494 934 1527 infirmus.
964 1491 1065 1538 Quod
1094 1492 1196 1533 ipsum

308 1550 351 1580 de
364 1548 481 1581 Sanflo
495 1546 682 1580 Heliodoro
695 1566 705 1584 ,
731 1541 895 1576 Altinensi
909 1542 978 1585 post
992 1540 1197 1575 Monachum

307 1598 476 1642 Episcopo
488 1622 498 1638 ,
525 1598 660 1631 testatur
671 1595 801 1629 Sanetus
814 1592 1043 1634 Hieronymus
1060 1616 1067 1623 .
1093 1589 1196 1624 Addit

305 1643 584 1692 &Nepotianum
602 1646 694 1680 fuiffe
720 1644 800 1677 foris
830 1643 1016 1680 Clericum,
1045 1641 1080 1673 &
1106 1639 1196 1672 domi

305 1697 518 1734 Monachum
540 1721 547 1729 .
575 1695 675 1729 Clero
702 1689 947 1725 admovendum
988 1687 1199 1721 Monachum

306 1750 391 1784 reste
428 1742 501 1782 vult
532 1744 594 1780 effe
623 1746 658 1777 in
687 1741 875 1776 Monastica
900 1737 1071 1781 disciplina
1099 1738 1197 1781 perfe-

307 1803 419 1842 &um;
445 1798 502 1841 qui
529 1797 571 1830 fic
598 1794 716 1828 vixerit
745 1793 779 1826 in
807 1789 1034 1829 Monasterio,
1060 1797 1096 1821 ut
1125 1786 1200 1820 Cle-

306 1853 392 1885 ricus
419 1848 490 1882 fieri
507 1854 709 1880 mereretur.
737 1843 781 1876 Et
803 1840 884 1875 hinc
894 1838 1043 1873 adversus
1055 1837 1198 1882 Jovinia-

309 1907 390 1935 'num
417 1891 663 1932 Heresiarcham
684 1892 795 1927 scribit
824 1891 912 1925 idem
939 1890 1167 1930 Hieronymus
1189 1899 1198 1929 3

310 1951 376 1991 Post
382 1949 540 1994 sordidam
552 1951 683 1978 tunicam
694 1967 705 1982 ,
733 1944 768 1975 Θ
779 1943 868 1974 nudos
873 1941 964 1981 pedes
976 1963 987 1979 ‚
1014 1940 1052 1972 (9-
1059 1939 1200 1971 cibarium

307 2011 419 2045 panem
432 2023 442 2039 ,
468 2000 598 2039 &aquae
612 2001 712 2037 potum
724 2016 735 2032 ,
761 1993 804 2024 ad
824 1990 985 2024 candidam
1010 1988 1140 2030 vestem,
1166 1990 1200 2023 (e

310 2053 442 2087 nitidam
453 2058 546 2081 cutem
559 2071 569 2085 ,
579 2047 613 2079 ὃ·
623 2042 747 2087 mulsum
757 2067 766 2083 ,
780 2044 814 2075 (9⁶
827 2040 995 2074 elaboratas
1008 2051 1110 2073 carnes
1122 2063 1131 2079 ,
1158 2040 1203 2072 ad

307 2104 382 2145 jura
396 2105 492 2142 Apitii
506 2099 540 2132 6·
555 2099 690 2130 Paxami
702 2118 712 2134 ‚
739 2096 784 2126 ad
792 2092 914 2125 balneas
935 2101 1045 2134 quoque
1064 2089 1201 2131 &fritil-

129 1905 191 1938 Ijb.
216 1914 228 1934 ι
236 1926 242 1932 .

129 1956 195 1985 cap·
218 1956 263 1981 κς.

311 2154 381 2191 las,
406 2152 452 2184 ad
470 2154 600 2193 popinas
619 2144 652 2190 se
671 2144 809 2178 contulit.
838 2143 924 2175 Eum
938 2142 1042 2187 argit,
1067 2140 1155 2184 quod
1181 2140 1219 2190 «ἒι

312 2200 490 2238 Monacho
505 2201 539 2234 in
554 2197 718 2231 Clericum
734 2204 902 2237 promotus
913 2192 1095 2236 praesentem
1107 2201 1200 2235 regu-

314 2253 381 2288 lam
407 2250 663 2295 praevaricaretur
685 2271 691 2277 .
719 2245 811 2278 Hinc
839 2243 945 2288 pergit
972 2243 1006 2275 in
1034 2241 1201 2283 sequentis

312 2301 457 2348 'ejusdem
486 2301 591 2344 operis
612 2297 719 2330 libro:
747 2297 832 2328 Certe
858 2301 892 2328 in
915 2301 1005 2327 tanta
1029 2289 1202 2330 diversitate

135 2336 211 2372 αφ’
231 2341 282 2370 ‘¹3‘
316 2355 415 2389 eteius
438 2355 472 2386 (9
490 2351 609 2391 vestitus
630 2346 730 2390 necesse
748 2346 786 2387 eft
812 2354 865 2378 aut
877 2343 923 2377 bic
933 2352 986 2376 aut
996 2342 1036 2376 ibi
1047 2342 1098 2385 effe
1104 2350 1202 2382 peccas

313 2417 398 2440 rum.
427 2408 499 2436 Non
509 2401 789 2445 quodpeccatumin
801 2396 961 2428 ciboaeutin
985 2392 1112 2433 vestibus
1134 2390 1200 2434 affe-
1218 2401 1222 2429 ;

315 2469 398 2495 ram,
423 2452 479 2496 sed
490 2452 569 2495 quod
578 2454 715 2483 varietas
726 2456 755 2481 et
766 2451 954 2479 commutatio
968 2449 1000 2477 in
1022 2444 1154 2477 deterius
1163 2439 1199 2482 fit

317 2502 528 2547 reprehensioni
544 2507 704 2543 proxima.
733 2494 924 2530 Monachus
946 2495 1034 2529 enim
1062 2504 1116 2537 per
1143 2493 1201 2525 im-

316 2556 454 2600 positum
467 2553 697 2594 Episcopatum
711 2557 766 2582 aut
787 2546 988 2581 Clericatum
1015 2553 1082 2577 non
1109 2541 1205 2577 debet

318 2605 456 2640 'deficere
468 2627 478 2642 ,
505 2600 557 2634 sed
571 2599 726 2642 proficere
738 2598 771 2629 in
783 2596 935 2629 meliora.
954 2594 1058 2638 fiinc
1084 2593 1118 2625 &
1130 2591 1205 2625 San-

320 2657 388 2689 ftus
408 2653 587 2695 Episcopus
611 2649 741 2691 Eligius
767 2646 884 2679 adduci
910 2642 967 2677 vise·
994 2650 1119 2686 poterat
1132 2665 1143 2680 ‚
1170 2650 1207 2675 ut

321 2703 522 2749 quandoque
542 2710 618 2733 cum
647 2695 830 2740 hospitibus
852 2694 995 2727 aviculas
1005 2691 1206 2736 degustaret.

323 2755 398 2789 Nec
410 2753 476 2788 sola
490 2747 691 2784 consuetudo
702 2770 713 2786 ‚
738 2746 789 2780 sed
804 2746 838 2779 ὅ(
850 2744 1007 2778 Paternus
1019 2742 1138 2776 Canon
1150 2741 1208 2776 La-

323 2807 413 2840 tinos
425 2804 442 2837 ὲ
453 2798 632 2835 Monachis
643 2796 792 2832 Clericos
803 2797 926 2837 semper
937 2792 977 2827 ad
1000 2792 1064 2826 hoc
1076 2790 1207 2825 adstrin-

323 2855 393 2889 xit.
421 2855 526 2888 Lucet
537 2862 578 2883 ex
592 2847 686 2892 primi
698 2845 884 2879 Innocentii
899 2843 1070 2885 Rescripto
1079 2842 1119 2875 ad
1134 2843 1210 2879 San·

327 2908 413 2939 cium
440 2899 635 2936 Via—ficium
674 2895 934 2938 Metropolitam-
961 2892 1210 2934 Rothomagen·

328 2956 414 2989 sem:
445 2957 489 2986 De
501 2948 670 2988 Menambis,
700 2952 749 2989 qui
762 2948 814 2978 diu
827 2951 976 2977 morantes
986 2947 1018 2974 in
1028 2941 1208 2981 Monasteriis

328 3005 422 3047 posted
432 3005 474 3036 ad
484 3003 650 3035 clericatus
662 2998 793 3030 ordinem
803 3001 1005 3036 pervenerunt
1025 3015 1035 3031 ‚
1061 3003 1118 3024 non
1129 2990 1211 3025 debe·

333 3067 365 3087 re
379 3066 421 3087 eos
433 3056 452 3084 ῐι
459 3057 553 3094 priori
567 3046 707 3090 Proposito
718 3049 840 3079 deviare
850 3067 858 3076 .
888 3047 1014 3077 Etenim
1017 3041 1090 3083 ficut
1101 3048 1134 3074 in
1153 3044 1209 3073 Mo

294 3117 296 3119 >
337 3103 525 3143 nalieriofuit
536 3125 546 3142 ,
575 3099 699 3142 &quod
710 3098 761 3130 diu
770 3094 933 3139 servavit,
959 3095 1036 3127 idem
1055 3099 1088 3125 in
1104 3091 1211 3125 melem

332 3153 431 3194 ‘gradu
440 3151 544 3192 pofitus
558 3173 568 3189 ‚
593 3155 726 3183 amittere
738 3158 794 3180 non
807 3145 906 3178 debet.
935 3144 978 3178 Et
992 3142 1080 3176 hunc
1093 3143 1211 3193 -Cano-

339 3211 415 3234 nem
435 3201 571 3233 Carolus
581 3210 743 3243 magnus,
769 3195 848 3229 dum
860 3194 978 3237 lapsam
990 3193 1085 3227 nobis
1093 3202 1213 3236 repara-

334 3249 388 3283 'vit
415 3247 692 3282 Christianitatem
711 3273 720 3286 ‚
747 3245 939 3281 servandum
965 3242 1048 3286 juffit
1059 3267 1068 3282 ,
1096 3243 1129 3276 δε
1155 3242 1211 3275 suo

324 3297 591 3341 l‘Aquiegranenfi
603 3297 783 3339 Capitulari
797 3294 929 3329 inseruit
955 3304 1031 3327 cum
1059 3291 1119 3325 hac
1141 3291 1213 3334 Epi·

338 3344 482 3394 ‘g'raph'e'z
511 3343 692 3382 Monachus,
710 3346 738 3385 fi
747 3347 790 3377 ad
810 3345 987 3377 clericatum
1008 3341 1211 3384 provebatur,

336 3389 523 3441 ‘Propofituni
545 3390 710 3433 Monosticae
738 3394 910 3433 Profefflonis
922 3404 979 3427 non
1003 3398 1140 3429 amittet.
1169 3391 1212 3426 Et

896 103 1539 154 Dlssertr'Arxo

1250 192 1291 227 ad
1318 191 1497 237 Egilonem
1517 193 1536 226 ὲ
1548 193 1722 229 Monacho
1735 195 2025 244 Archiepiscopum
2035 200 2134 234 Seno·¹

1250 244 1402 281 nensem,
1426 242 1506 276 dum
1538 242 1768 285 Apostolicam
1793 246 2076 284 confirmationem
2100 250 2135 283 &

1250 292 1396 327 Pallium
1414 292 1500 326 misit
1512 316 1522 332 ,
1554 293 1640 326 inter
1650 293 1715 328 alia
1725 295 1853 329 monita
1874 299 2054 341 praefcripfit
2073 299 2135 334 Ni-

1251 343 1364 378 colaus
1382 343 1505 385 primus
1519 355 1530 374 .·
1556 344 1837 385 Tuumpraetere13‚
1863 348 1974 380 Frater
1983 349 2131 389 cariffime,
2154 354 2214 394 1391,
2242 363 2285 391 55·

1254 390 1432 435 Propositum
1443 390 1567 435 observa
1575 417 1586 433 ,
1611 393 1645 426 (⁰5
1656 399 1707 436 qui
1717 395 1770 427 diu
1780 400 1813 427 in
1824 394 1996 435 Monasterio
2004 406 2133 430 moratus

1251 455 1283 477 es
1297 467 1309 483 ‚
1333 442 1354 474 ἃ
1361 442 1482 485 pristino
1495 450 1563 476 voto
1574 444 1724 477 divertere
1739 445 1796 477 noli
1808 469 1815 477 .
1845 446 1938 490 ,Quod
1947 450 2026 479 enim
2044 446 2135 480 dium

1254 491 1360 526 humili
1386 492 1489 526 habitu
1514 492 1679 534 custodisti,
1700 497 1844 536 perpetui
1871 496 2008 528 indecens
2034 493 2093 535 est,
2111 494 2141 534 fi

1255 548 1376 576 nuncin
1384 547 1495 585 potiori
1503 541 1614 584 positus
1641 542 1791 587 dimiseris
1816 546 1937 584 ordine,
1967 543 2019 577 boc
2042 543 2139 587 ipsum

1250 591 1359 637 sandica
1383 603 1496 636 quoque
1522 593 1673 634 Scriptura
1701 618 1712 635 ,
1741 593 1978 637 venerandisque
2004 598 2140 628 Decretis

1254 644 1381 685 pleniter
1408 642 1626 676 edocentibus.-·
1641 644 1685 678 Et
1707 643 1865 679 Albertus
1888 645 2073 678 Hostiensis
2099 643 2140 677 E·

1259 694 1426 738 piscopus,
1452 692 1856 738 Innocentiisecundiper
1875 693 2037 739 Angliam
2064 693 2143 728 Catu·

1259 742 1377 777 dinalis
1394 744 1558 787 Legatus,
1584 743 1619 776 in
1646 744 1701 777 sua
1714 744 1915 778 Londinensi
1925 743 2063 787 Synodo
2074 741 2141 777 edi-

1258 791 1308 827 ‘dit
1318 791 1409 827 hunc
1421 794 1598 828 Canonem
1614 807 1626 827 .-
1653 795 1816 834 adjicimus
1829 797 1984 828 Decretum
2002 799 2141 829 Innocen·
2157 817 2199 847 Ca
2221 838 2227 846 ί
2248 819 2301 848 sp.

1256 847 1284 875 ti
1298 846 1392 885 Papae
1404 844 1532 877 dicentis
1542 867 1553 883 ,
1563 844 1700 876 Monachi
1710 845 1762 877 diu
1774 851 1807 877 in
1821 844 2001 882 Monasteriis
2014 851 2119 878 morati
2129 864 2141 884 ‚=

1256 890 1387 934 ffposte'ei
1397 894 1442 925 ad
1449 895 1617 926 clericatus
1629 894 1759 926 ordinem
1765 901 1959 935 pervenerint
1971 919 1983 934 ,
2009 905 2068 927 non
2092 895 2142 928 de-

1261 939 1532 983 benteliquaeterius‘
1545 946 1567 975 ἃ
1573 949 1668 984 priori
1695 941 1838 985 Propofito
1862 946 2011 984 deviare,
2033 943 2089 987 fid
2106 941 2144 985 fi-

1261 997 1310 1025 ciii
1321 997 1353 1024 in
1367 990 1554 1034 Monasteriis
1565 990 1776 1033 pofitisuerunt
1789 1017 1800 1033 ,
1827 999 1871 1026 ita
1881 1001 1912 1026 m
1923 994 2085 1027 clericatus
2098 1006 2141 1026 or-

1261 1041 1332 1074 diu‘e
1351 1043 1454 1085 degere
1470 1040 1579 1074 debent
1591 1061 1602 1081 ,
1628 1043 1663 1074 et
1687 1043 1767 1084 quod
1785 1044 1836 1075 diu
1854 1042 2060 1086 servaverunt
2072 1068 2083 1084 ,
2108 1050 2141 1076 in

1263 1091 1362 1125 altiori
1371 1093 1471 1135 gradu
1479 1089 1563 1133 pofiti
1578 1096 1715 1124 amittere
1725 1103 1782 1124 non
1794 1092 1921 1125 debent.
1950 1093 2063 1127 Exstat
2085 1094 2143 1135 Sy-

1264 1142 1368 1175 nodus
1392 1135 1482 1184 'apud
1508 1139 1712 1175 Richardum
1739 1142 2001 1186 Hagustaldenfis
2026 1143 2146 1178 Mona-

1263 1192 1348 1226 sierii
1370 1191 1540 1231 Priorem,
1565 1191 1798 1225 &Gervasium
1824 1190 2033 1226 Monachum
2060 1191 2146 1226 Can⁴

1263 1242 1476 1275 tuariensem.
1505 1242 1548 1275 Et
1574 1240 1653 1275 hinc
1674 1243 1715 1275 de
1742 1241 1908 1276 Balduino
1934 1241 2004 1286 post
2032 1241 2149 1275 Cister«
2165 1242 2297 1274 A·11'84·

1262 1293 1399 1326 tiensem
1435 1290 1647 1326 Monachum·
1691 1291 1918 1326 cantuariensi
1965 1290 2148 1335 Archiepis·

1262 1353 1347 1385 copo
1365 1364 1375 1382 ,
1399 1341 1503 1384 quod‘
1519 1351 1632 1376 carnes
1656 1341 1825 1383 nunquam
1847 1341 2048 1383 comederit,
2074 1342 2147 1376 scri·

1263 1392 1310 1426 bit
1349 1392 1490 1435 Joannes
1529 1391 1752 1434 Bromptonus
1778 1391 1894 1426 Abbas
1932 1391 2150 1434 Jomalenfis„

1262 1443 1366 1489 Qod
1393 1444 1498 1485 ipsum
1519 1442 1561 1476 de
1595 1443 1712 1476 Sancto
1745 1441 1927 1484 Rudolpho
1961 1440 2143 1486 Eugubino
2159 1433 2187 1462 Λ
2213 1435 2299 1468 ’184-

1262 1491 1332 1535 post
1359 1491 1567 1526 Monachum
1591 1492 1754 1535 Episcopo
1773 1491 1905 1526 testatur
1927 1492 1961 1526 in
1976 1491 2092 1526 litteris
2101 1490 2147 1529 ad<
2162 1471 2227 1550 {2¹3
2252 1483 2296 1548 :9

1265 1541 1486 1575 Alexandrum
1513 1541 1690 1576 secundum
1708 1541 1908 1577 Pontificem
1928 1543 2060 1577 Saristus
2085 1541 2145 1576 Pe-

1262 1602 1328 1624 trus
1348 1590 1504 1623 Damiani
1517 1615 1525 1623 .
1556 1592 1600 1623 Et
1625 1591 1702 1624 hinc
1720 1593 1806 1626 lucet
1826 1593 2012 1635 praesentem
2040 1590 2146 1627 Schis-

1260 1640 1371 1674 matici
1396 1639 1722 1674 Graecscalumniam
1743 1640 1836 1674 fuiffe
1859 1642 2075 1675 mendacem.
2100 1641 2150 1682 Es

1267 1689 1371 1721 renim
1390 1699 1437 1722 ex
1459 1689 1523 1730 jam
1541 1690 1688 1723 adductis
1709 1689 2147 1734 Decretis&exemplisp1u-

1263 1749 1295 1771 ra
1323 1738 1397 1771 sunt
1418 1736 1548 1779 juniora
1568 1737 1735 1772 Michaele
1756 1739 1942 1774 Cerulario.
1968 1739 2144 1774 Calumnia

1264 1787 1360 1831 poffit
1385 1787 1521 1822 allusisse
1546 1785 1587 1820 ad
1613 1787 1870 1830 praevaricatores
1895 1787 1974 1824 hinc
2000 1789 2076 1823 inde
2104 1788 2154 1830 E<

1263 1838 1433 1882 piscopos,
1461 1849 1647 1881 quos1cum
1673 1837 1746 1872 aliis
1769 1838 1870 1882 paleis
1894 1839 2039 1874 Ecclesia
2065 1839 2145 1874 sem·

1263 1899 1316 1933 per
1341 1889 1494 1925 toleravit
1506 1913 1513 1922 ·
1604 1924 1608 1927 ,
2145 1913 2149 1920 1

1312 1939 1413 1974 Avita
1424 1939 1595 1984 disciplina
1605 1940 1731 1976 dudum
1744 1941 1814 1985 post
1827 1941 2004 1977 Michaelis
2022 1951 2154 1984 ternpo-v

1263 2000 1295 2023 ra
1306 1988 1434 2025 duravit
1445 1992 1545 2025 etiam
1556 1991 1589 2024 in
1604 1991 1818 2026 -Monasteriis
1829 2017 1836 2024 .
1863 1991 1998 2026 Etenim
2008 1991 2049 2025 de
2057 1991 2145 2024 Fon·

1251 2032 1304 2075 'tis
1317 2040 1468 2075 Avellani
1483 2041 1705 2083 Monasterio‚
1731 2042 1820 2085 quod
1839 2041 2145 2089 solis-leguminibus

1261 2092 1388 2125 viveret
1413 2115 1424 2132 ,
1449 2092 1560 2126 scribit
1587 2093 1620 2125 in
1648 2092 1755 2125 Sancti
1782 2091 1870 2125 Petri
1899 2091 2054 2125 Damiaui
2081 2091 2158 2125 vita-

1265 2142 1406 2185 Joannes
1417 2140 1627 2182 Monachus,
1654 2142 1688 2175 δε
1707 2140 1817 2176 addit:
1846 2144 1891 2174 De
1911 2147 1980 2177 vini
1998 2138 2053 2184 usu
2074 2142 2150 2183 quid
2164 2156 2236 2192 Cap.
2255 2162 2282 2190 5·

1254 2195 1440 2232 jmemwm,
1466 2189 1530 2225 vcum
1553 2191 1609 2233 nifi
1619 2201 1678 2234 pro
1695 2190 1937 2234 sacrificio,-·seu-
1947 2190 2075 2233 finfitan
2091 2199 2155 2233 pree

1254 2236 1341 2286 ⁴aegro
1352 2248 1457 2276 vinum
1468 2241 1579 2275 ibidem
1586 2240 1709 2284 prorsus
1722 2241 1977 2285 deeffefertttuo·-?x
1991 2242 2033 2275 Et
2053 2241 2093 2275 de
2116 2241 2156 2275 S.-
2169 2267 2221 2299 ffb

1262 2292 1438 2326 Dominici
1451 2291 1814 2326 LoricatiMonasterio
1833 2289 1941 2325 scribit
1954 2291 2020 2334 ipse
2042 2290 2150 2325 iauda-
2167 2279 2282 2348 2551}ss

1265 2353 1317 2377 tus
1343 2343 1458 2376 Petrus
1482 2356 1493 2376 :
1519 2342 1577 2376 Sub
1594 2341 1658 2375 hac
1682 2343 1783 2390 regula
1807 2342 1967 2375 vivebatur
1983 2365 1994 2381 ‚
2018 2350 2052 2375 ut
2076 2352 2150 2375 nun·

1268 2395 1359 2435 quam
1384 2399 1490 2426 vinum
1515 2392 1646 2426 biberent
1668 2416 1680 2432 ‚
1715 2394 1869 2434 nunqubm
1895 2393 1982 2433 adipe
2006 2393 2150 2425 alimenta

1268 2444 1434 2477 condirent.
1463 2443 1548 2476 Solis
1573 2443 1685 2488 eugris,
1710 2442 1792 2477 dum
1812 2441 1905 2486 piscis
1927 2442 2054 2484 reperiri
2081 2451 2150 2475 non

1270 2493 1381 2536 possit,
1411 2492 1586 2527 ministrari
1609 2502 1719 2526 carnes
1744 2493 1882 2526 affirmat
1907 2490 2096 2536 generaliter
2115 2492 2150 2523 in
2169 2502 2226 2534 Lib⁸
2247 2509 2275 2534 6-

1271 2543 1412 2587 Epistola
1432 2542 1472 2576 ad
1499 2542 1685 2577 Patruelcm
1710 2542 1804 2577 suum
1830 2543 1997 2575 Marinum
2032 2539 2154 2573 Mona·
2170 2547 2218 2582 Ep.
2239 2547 2285 2574 26.

1268 2593 1368 2628 chum
1380 2593 1575 2627 Claffensem
1587 2618 1594 2626 .
1618 2591 1662 2627 Et
1673 2593 1830 2636 quosdam
1841 2588 2029 2624 Monachos
2039 2613 2050 2629 ,
2060 2589 2154 2632 quod·

1267 2655 1307 2677 ex
1320 2644 1426 2678 carnis
1436 2643 1568 2677 edendae
1579 2644 1701 2686 pruritu
1713 2652 1769 2675 aut
1779 2641 1963 2682 simularent
1975 2639 2127 2673 morbum
2138 2655 2153 2679 ,ι

1268 2705 1322 2728 aut
1337 2694 1408 2728 vere
1420 2693 1538 2726 infirmi
1551 2700 1699 2734 optarent
1711 2701 1778 2723 non
1790 2690 1918 2732 reperiri
1932 2689 2034 2730 pisces
2045 2712 2056 2728 ‚
2081 2699 2154 2732 gra·

1268 2745 1348 2778 viter
1359 2743 1464 2787 arguit
1476 2767 1484 2774 .
1511 2744 1551 2776 Se
1563 2741 1618 2774 tali
1629 2741 1706 2772 casu
1718 2740 1883 2772 infirmum
1893 2739 1971 2782 cogi
1995 2738 2036 2772 ad
2055 2738 2156 2774 eden-

1268 2795 1444 2827 dascarnes
1462 2801 1532 2824 non
1557 2789 1715 2832 potuisse,
1741 2789 1775 2822 &
1801 2798 1882 2822 tunc
1905 2796 1949 2822 'ex
1973 2788 2152 2831 improviso

1268 2843 1366 2886 pisces
1379 2845 1459 2874 moit
1469 2840 1633 2874 advenisse
1646 2863 1657 2878 ,
1683 2838 1777 2872 refert
1799 2838 1837 2872 in
1851 2837 1995 2881 Epistola
2015 2838 2056 2872 ad
2077 2837 2154 2870 Μο-

1268 2889 1389 2925 nachos
1401 2889 1616 2932 Rudolphum
1639 2901 1676 2923 ac
1695 2888 1900 2931 Aripandum
1912 2896 1929 2920 .·
1946 2888 2054 2921 Etiam
2077 2887 2154 2919 Ho·
2173 2886 2220 2921 5⁴7?-
2237 2893 2284 2919 ²4·

1270 2941 1395 2975 nestum
1417 2938 1646 2979 Monachum,
1673 2937 1729 2982 qui
1756 2937 1909 2973 asserebat
1937 2938 1966 2970 se
1993 2947 2058 2970 non
2082 2937 2152 2978 pos-

1271 2994 1301 3026 se
1319 3002 1426 3024 carere
1448 2990 1597 3024 carnibus
1617 3013 1628 3029 ,
1653 2988 1771 3033 'arguit
1785 2986 1848 3031 Jper
1868 2988 2001 3031 longam
2024 2985 2152 3029 Episto-
2170 3002 2218 3039 Ep,
2241 3007 2285 3035 23·
2345 2989 2352 2991 ⁴

1273 3042 1356 3076 lam.
1383 3040 1500 3074 Varias
1523 3039 1619 3083 hujus
1641 3037 1849 3073 observantia:
1870 3034 2152 3073 rationesdeducit

1272 3093 1305 3125 in
1329 3092 1445 3125 litteris
1468 3090 1509 3123 ad
1533 3090 1751 3124 Guilielmu‘m
1777 3085 1982 3121 Monachum
2003 3110 2010 3118 .
2040 3086 2084 3120 Et
2109 3086 2151 3120 do
2170 3100 2204 3144 Ε·
2282 3103 2283 3106 ¹
2315 3103 2318 3107 <

1273 3138 1486 3184 Pharnulpho
1508 3140 1617 3175 Urbis
1638 3140 1752 3173 veteris
1771 3136 1903 3170 Comite
1914 3136 2042 3170 scribit:
2071 3137 2151 3168 Dum
2195 3123 2222 3154 p'
2245 3124 2287 3150 ¹⁹⁸

1274 3194 1316 3225 ad
1323 3190 1453 3234 mensam
1471 3194 1574 3224 Comes
1587 3190 1635 3223 ille
1645 3187 1853 3231 discumberet,
1878 3187 2000 3228 quidam
2021 3186 2067 3219 illi
2088 3189 2150 3217 Mo-

1275 3242 1384 3276 nachus
1397 3242 1552 3282 affidebat‚
1583 3248 1668 3282 quem
1678 3247 1779 3280 rogare
1789 3243 1898 3276 coepit,
1925 3246 1958 3270 ut
1966 3241 2039 3278 quia
2054 3233 2148 3278 pisces

1274 3294 1398 3326 deerant
1422 3315 1433 3331 ,
1467 3291 1597 3323 afflante
1621 3288 1772 3326 necesstiate
1797 3286 1937 3319 carnibus
1969 3283 2147 3328 vest-eretur..

1279 3341 1428 3376 Affirmat
1458 3338 1662 3373 Monachum
1686 3337 1880 3379 importunis
1916 3333 2049 3378 nugacis
2084 3331 2151 3365 Co·
2201 3337 2205 3339 ’

1276 3394 1364 3428 mitis
1379 3389 1531 3436 'precibus
1549 3387 1823 3432 circumscriptum
1835 3385 2008 3422 comedisse
2017 3392 2128 3415 carnes
2137 3406 2150 3424 ‚

2004 3441 2102 3477 atque
