2352 3736
501 190 569 225 nr.
605 167 785 219 'Luca
821 174 1204 218 Auris-rmum
1236 173 1654 216 INvEs'TITURA.
1703 189 1712 196 —

263 258 307 292 set
317 255 507 291 investiendi
519 255 725 302 privilegium
737 280 745 287 .
769 253 893 297 Scripta
903 251 948 286 est
959 251 1048 286 enim
1067 246 1124 280 ista

260 306 407 350 Epistola
420 306 521 340 ostavi
533 306 637 340 saeculi
656 316 746 340 anno
766 302 964 347 ouogefimo
988 308 1104 342 quarto
1116 322 1124 336 ‚

259 356 415 390 undecim
425 356 599 399 annispost
613 364 826 390 memoratam
837 352 855 384 a
875 349 1045 394 Sigeberto
1069 348 1127 403 Sy-

260 405 384 440 'nodum
398 415 409 439 .’
431 407 464 441 Si
474 406 574 441 Italiae
585 418 623 440 ac
634 404 762 440 Tuscia
781 401 960 445 Episcopos
981 397 1128 454 investire

261 457 419 500 putuiffet
436 456 595 496 Carolus,
620 454 882 490 Simoniac'orum
903 458 1128 492 promotiones

260 506 415 550 impedire
426 531 436 547 ‚
463 518 529 540 non
543 505 726 543 Adrianus,
744 500 805 535 >sed
818 500 951 543 ipsemet
969 496 1107 533 debebat
1119 521 1127 529 .

260 554 379 590 Eidem
393 556 555 598 principi,
581 552 781 586 Ravennatis
805 549 957 594 Episcopi
979 548 1127 582 elestioni

259 603 363 640 adesse
375 608 445 640 suos
455 606 596 647 Legatos
619 601 850 645 praetendenti,
875 600 1023 633 laudatus
1043 596 1129 629 Pon-

259 656 341 689 tifex
351 653 461 689 denuo
470 650 642 694 rescripsit:
664 655 733 684 Nos
747 651 825 684 nullo
836 651 919 682 modo
926 652 1106 682 meminimus
1118 670 1128 686 ,

260 717 352 748 neque
364 707 384 736 ᾰ
394 700 646 744 Praedeceffirribus
659 701 762 742 nostris
773 703 793 735 5
794 706 899 734 ummis
917 696 1106 739 Pontificibus
1116 721 1127 737 ‚

259 763 348 796 neque
356 754 377 784 ἃ
383 752 640 793 praecellentiffimo
644 756 778 796 genitore
798 749 890 790 vestro
909 751 1034 781 Domino
1056 749 1128 787 Pip-

251 810 344 847 plno,
366 812 458 844 neque
477 804 497 833 ἃ
520 800 621 841 vestra
641 806 675 832 in
695 799 857 842 trtumpbts
880 799 984 842 Regali
1005 796 1128 830 vidoria

255 852 368 895 Mrffum
380 853 425 884 ad
443 850 607 884 electionem
626 854 785 884 Ravennae
810 848 952 883 direHum
965 847 1015 890 effe
1027 870 1037 886 ‚
1063 855 1128 878 tam

252 908 286 934 in
308 900 441 933 eleHione
457 904 489 945 J
492 906 594 933 oannes
615 898 823 943 Archiepiscopi
836 923 847 937 ‚
872 909 963 941 quam
975 903 1008 930 in
1018 895 1128 930 electro*

251 962 289 984 ne
311 949 444 991 Grattofi
455 972 466 988 ,
505 950 655 984 Liberam
679 949 856 983 secundum
884 949 1040 982 Canones
1064 946 1126 980 ele-

249 1001 392 1034 ctionem
414 1000 601 1034 constanter
619 1001 769 1033 asseverat
782 999 850 1032 illic
871 1000 992 1041 semper
1009 996 1127 1040 viguis-

249 1052 301 1083 se.
327 1050 367 1083 In
392 1058 515 1094 nupero
535 1049 639 1084 Patris
661 1050 709 1082 sui
730 1049 890 1092 pippini,
916 1048 973 1092 qui
992 1048 1012 1081 ὲ
1037 1047 1127 1081 Defr-

249 1099 343 1134 'derio
380 1098 675 1144 Longobardorum
715 1099 808 1142 Rege
844 1098 1052 1132 nominatum
1088 1107 1125 1129 ac

249 1151 410 1183 intrusum
434 1149 647 1184 Hucbaldum
669 1150 865 1188 extruserat,
890 1149 975 1181 facto
995 1147 1028 1180 se
1055 1147 1127 1179 fun-

248 1199 349 1233 dabat
376 1199 515 1234 Carolus
539 1224 546 1231 .
579 1197 706 1232 Verum
733 1198 775 1232 ad
801 1196 956 1240 Stephani
993 1193 1125 1231 secundi
1147 1242 1149 1244 K

249 1249 421 1284 Pontificis
445 1273 457 1289 ‚
483 1248 581 1292 Regii
618 1246 740 1282 brachii
762 1248 925 1282 auxilium
951 1246 1125 1290 imploran-

247 1300 291 1332 tis
301 1323 312 1339 ‚
339 1309 446 1341 preces
458 1298 577 1331 fastum
587 1297 678 1331 fuisse
695 1298 838 1341 reposuit
848 1296 1005 1331 Pontifex
1015 1318 1026 1334 ‚
1040 1296 1127 1329 ideo-

247 1359 314 1391 que
325 1359 395 1381 non
421 1349 509 1390 posse
536 1345 619 1381 trahi
647 1348 681 1380 in
701 1346 908 1390 exemplum.
935 1347 1057 1388 Scripta
1078 1345 1122 1379 est

246 1397 396 1441 Epistola
408 1397 513 1431 oetavi
526 1396 728 1432 saeculianno
749 1397 947 1441 octogesimo
970 1396 1126 1438 septimo,

249 1447 282 1481 δε
292 1446 488 1481 Investiturae
497 1446 704 1490 privilegium
716 1455 796 1480 tunc
807 1446 875 1479 illic
889 1445 1027 1479 Carolus
1042 1444 1124 1478 adeo
1146 1462 1148 1464 -

247 1508 318 1531 non
331 1495 446 1530 habuit
458 1519 469 1535 ,
495 1505 532 1528 ut
542 1502 602 1529 nec
613 1495 746 1530 haberet
756 1495 806 1538 jus
820 1495 919 1539 Regii
931 1495 1122 1529 consensus.
1145 1508 1147 1511 ¹

247 1547 277 1581 F
278 1546 338 1581 ista
349 1546 450 1590 igitur
461 1543 506 1578 est
516 1544 575 1578 ista
586 1545 739 1587 Synodus
749 1569 759 1583 ‚
786 1546 950 1588 ipsamque
962 1544 1125 1588 legitima·
1146 1584 1148 1586 v

247 1607 284 1630 re
292 1591 393 1640 gratis
403 1603 507 1637 tentat
517 1595 551 1627 in
564 1594 626 1627 suis
647 1594 687 1628 ad
710 1594 878 1628 laudatum
906 1595 1123 1637 fragmentum
1145 1610 1147 1614 .

246 1646 338 1679 notis
359 1643 543 1688 Stephanus
575 1644 730 1679 Baluzius
749 1665 758 1675 .
798 1643 901 1691 Quod
943 1643 1122 1677 Reatinum

247 1694 357 1738 postea
378 1694 576 1738 Episcopum
587 1694 652 1727 sine
663 1695 721 1728 suo
731 1696 851 1728 assensu
865 1694 1041 1727 consecrari
1056 1703 1122 1725 non

247 1744 424 1787 permiserit
438 1744 615 1789 Imperator
627 1744 803 1780 Lotharius
815 1767 825 1784 ,
846 1744 908 1778 fuit
933 1754 1059 1777 novum
1070 1753 1123 1788 ge·

247 1805 310 1828 nus
321 1794 487 1827 violentiae
495 1818 503 1826 .
591 1837 593 1839 v

257 1855 258 1858 ¹
298 1843 446 1888 Quaestio
453 1843 499 1876 est
511 1867 522 1883 ,
548 1853 590 1876 an
602 1843 702 1878 etiam
715 1843 840 1877 Leonis
850 1843 954 1877 notavi
965 1841 1122 1885 Synodus

246 1893 283 1925 fit
295 1892 496 1936 supposititia
518 1903 555 1926 ac
577 1893 674 1926 fieta?
699 1893 845 1940 Qidam
867 1893 1048 1926 affirmant.
1075 1890 1122 1925 At
1174 1927 1177 1932 .

244 1943 312 1975 sine
338 1941 556 1975 fundamento
577 1965 587 1973 .
622 1942 757 1976 Etenim
783 1942 869 1976 istud
895 1941 1124 1986 privilegium,

243 1991 427 2035 tanquam&
440 1991 552 2025 Leone
563 1991 678 2025 datum
688 2017 702 2032 ,
724 1990 840 2026 diserte
854 1992 988 2025 laudant
1000 1993 1034 2025 in
1049 1990 1124 2024 Edi-

244 2043 317 2079 ἃο,
341 2040 430 2084 quod
444 2041 601 2075 Romanas
613 2041 836 2084 Ecclefiaejura
861 2053 899 2075 ac
925 2041 1121 2085 patrimonia

244 2092 479 2125 confirmarunt
488 2116 498 2131 ,
523 2088 618 2125 Otho
628 2091 751 2135 primus
765 2091 945 2134 Imperator
958 2091 992 2125 &
1005 2090 1121 2124 Henri-

243 2151 302 2174 cus
313 2141 459 2180 sanstus,
487 2151 546 2174 nec
569 2152 637 2175 non
662 2142 698 2174 in
721 2140 803 2175 disti
825 2142 950 2175 Leonis
970 2140 1121 2174 adversus

244 2189 456 2224 Benedieium
479 2190 632 2233 quintum
652 2190 804 2225 Romana
827 2190 962 2234 synodo
984 2190 1119 2224 Benedi-

186 2274 188 2277 ,
245 2240 312 2271 &us
343 2238 503 2273 Romana:
526 2241 673 2274 Ecclefiae
693 2240 958 2275 Archidiaconus
979 2265 985 2271 .
1011 2241 1055 2273 Et
1081 2238 1121 2273 de

72 2486 103 2514 L
120 2489 181 2517 6.c.
197 2491 224 2517 c·

243 2286 397 2322 Othonis
422 2289 516 2331 primi
543 2289 751 2331 Imperatoris
777 2291 925 2323 adversus
960 2290 1118 2332 Joannem

245 2337 479 2371 duodecimum
490 2337 688 2375 Pontificem
698 2339 803 2372 Gestis
829 2350 927 2382 agens
949 2339 1119 2383 Luitpran-

244 2386 482 2421 dusDiaconus
493 2387 680 2422 Ticinenfis
691 2413 700 2428 ‚
722 2388 828 2422 scribit
838 2388 878 2421 de
890 2389 1044 2422 Romano
1065 2400 1122 2432 po·

244 2437 343 2479 pulo:
369 2441 463 2471 Cives
476 2440 495 2469 5
496 2437 614 2470 andum
624 2442 831 2479 Imperatorem
841 2437 972 2481 cumficis
982 2439 1116 2472 omnibus

244 2490 278 2519 in
289 2487 391 2520 urbem
396 2484 559 2529 suscipiunt
569 2511 581 2527 ,
601 2487 836 2530 fidelitatemque
841 2494 1022 2529 promittunt
1033 2513 1045 2529 ,
1056 2488 1118 2523 baec

245 2538 392 2570 addentes
405 2538 439 2571 (ς’
458 2536 589 2579 firmiter
605 2539 747 2577 jurantes
770 2549 922 2580 nunquam
937 2536 971 2581 se
1001 2541 1117 2580 Papam

247 2586 380 2619 eleHuros
390 2595 444 2619 aut
453 2588 641 2619 ordinaturos
646 2595 716 2628 prae
731 2599 762 2620 er
772 2585 935 2631 consensum
955 2598 1048 2630 atque·
1063 2589 1117 2622 ele-

248 2634 365 2666 arronem
375 2638 493 2668 Domini
503 2639 694 2678 Imperatoris
708 2636 833 2671 othonis
844 2637 978 2681 Caesaris
990 2638 1115 2682 Augusti,

249 2682 451 2726 filiiqueipfius
462 2689 548 2729 Regis
560 2685 700 2719 othonis.
728 2687 859 2722 Exinde
882 2689 1041 2731 Joannem
1060 2688 1115 2722 Pa-

250 2741 326 2773 pam
336 2733 537 2773 synodaliter
546 2736 694 2770 damnari
721 2747 816 2779 atque
836 2737 908 2780 ejici
931 2738 1054 2772 curavit
1072 2739 1116 2772 O·

249 2778 329 2820 tho,
355 2781 435 2815 acin
447 2783 533 2817 illius
545 2784 654 2819 locum
674 2787 745 2821 Leo
765 2788 896 2821 octavus
918 2788 962 2821 est
978 2792 1114 2831 'promo-

247 2840 314 2862 tus.
345 2830 523 2865 Eundema
545 2835 668 2876 Joanne
692 2848 748 2882 per
766 2848 952 2880 corruptum
976 2840 1111 2881 pecunia

247 2879 404 2923 populum
417 2879 562 2914 restituto
571 2905 582 2921 ‚
605 2885 734 2928 ejusque
742 2886 924 2921 Successore
936 2887 1113 2921 Benedit‘io

247 2930 366 2972 quinto
377 2929 510 2972 ejeecum
522 2930 617 2967 Otho
628 2944 775 2976 potenter
786 2937 926 2970 restituit
937 2961 948 2977 ‚
975 2937 1111 2971 Benedi-

249 2981 335 3013 &um
345 2977 572 3022 deportavitin
594 2981 820 3024 Germaniam,
845 2996 942 3029 atque
963 2986 1009 3020 ita
1032 2987 1112 3021 Leo-

249 3039 324 3061 nem
333 3029 387 3062 sibi
399 3029 574 3071 plurimum
584 3030 741 3075 obligavit
758 3059 764 3066 .
790 3036 834 3069 Et
846 3035 978 3078 quidem
990 3035 1111 3071 Rotna-

249 3089 298 3111 nae
323 3079 468 3113 Ecclefiae
478 3078 648 3114 dumtaxat
668 3081 964 3124 protoscriniarius,
989 3086 1022 3120 id
1045 3087 1088 3120 est
1101 3110 1110 3125 ,

248 3125 351 3164 homo
372 3127 490 3162 Laicus
512 3153 522 3168 ,
558 3130 699 3163 Curialis
714 3153 726 3170 ‚
750 3131 966 3176 Neophytus,
1004 3147 1108 3169 rerum

248 3176 536 3212 Ecclefiasticarum
575 3178 740 3222 imperitus
765 3190 831 3214 erat
853 3182 945 3222 Leo,
972 3183 1108 3228 ideoque

242 3225 387 3260 omnino
397 3226 563 3269 probabile
572 3229 616 3262 est
627 3252 638 3268 ‚
664 3230 751 3272 quod
764 3241 818 3273 per
827 3230 984 3273 ejusmodi
1007 3234 1110 3275 Syno-

246 3277 319 3310 dale
329 3276 492 3310 indultum
502 3276 599 3312 fuerit·
607 3277 737 3313 Othoni
749 3280 949 3323 gratificatus
962 3305 969 3312 .
997 3282 1109 3318 Praefa-

246 3336 316 3359 turn
328 3325 440 3370 populi
451 3327 639 3369 promissum
650 3327 781 3363 videtur.
797 3329 935 3366 omnino
955 3330 1108 3375 adimple·

245 3377 338 3410 visse.

262 3449 264 3453 -
294 3426 403 3461 Etiam
429 3426 580 3471 Gregorii
601 3427 681 3464 sexti
703 3428 738 3464 in
761 3427 876 3465 mortis
900 3429 982 3467 lesio
1006 3441 1108 3468 extre·

1885 178 1942 224 15
1950 181 1981 227 7

1185 259 1236 281 ma
1245 249 1352 282 oratio
1361 248 1406 283 est
1418 250 1555 293 suspersta
1564 246 1605 283 de
1617 247 1721 292 spuria
1729 246 1948 291 suppositione
1958 271 1968 280 .
1997 247 2051 282 Ex

1183 309 1223 331 eo
1244 298 1376 339 quidam
1399 299 1538 342 probant
1557 322 1569 340 ,
1587 298 1675 342 quod
1697 297 1872 341 Gregorius
1896 297 2053 340 septimus

1183 347 1278 381 fuerit
1301 349 1421 390 primus
1442 349 1550 385 Laicae
1567 347 1759 384 investitura:
1778 348 1985 391 impugnator
2005 357 2053 381 at·

1184 407 1246 440 que
1267 396 1439 431 damnator
1458 424 1469 439 ‚
1505 399 1650 443 adeoque
1669 397 1847 442 Gregorius
1867 398 1974 431 sextus
2000 407 2054 431 ne-

1184 455 1279 490 queat
1290 448 1406 482 similia
1417 449 1508 482 fuiffe
1517 449 1646 483 locutus
1659 472 1669 481 ι
1687 447 1943 491 Sedsctupulum
1953 446 2052 480 istum

1184 497 1310 540 diffipat
1321 497 1519 532 Guilielmus
1527 497 1818 533 Malmesberiensis
1826 522 1837 538 ‚
1863 496 2002 531 scribens
2011 495 2053 531 de

1186 546 1346 591 Gregorio
1358 547 1492 590 septimo
1508 560 1515 578 :
1528 551 1583 579 Hic
1595 549 1733 589 quodam
1744 548 1967 588 muffltaverant
1978 570 1990 586 ,
1996 553 2053 588 pa-

1184 598 1247 630 lam
1268 598 1375 630 extulit
1387 621 1398 636 ,
1423 602 1673 629 excommunicans
1695 597 1812 630 Elec'los
1831 602 1883 640 qui
1902 595 2054 636 investitu-

1187 658 1254 679 ram
1274 645 1466 689 Ecclefiarum
1492 647 1528 678 de
1549 657 1642 678 manu
1664 647 1748 678 Lara·
1769 656 1824 687 per
1849 646 1992 680 annulum
2018 646 2053 679 (w

1185 697 1316 730 baculum
1336 702 1500 737 acciperent
1521 720 1528 727 .
1557 695 1734 740 Gregorius
1754 707 1834 738 ergo.
1852 698 1958 731 sextus
1978 695 2054 731 Lai-

1184 757 1238 780 cas
1256 746 1462 781 investituras
1480 768 1491 785 ,
1533 744 1610 779 licet
1647 744 1706 778 sub
1740 743 1947 780 anathemate
1983 757 2055 779 non

1184 795 1344 830 damnarit
1359 820 1369 835 ,
1393 793 1534 829 omnino
1555 794 1660 837 potest
1683 793 1874 837 improbasse
1893 818 1900 826 .
1927 796 2056 830 Verum

1184 857 1251 879 non
1265 844 1382 878 Romae
1393 869 1403 884 ,
1430 845 1482 879 sed
1497 846 1531 878 in
1542 844 1750 878 Cluniacenfi
1764 844 1968 878 Monasterio
1980 868 1991 884 ,
2018 845 2057 878 il-

1185 896 1239 929 luc
1248 895 1289 929 ab
1308 894 1457 931 Henrico
1467 894 1565 929 tertio
1584 895 1781 938 Imperatore
1801 893 1989 938 deportatus
2011 894 2057 927 ob

1186 944 1440 989 impositumipsi
1450 945 1674 979 Simoniacum
1694 943 1836 987 Papatus
1861 944 2057 988 ingressum,
2112 979 2115 983 ,

1184 995 1229 1030 est
1250 1005 1395 1029 mortuus
1417 1006 1454 1029 ac
1477 995 1619 1038 sepultus
1639 1020 1653 1035 ,
1677 995 1815 1037 ideoque
1842 993 2056 1028 moribundus

1185 1047 1312 1089 nequiit
1322 1045 1439 1080 Romae
1449 1043 1489 1079 ad
1502 1047 1597 1079 suum
1617 1045 1751 1080 Clerum
1773 1045 1866 1079 fuisse
1885 1045 1964 1078 talia
1980 1055 2060 1078 con-

1184 1097 1351 1130 cionatus..
1362 1095 1458 1128 Plura
1471 1095 1529 1129 iste
1539 1097 1643 1140 sermo
1654 1096 1800 1130 continet
1810 1096 1827 1129 ὲ
1840 1105 1915 1129 vero
1925 1094 2031 1128 aliena
2050 1117 2059 1125 .

1184 1146 1389 1193 Qapropter
1400 1144 1599 1180 Guilielmus
1621 1145 1806 1188 Tyriorum
1827 1144 2062 1188 Archiepiscoe

1187 1207 1243 1238 pus
1266 1195 1348 1230 reste
1368 1195 1453 1229 dixit
1472 1195 1588 1231 Laicas
1608 1195 1810 1229 investituras
1829 1194 1892 1228 esse
1915 1194 2058 1238 Regiam

1186 1244 1452 1279 consuetudinem
1477 1257 1484 1276 z
1522 1244 1807 1278 Consuetudinem
1843 1244 2063 1278 immemoria-

1186 1295 1248 1328 lem
1260 1318 1270 1333 ‚
1279 1294 1704 1338 cujusoriginemrdistinste
1718 1295 1908 1338 ignoramus
1921 1320 1932 1328 .,
1956 1293 2061 1341 Qud

1187 1345 1291 1388 ipsum
1305 1344 1340 1378 in
1354 1345 1470 1390 litteris
1481 1345 1522 1379 ad
1534 1343 1723 1380 Germanici
1737 1344 1867 1387 imperii
1878 1343 2014 1378 Clerum
2026 1344 2062 1377 &

1187 1395 1343 1437 populum
1355 1394 1493 1428 affirmat
1511 1395 1690 1438 Gregorius
1710 1394 1862 1436 septimus
1875 1408 1886 1427 .·
1913 1398 2060 1427 Henricus

1186 1448 1251 1477 Rex
1263 1443 1485 1486 consuetudines
1493 1442 1640 1485 superbia·
1652 1451 1752 1476 contra
1763 1444 1933 1478 libertatem
1945 1443 2063 1477 sanc‘lae
2092 1446 2104 1473 ἰ
2130 1466 2135 1473 .
2189 1462 2199 1473 .

1186 1493 1318 1535 Ecclefiae
1337 1499 1480 1525 inventas
1490 1504 1547 1525 non
1562 1492 1703 1533 defhndat
1719 1517 1726 1523 .

1388 1711 1733 1760 CAPUT
1807 1716 1883 1762 IL

1280 1849 1544 1920 Expediuntur
1578 1855 1699 1898 varia
1777 1852 1951 1917 uaestiones
1967 1887 1980 1899 .

1282 1990 1410 2026 Uaestio
1440 1990 1542 2033 prima
1577 1990 1646 2031 est,
1671 2001 1712 2026 an
1737 1991 1837 2026 Laica
1863 1991 2063 2029 Antistitum

1303 2040 1494 2076 investitura
1505 2041 1542 2074 fit
1568 2041 1691 2075 Carolo
1713 2041 1843 2086 Magno
1865 2043 2062 2084 antiquior?

1306 2089 1504 2134 Respondeo
1515 2092 1593 2125 esse.
1611 2092 1745 2125 Etenim
1758 2093 1798 2125 de
1808 2094 1925 2126 Sansto
1939 2091 2063 2126 Roma⁴

1185 2154 1228 2176 no
1242 2141 1504 2184 Rothomagensi
1519 2139 1776 2184 Archiepiscopo
1800 2141 1911 2175 scribit
1940 2141 1975 2175 in
1995 2142 2064 2184 ejus

1184 2191 1250 2224 vita
1264 2189 1396 2224 Author
1407 2191 1581 2231 antiquus:
1596 2193 1663 2223 Rex
1675 2190 1866 2225 Clodoveus
1879 2191 2061 2233 secundus,

1182 2240 1303 2274 Carolo
1314 2239 1446 2284 Magno
1457 2240 1598 2273 anterior
1612 2264 1623 2280 ‚
1634 2243 1813 2274 Convocatis
1824 2250 1889 2274 tam
1902 2241 2060 2286 Episcopi»-

1181 2302 1271 2332 quam
1283 2288 1449 2322 Abbati-laus
1464 2313 1475 2330 ,
1499 2289 1635 2322 baculum
1646 2291 1691 2323 illi
1711 2291 1833 2323 contulit
1858 2291 2036 2331 Pastoralem
2048 2323 2061 2335 ,μ

1181 2344 1385 2374 Introm'zaetur
1403 2350 1469 2384 ergo
1492 2340 1657 2382 Pontificali'
1678 2346 1780 2382 apice.
1811 2340 1855 2375 Et
1875 2341 1916 2375 de
1938 2343 2059 2380 Sansto

1184 2390 1312 2425 Bonito
1333 2414 1348 2430 ,
1380 2391 1436 2433 qui
1460 2388 1518 2423 sub
1544 2390 1707 2434 Sigiberto
1734 2392 1935 2425 Francorum
1963 2393 2061 2440 Rege

1182 2441 1264 2474 rexit
1277 2440 1569 2474 claromontanam
1591 2440 1787 2480 Ecclesiam,
1812 2441 1852 2475 ad
1874 2442 2057 2479 Nicolaum

1183 2489 1380 2531 secundum,
1405 2489 1491 2524 &ad
1513 2489 1740 2523 Alexandrum
1761 2491 1940 2526 secundum
1963 2493 2056 2529 Pon-

1181 2540 1284 2574 tifices
1295 2539 1401 2574 scribit
1422 2541 1555 2574 sanctus
1577 2540 1693 2574 Petrus
1713 2539 1892 2575 Damiani:
1921 2547 1987 2577 Nec
1998 2553 2028 2578 te
2043 2569 2055 2585 ‚
2073 2553 2104 2582 L.
2136 2562 2161 2581 1.
2179 2555 2229 2593 Ep.

1172 2590 1254 2632 felix
1267 2592 1374 2623 Bom‘te
1385 2616 1395 2632 ‚
1418 2599 1596 2632 praeterem
1610 2615 1620 2631 ,
1642 2597 1693 2632 qui
1703 2589 1758 2623 hac
1766 2592 1931 2626 dumtaxat
1940 2594 2053 2635 occasio·
2071 2602 2097 2627 9·
2140 2603 2182 2622 10·

1178 2652 1214 2674 ne
1219 2649 1364 2683 percepta
1373 2666 1383 2682 ,
1409 2647 1548 2682 quoniam
1557 2641 1593 2673 de
1606 2652 1698 2675 manu
1708 2645 1795 2684 Regis
1810 2666 1821 2682 ‚
1850 2646 1935 2675 Laici
1945 2646 2051 2677 videli-

1177 2700 1221 2723 cet
1230 2689 1356 2723 hominis
1367 2716 1377 2731 ,
1403 2691 1592 2724 traditionem
1605 2691 1736 2729 Ecclefiae
1746 2701 1776 2724 te
1790 2690 1939 2735 suscepisse
1958 2700 2051 2726 conti-

1170 2747 1260 2782 gerat
1274 2764 1285 2779 ,
1311 2740 1494 2774 Cathcdram
1505 2740 1691 2782 contempsisti
1702 2766 1712 2781 ‚
1734 2750 1823 2782 atque
1834 2745 1877 2774 ad
1882 2748 2049 2776 remotioris

1177 2796 1253 2823 vitae
1263 2788 1422 2829 custodiam
1438 2798 1465 2822 te
1472 2797 1610 2832 protinus
1621 2792 1728 2824 contult·
1750 2797 1782 2822 ι’.
1809 2791 1860 2823 Ex
1873 2801 1939 2835 quo
1959 2791 2047 2827 vides

1176 2839 1308 2874 Laicam
1329 2840 1551 2874 investituram
1563 2865 1574 2880 ‚
1601 2851 1669 2874 non
1692 2841 1710 2874 a
1733 2840 1895 2885 Gregorio
1917 2852 2045 2877 tanturn

1174 2890 1313 2933 septimo
1325 2915 1335 2931 ,
1363 2889 1415 2924 sed
1427 2892 1527 2925 etiam
1538 2891 1556 2924 ὲ
1567 2890 1756 2924 melioribus
1766 2892 1902 2925 istorum
1924 2901 2047 2935 tempo-

1173 2950 1242 2972 rum
1257 2939 1424 2984 Episcopis
1435 2939 1622 2975 damnatam
1632 2940 1725 2974 fuisse
1736 2966 1746 2981 ‚
1772 2943 1804 2975 &
1817 2942 1861 2975 sui
1884 2941 1980 2984 ipsius
1990 2942 2046 2976 de-

1157 2989 1361 3032 ‚gradatione
1371 2990 1536 3033 punitam.
1566 2991 1696 3033 insuper
1709 2991 1796 3023 vides
1817 2993 1879 3025 esse
1901 2991 2047 3026 vetustis-v

1172 3040 1283 3071 simam
1310 3040 1580 3074 consuetudinem
1600 3065 1610 3079 ,
1636 3040 1742 3073 forsan
1778 3051 1841 3074 una
1878 3050 1953 3074 cum
1979 3053 2040 3076 no-

1171 3087 1321 3120 minandi
1357 3090 1514 3122 violentia
1551 3088 1796 3122 aBarbarorum
1822 3089 1970 3134 Regibus
1991 3094 2039 3126 asl-

1169 3138 1338 3178 sumptam.
1360 3138 1492 3170 Sanetus
1503 3148 1612 3171 tamen
1626 3137 1797 3172 Romanus
1807 3140 1954 3174 scribitur
1965 3142 2040 3176 fuis-

1170 3188 1199 3221 se
1220 3185 1391 3220 Canonice
1416 3186 1532 3220 elestus
1550 3210 1558 3217 2
1595 3187 1692 3220 Adeo
1715 3189 1803 3222 illam
1823 3189 1864 3224 ab
1887 3189 2037 3227 Adriano

1170 3236 1275 3280 primo
1289 3246 1354 3269 non
1369 3236 1492 3278 accepit
1504 3235 1641 3270 Carolus
1662 3237 1827 3282 Magnus,
1853 3251 1890 3274 ut
1911 3240 2033 3283 ipsam,

1168 3287 1244 3319 dum
1267 3286 1285 3317 a
1310 3285 1403 3319 variis
1425 3285 1641 3320 Barbarorum
1666 3286 1812 3322 abusibus
1840 3293 2034 3336 expurgavit

1168 3335 1342 3369 Ecclesiam
1368 3358 1378 3373 ‚
1421 3335 1565 3369 videatur
1612 3338 1808 3381 spontaneus
1856 3340 2002 3383 abjecisse
2018 3364 2033 3376 Α.

1168 3383 1313 3431 Quando
1340 3385 1373 3420 &
1393 3386 1530 3429 qualiter
1549 3385 1756 3431 postmodum
1780 3390 1940 3434 resumpta
1961 3390 1999 3422 sit
2021 3412 2032 3427 ,

1166 3436 1301 3481 ignoro.

1934 3486 1977 3520 Et
