2352 3736
428 171 524 217 304

357 243 411 277 De
435 238 546 273 Photii
569 248 675 273 morte
687 251 802 275 omnes
822 247 950 273 tacent.
973 236 1240 280 Constantinus,

357 291 490 326 ultimus
517 287 643 324 Leonis
672 291 832 333 Sapientis
858 286 945 319 filius
970 311 981 327 ‚
1008 287 1078 331 post
1105 290 1236 322 fratrem

356 336 581 374 Alexandrum
610 365 619 380 ‚
648 341 795 383 regnavit
818 348 894 371 cum
919 337 989 371 Zoa
1012 336 1122 372 Matre
1148 338 1242 373 annis

354 388 623 430 quatuordecim,
648 388 796 422 adecimi
821 385 1001 421 Christiani
1025 388 1131 423 saeculi
1152 400 1241 423 anno

353 447 447 472 nono
460 439 558 480 usque
570 439 610 471 ad
625 438 815 482 vigesimum
829 437 1010 472 secuudum
1021 463 1029 471 .
1045 437 1150 473 Porro
1163 440 1239 473 For-

352 487 462 522 mosus
487 487 645 523 Pontifex
666 487 775 524 sedere
799 488 899 532 coepit
920 487 1001 522 noni
1027 488 1130 523 saeculi
1148 500 1242 528 anno

351 537 564 583 nonagesimo
584 538 690 581 primo
717 564 728 585 ‚
753 550 850 583 atque
877 539 922 573 ita
945 538 1071 573 dudum
1093 548 1243 574 mortuus

353 587 399 623 est
421 598 497 621 ante
520 587 797 624 Santabar'enum.
824 589 1007 633 Stephanus
1033 589 1243 631 Patriarcha,

353 638 429 671 licet
456 638 572 674 Photii
593 639 769 683 dissipulus
790 641 824 674 ὅ(
843 639 1016 673 Diaconus
1041 639 1213 682 Syncellus
1232 664 1242 679 ,

352 687 442 721 fratri
465 699 574 724 tamen
588 691 696 724 Leoni
719 691 907 725 constanter
932 689 1081 729 adhaefit,
1110 691 1240 733 fuitque

349 739 519 784 insigniter
529 739 754 778 orthodoxus.
784 738 827 778 Et
837 740 879 776 fic
903 751 1006 775 omne
1022 739 1164 775 Schisma
1179 739 1242 774 fuit

348 791 565 829 exstincium.

400 842 527 876 Verum
539 839 589 875 his
611 841 738 877 obstare
750 841 879 875 videtur
890 839 1067 885 synodalis
1084 839 1242 874 acclama-

351 893 401 928 ti'o
424 892 463 926 ad
477 900 604 927 tomum
629 891 763 926 unionis
787 891 857 934 post
878 890 1026 924 Schisma
1049 890 1094 924 ob
1109 900 1240 934 quartas

350 943 559 988 Imperatoris
580 943 705 977 Leonis
723 940 920 984 Philosophi
947 941 1075 983 nuptias
1090 964 1097 971 .
1122 940 1241 974 Graecae

350 994 535 1037 disciplinae
555 1002 655 1027 tenax
680 989 870 1025 Patriarcha
890 991 1052 1025 Nicolaus
1075 990 1241 1033 Mysticus

351 1043 542 1087 Principem
564 1042 871 1077 excommunicarat
899 1065 909 1081 ,
936 1040 991 1074 hic
1016 1051 1126 1075 autem
1150 1040 1242 1075 Lati-

351 1105 428 1127 nam
441 1093 650 1137 disciplinam
663 1094 764 1126 sciens
777 1101 965 1135 provocarat
980 1090 1125 1125 Romam
1135 1114 1145 1130 ,
1161 1101 1234 1125 eau-

351 1145 419 1177 sam
434 1144 502 1179 illic
515 1144 674 1182 evicerat,
700 1143 794 1185 ejecit
820 1141 1025 1181 Nicolaum,
1051 1141 1242 1174 aSuccesso·

350 1198 386 1228 re
399 1194 588 1238 Euthymio
611 1195 676 1227 fuit
698 1191 865 1227 absolutus
879 1216 890 1231 ‚
916 1189 1239 1235 atqueitaintestino

351 1257 389 1279 ac
403 1245 486 1283 duro
512 1243 685 1278 schismati
715 1243 806 1276 dedit
829 1244 957 1276 ansam.
987 1240 1057 1275 Alii
1071 1241 1162 1274 enim
1175 1241 1240 1274 Ro·

351 1346 468 1386 bamr,
495 1346 666 1385 Decoero,
692 1342 749 1377 alii
763 1343 917 1385 Episcopi
940 1353 979 1375 ac
993 1339 1159 1375 Monachi
1184 1341 1238 1374 ad·

349 1396 516 1430 haerebant
551 1405 675 1438 nupero
711 1393 921 1438 Imperatoris
955 1391 1064 1426 Basilii
1097 1390 1238 1431 Editio,

349 1445 522 1482 damnanti
547 1458 583 1479 ac
609 1444 752 1478 irritanti
776 1442 850 1476 istas
872 1441 1002 1485 nuptias
1018 1442 1069 1475 uti
1093 1441 1238 1479 adversas

349 1495 557 1541 Evangelicae
570 1494 655 1539 legi.
685 1493 810 1527 Leonis
822 1492 908 1525 filius
922 1503 960 1525 ac
972 1491 1138 1526 Successor
1150 1492 1238 1525 Con-

349 1547 509 1580 nantinus
543 1541 852 1587 Porphyrogenitus
881 1542 1023 1583 reposuit
1056 1541 1238 1574 Nicolaum

349 1595 572 1634 Patriarcham
586 1620 596 1635 ,
607 1591 827 1629 discordantes
841 1591 1024 1635 Episcopos
1037 1590 1238 1632 composuit,

350 1649 383 1681 ἃ
399 1647 583 1685 famosum,
612 1643 707 1678 nobis
729 1644 764 1677 in
785 1641 855 1685 jure
874 1640 1163 1674 Graeco-Romano
1184 1651 1237 1673 cn-

349 1698 508 1731 stoditum
530 1696 548 1729 a
571 1694 696 1738 Joanne
719 1690 924 1727 L-cunclavio
942 1713 952 1729 ,
980 1688 1081 1721 edidit
1106 1688 1238 1721 unionis

349 1755 498 1780 tomum.
528 1743 572 1777 Et
586 1742 626 1779 ad
638 1742 743 1786 ipsum
760 1741 840 1774 facia
853 1737 1031 1781 Synodalis
1046 1737 1237 1771 acclamatio

350 1797 450 1831 habet
480 1795 547 1829 haec
574 1791 670 1826 verba
691 1805 702 1825 :
730 1796 841 1834 Ignatii
869 1814 879 1830 ‚
909 1788 1008 1821 Photil
1032 1812 1041 1827 ‚
1069 1787 1237 1829 stephani,

351 1851 494 1884 Antonii,
522 1844 643 1877 Nicolnt
662 1868 672 1883 ‚
699 1840 851 1879 Euthymn
877 1861 888 1878 ,
914 1838 1059 1881 stephani
1079 1863 1088 1878 ,
1116 1837 1238 1880 Trypho-

352 1903 418 1937 nis,
453 1890 659 1936 Theopbylaffl
684 1916 694 1931 ,
721 1890 884 1931 Polyeuffl,
910 1891 944 1922 &⁶
966 1893 1087 1921 Antonii
1105 1913 1115 1928 ,
1141 1887 1239 1920 ortho-

351 1950 496 1982 doxorum
518 1941 766 1977 Patrtarcbarum
780 1965 790 1980 ,
816 1949 929 1973 aeterna
945 1938 984 1980 fit
1008 1944 1164 1972 memoria.
1194 1938 1238 1971 Et

351 1996 516 2033 Nicolaus
540 1991 730 2027 Patriarcha
752 2016 763 2031 ,
789 1991 823 2023 &
844 1990 1026 2032 Imperator
1049 1988 1242 2023 Constanti-

353 2059 415 2082 nus
426 2048 556 2081 fuerunt
571 2042 740 2087 insigniter
752 2038 956 2078 orthodoxi,
980 2039 1014 2073 δε
1027 2048 1137 2072 tamen
1152 2037 1238 2072 Pho-

352 2099 437 2133 tium
450 2095 654 2130 honorarunt
666 2093 713 2126 nti
729 2090 903 2133 Colit-gam
918 2114 927 2128 ,
957 2098 1055 2133 atque
1067 2089 1110 2122 ita
1124 2089 1238 2130 nequit

353 2149 408 2182 'file
427 2148 460 2181 in
484 2145 664 2180 schismate
688 2167 699 2183 ‚
726 2140 960 2185 degradatione
982 2164 992 2181 ‚
1018 2148 1114 2180 arque
1136 2138 1237 2175 exilio

353 2199 416 2233 effe
428 2197 619 2231 defunstus.

407 2245 602 2290 Respondeo
625 2242 896 2279 acclamationem
917 2240 1009 2274 istam
1035 2250 1104 2274 non
1124 2239 1185 2273 effe
1196 2240 1240 2273 fa-

353 2301 437 2333 &am
452 2298 510 2331 sub
526 2297 616 2330 dieto
624 2294 779 2337 Principe
800 2292 833 2326 δι’.
846 2290 1033 2325 Patriarcha
1046 2315 1053 2322 .
1081 2290 1185 2323 Lucet
1197 2301 1236 2322 ex

356 2349 497 2391 subjecto
511 2346 550 2381 ad
564 2346 734 2380 laudatum
753 2354 883 2378 tomum
904 2340 1055 2377 Scholio.
1090 2348 1163 2375 Ηώς
1175 2345 1240 2381 qui-

356 2395 590 2443 demgestas'unt
612 2396 651 2429 ab
662 2393 891 2437 Imperatoribus
918 2390 979 2431 istit
993 2392 1061 2424 olim
1083 2401 1180 2422 rerum
1189 2398 1242 2430 ρο·

358 2456 441 2483 tin's.
470 2448 602 2491 Utique
624 2447 738 2480 Leone
757 2441 964 2486 philosopho
986 2465 996 2480 ‚
1023 2453 1060 2475 ac
1083 2440 1149 2483 ejus
1170 2440 1241 2472 filio

361 2498 584 2533 Constantino
604 2520 611 2526 .
643 2501 732 2529 Nunc
762 2495 830 2527 verb
856 2504 894 2525 ex
917 2494 1022 2525 Patrls
1058 2492 1091 2523 (5
1114 2490 1188 2524 Fili)
1209 2490 1263 2535 &t

362 2552 493 2590 spiritus
515 2546 618 2579 sancii
642 2545 850 2578 benevolentia
871 2543 906 2574 (ff
925 2546 1047 2584 gratia,
1072 2538 1263 2573 Sacerdotes}

363 2609 453 2639 atque
468 2595 626 2643 Monacbgos
639 2619 647 2633 ,
671 2596 742 2634 jam
754 2600 825 2624 ante
841 2597 1000 2632 nonaginta
1012 2601 1106 2621 annos
1117 2590 1150 2621 ob
1162 2597 1242 2628 prae-

364 2648 478 2681 didam
499 2643 618 2688 causam
637 2640 846 2687 &occasionem
862 2642 882 2671 ἃ
890 2639 923 2682 se
937 2644 1064 2672 invicem
1087 2636 1218 2679 divulsor
1232 2663 1241 2677 ,

362 2697 537 2743 sereniffima
557 2693 696 2735 Majestas
709 2694 728 2723 ἃ
742 2695 802 2725 Deo
811 2698 1012 2724 coronatorum
1033 2693 1244 2729 Imperatorum

368 2747 524 2788 nostrorum
536 2743 637 2786 Basilii
655 2745 688 2777 (τ
698 2740 882 2781 Constantini
895 2742 1051 2781 conjunxit
1075 2742 1109 2774 (τ’
1124 2742 1222 2771 univit
1234 2762 1244 2777 ‚

369 2807 516 2839 unamque
521 2795 688 2840 generalem
708 2794 741 2826 (ν
753 2790 940 2834 Apostolicam
953 2787 1109 2830 Ecclefiam
1130 2787 1241 2828 effecit.

371 2846 572 2893 ,Quamobrem
599 2842 789 2886 praedicandi
809 2867 819 2882 ,
846 2842 880 2874 (5·
900 2845 999 2884 magni
1031 2838 1170 2880 faciendi
1195 2847 1247 2870 ve-

371 2904 458 2933 m'unt'
475 2923 486 2938 ‚
511 2901 562 2938 qur·
579 2903 648 2937 opus
671 2902 735 2926 tam
753 2900 878 2935 gratum
899 2893 960 2922 Deo
974 2914 984 2929 ,
1007 2888 1117 2922 &tam
1144 2894 1245 2930 magni

372 2953 511 2983 momenti
520 2947 681 2979 ademtam
698 2943 924 2984 perduxerunt.
950 2937 1086 2981 Mystici
1108 2937 1244 2970 vNicolai

373 2997 561 3043 degradatio
574 3020 585 3036 ,
606 3006 642 3029 ac
656 3002 768 3028 natum
781 2990 857 3025 inde
869 2988 1015 3023 Schisma
1038 2986 1247 3032 contigerunt

375 3060 462 3083 anno
473 3045 615 3086 Domini
630 3040 879 3088 nongentefimo
903 3038 1045 3073 secundo
1060 3046 1115 3070 aut
1129 3037 1224 3072 tertio
1240 3061 1249 3076 ‚

377 3098 508 3131 unionis
531 3106 642 3130 tomus
655 3092 776 3139 prodiit
795 3101 885 3125 anno
895 3088 1036 3132 ejusdem
1051 3087 1153 3121 saeculi
1166 3087 1251 3131 vige-

380 3147 460 3179 simo
483 3171 493 3186 ‚
519 3147 652 3180 Basilius
685 3144 717 3178 δε
741 3140 980 3176 Constantinus
1005 3137 1180 3181 Imperium
1208 3139 1249 3170 se-

382 3194 580 3239 ptuagesimo
602 3195 760 3238 septimo,
788 3189 941 3226 Sifinnius
953 3187 1110 3223 secundus
1119 3186 1251 3220 Patriar·

384 3243 514 3276 chatum
535 3243 611 3277 iniit
632 3254 722 3277 anno
745 3240 953 3285 nonagesimo
965 3247 1080 3283 quarto
1095 3261 1106 3277 ,
1131 3237 1254 3271 scribit·

386 3302 449 3341 que
467 3290 507 3323 de
527 3292 597 3333 ipso
619 3291 783 3336 Georgius
807 3289 973 3325 Cedrenus
992 3301 999 3321 ε
1025 3286 1162 3330 sisinnius
1182 3287 1250 3326 diffi-

387 3343 468 3376 dium
486 3347 604 3381 propter
626 3347 747 3380 quartas
772 3346 895 3380 nuptias
915 3340 1027 3372 dudum
1049 3346 1142 3371 ortum
1160 3332 1252 3379 sustu-

384 3391 425 3429 'nt
448 3415 458 3431 ›
481 3389 631 3423 ίθηῑθΐᾶἱα
650 3387 739 3427 faHae
760 3411 767 3418 .
802 3389 919 3422 Fuerat
950 3387 1109 3422 horrenda
1135 3386 1252 3420 discor·

389 3441 444 3480 dia
456 3465 463 3477 ‚
489 3437 649 3486 Sapientis
660 3436 782 3471 Leonis
801 3437 818 3471 a
833 3438 981 3472 Romana
996 3437 1131 3473 Ecclesia
1143 3436 1253 3481 proba-

348 1307 475 1336 mano,
501 1293 591 1337 quod
604 1292 764 1338 Augustis
799 1291 971 1336 Iustiniani
994 1290 1121 1335 legibus
1131 1288 1239 1324 fulcie-

909 152 1595 201 ·DlsSERTAT1v0'

1301 250 1371 274 tum
1386 241 1513 274 facinus
1524 242 1629 285 plures
1642 246 1706 278 effe
1728 245 1928 289 insipientem
1940 248 2116 289 Haerefim,
2141 257 2180 283 ae

1302 292 1342 324 ab
1367 291 1434 333 ipsa
1462 293 1604 327 eversam
1642 293 2178 340 Christianitatem·,blaterabant3

1300 338 1492 375 Patriarchae
1508 341 1680 385 Euthymii
1694 368 1705 384 ‚
1732 346 1788 387 qui
1811 345 1958 380 Leonem
1976 348 2182 383 communio-

1301 391 1335 424 ni
1349 390 1530 426 reddiderat
1546 417 1557 432 ‚
1585 404 1708 427 nomen
1732 394 1893 429 radebant
1912 394 1931 429 ὲ
1952 397 2014 430 suae
2033 396 2179 434 Ecclefiae

1300 441 1422 475 tabulis
1445 466 1457 482 ,
1482 454 1521 477 ac
1542 444 1642 478 etiam
1674 444 1691 477 a
1713 443 1883 488 Polyeuffi
1905 469 1916 486 ‚
1941 445 2030 489 quod
2057 456 2178 483 nomen

1301 490 1385 526 istud
1417 492 1591 528 admisisset
1614 518 1625 534 ,
1661 495 1898 530 communione
1937 495 2178 532 aversabantur.

1300 541 1401 576 Adeo
1414 543 1550 578 unionis
1562 554 1671 578 tomus
1683 545 1844 579 unionem
1854 556 1924 581 non
1936 546 2054 580 fecerat
2064 571 2071 578 .
2081 546 2180 581 Hane

1300 604 1380 637 ergo
1405 592 1438 626 ὃς
1471 593 1556 627 inter
1583 594 1756 629 defunctos
1776 596 1809 630 &
1829 595 1915 630 inter
1934 596 2028 630 vivos
2049 596 2182 632 tandem

1303 643 1436 686 perfecit
1449 643 1626 685 Sisini-iius,
1650 644 1828 688 &quidem
1844 671 1854 686 ,
1881 656 1917 681 ut
1929 645 2029 690 aliqui
2042 646 2182 681 nonsffle

1301 693 1518 727 fundamento
1532 695 1672 728 asserunt
1688 719 1698 734 ,
1721 695 1911 730 damnando
1924 696 2111 730 Romanam
2123 695 2183 730 Ee-

1300 744 1426 777 clefiam
1453 768 1462 782 ‚
1492 744 1526 777 &
1559 742 1671 778 Photii
1699 747 1828 779 causam
1862 745 2055 780 resumendo
2078 770 2086 778 .
2112 745 2183 780 Hlo

1300 794 1387 827 enim
1411 793 1455 827 est
1477 794 1532 835 qui
1557 793 1746 838 Encyclicis
1770 795 1929 830 Photiiin
1944 797 2184 832 Romanam10

1299 854 1434 878 omnem
1453 844 1605 879 Latinam
1620 843 1901 880 Christianitatem
1924 846 2184 890 calumniispn'ei

1300 893 1374 927 fixit
1388 895 1488 927 -suum
1511 906 1656 935 nomen,
1681 896 1736 929 sua
1758 895 1974 934 patriarchali
1989 895 2184 931 auctoritate

1301 942 1410 976 denuo
1441 945 1547 986 sparsit
1571 956 1624 987 per
1643 956 1779 980 omnem
1795 947 1990 985 Orientem,
2017 957 2116 990 atque
2135 946 2182 981 ita

1301 992 1388 1025 viam
1412 993 1524 1027 stravit
1545 994 1705 1029 Michaeli
1719 996 1907 1031 Cerulario.
1935 996 2030 1030 Hinc
2040 1007 2120 1041 ergo
2142 996 2180 1030 ὰ

1302 1041 1418 1076 P-hotii
1430 1053 1551 1080 nomen
1563 1044 1697 1083 inseruit
1710 1046 1840 1093 praesstae
1857 1046 2106 1082 acclamationi.

1500 1340 1845 1416 CAPUT
1915 1343 1983 1390 11.

1301 1485 1553 1550 Exponmitur
1565 1479 1773 1530 Michaelis
1794 1481 1981 1530 cerularii
2015 1480 2182 1543 naiades,>

1403 1550 1673 1621 Epistopatus‚
1711 1572 1852 1614 mores,
1888 1549 2043 1617 &finis
2064 1588 2078 1600 .

1305 1687 1524 1769 Michael
1546 1690 1679 1734 quintus
1688 1702 1806 1736 genere
1827 1693 2100 1736 &cognomento
2121 1692 2180 1726 Pa-

1380 1752 1382 1754 ’
1442 1738 1584 1783 phlago,
1612 1741 1768 1783 ingrersus
1788 1742 1834 1776 est
1852 1743 2026 1784 Imperium
2047 1741 2181 1777 undeci-

1303 1788 1348 1821 mi
1361 1787 1541 1822 Christiani
1569 1791 1672 1824 saeculi
1695 1801 1784 1825 anno
1795 1791 1958 1836 trigesimo
1971 1792 2108 1835 quinto,
2135 1801 2182 1825 te-

1303 1838 1440 1879 nuitque
1452 1837 1492 1872 ad
1504 1839 1653 1883 quinque
1663 1838 1728 1873 fere
1738 1851 1842 1875 annos
1854 1865 1861 1873 .
1890 1840 1934 1875 Et
1949 1850 2030 1875 tunc
2043 1841 2180 1884 primam

1302 1888 1341 1921 de
1350 1887 1517 1923 Michaele
1529 1889 1699 1923 Cerulario
1712 1892 1918 1925 mentionem
1928 1891 2006 1925 facit
2018 1891 2180 1936 Georgius

1302 1937 1470 1972 Cedrenus
1487 1950 1494 1970 ε
1521 1945 1581 1974 Hoc
1599 1948 1727 1981 tempore
1735 1940 1881 1985 adversus
1897 1946 2108 1982 Imperatorem
2118 1953 2182 1974 con·

1297 1987 1448 2031 spiratum
1469 1989 1506 2027 est
1520 2013 1530 2028 ,
1556 1990 1749 2032 Principibus
1762 1990 1912 2032 facinoris
1930 1990 2072 2024 Michaele
2089 1994 2180 2023 Ceru-

1300 2039 1378 2071 lario
1403 2041 1438 2073 ἐν
1451 2040 1577 2082 Joanne
1614 2041 1838 2082 Macrempoltta
1865 2066 1877 2082 ‚
1915 2038 2037 2083 altisque
2068 2046 2180 2073 civium

1302 2088 1382 2121 haud
1399 2096 1508 2130 paucis
1530 2114 1536 2121 .
1565 2089 1608 2124 Et
1630 2090 1711 2125 infra
1734 2103 1745 2123 .·
1770 2088 1910 2135 Vigefimae
1930 2091 1978 2123 die
2002 2090 2180 2131 Februarii,

1300 2139 1458 2172 indiHione
1478 2140 1632 2172 undecima
1645 2164 1655 2180 ‚
1683 2141 1803 2173 alexius
1825 2138 2005 2173 patriarcha
2022 2140 2109 2173 rebus
2128 2140 2182 2174 hu-

1301 2195 1400 2221 manis
1424 2190 1538 2222 excedit
1552 2214 1559 2221 .
1587 2194 1630 2222 Ei
1650 2189 1792 2234 sufficitur
1813 2190 2181 2231 dleAnnuntiattontfesto

1305 2238 1435 2272 Michael
1455 2240 1626 2274 cerularius
1648 2265 1658 2280 ‚
1686 2247 1737 2282 qui
1766 2245 1891 2274 vixerat
1923 2239 2088 2273 Monachus·
2105 2265 2115 2280 ,
2128 2252 2182 2276 ,eae

1304 2301 1358 2331 quo
1368 2301 1433 2322 eum
1453 2289 1717 2332 Orphanotrophus
1738 2291 1773 2323 ob
1786 2297 1915 2333 paratas
1936 2289 2056 2331 infidias
2075 2290 2182 2334 relegu-

1305 2347 1409 2373 verat.
1438 2339 1584 2373 Michael
1608 2341 1707 2385 igitur
1718 2342 1780 2374 fuit
1802 2338 1935 2375 natione
1948 2340 2181 2376 Constantino-

1306 2390 1471 2432 politanns
1493 2414 1503 2429 ‚
1530 2390 1652 2424 familia
1674 2391 1804 2425 illustris
1824 2413 1835 2429 ,
1861 2391 1972 2433 spiritu
1992 2390 2182 2435 inquietus,

1308 2439 1433 2473 rebellis
1455 2439 1489 2473 in
1501 2438 1686 2485 Principem
1698 2465 1708 2481 ,
1735 2453 1773 2475 ac
1788 2452 1854 2474 non
1868 2441 1996 2484 propria.
2012 2436 2182 2475 volu'ntate

1306 2490 1481 2533 profeffus,
1509 2490 1561 2523 sed
1575 2492 1620 2524 ob
1643 2502 1770 2533 poenam
1782 2491 1968 2533 compulsus
1988 2500 2026 2523 ac
2035 2485 2182 2525 detrusus

1309 2542 1340 2573 in
1353 2539 1608 2574 Monasterium.
1637 2542 1751 2574 Fuerat
1774 2543 1887 2574 mortis
1899 2551 1987 2573 reus.
2015 2538 2182 2582 Perpetuas

1306 2590 1505 2633 poenitentiae
1531 2592 1585 2634 spe
1606 2591 1650 2623 est
1674 2584 1776 2624 vitam
1796 2590 1954 2623 lucratus.
1982 2587 2026 2623 Et*
2043 2585 2123 2622 hinc
2145 2591 2182 2623 in

1307 2640 1464 2673 sententia
1478 2664 1488 2679 ,
1514 2651 1576 2683 qua
1600 2639 1693 2673 illurn
1715 2638 2012 2673 excommunicavit
2030 2661 2043 2678 ,
2068 2639 2186 2674 Cardi-

1307 2690 1389 2723 nalis
1412 2689 1635 2728 Humbertus,
1662 2689 1767 2723 Sansti
1791 2689 1914 2724 Leonis
1924 2689 2005 2721 noni
2026 2686 2067 2722 ad
2077 2690 2185 2734 Impe-

1307 2748 1446 2773 ratorem
1460 2739 1716 2772 Constantian
1741 2736 2008 2772 Monomachum
2018 2740 2182 2785 Legarus,

1308 2786 1414 2832 posuit
1426 2787 1489 2821 hoc
1512 2788 1661 2832 elogium
1675 2802 1686 2821 .·
1714 2787 1848 2821 Michael
1861 2786 1921 2830 solo
1941 2785 2181 2824 humanoaeimre

1308 2837 1441 2871 habitum
1454 2838 1663 2871 Monacborum
1673 2839 1800 2879 adeptus
1817 2862 1824 2870 .
1854 2838 2086 2882 Et-adjunxitia
2098 2839 2182 2873 -Abu-

1299 2887 1385 2928 Jt‘vus
1415 2887 1596 2921 patriarcba
1618 2913 1628 2928 ,
1650 2888 1826 2930 <Neophytus
1844 2911 1853 2920 .
1882 2886 2044 2923 Monachi
2067 2889 2182 2929 enim,

1309 2937 1483 2981 praesertim
1504 2938 1705 2978 istiusmodi,
1731 2950 1800 2972 non
1823 2939 1932 2973 minus
1950 2939 2048 2982 quam
2062 2940 2184 2973 saecula-

1310 3000 1357 3022 res
1378 2989 1452 3021 sunt
1472 2987 1557 3022 mere
1568 2989 1682 3029 Laici,
1710 2988 1856 3031 ideoque
1870 2987 2030 3033 gradatim
2054 3000 2108 3032 per
2120 2989 2184 3023 Ca-

1310 3038 1430 3071 nonica
1442 3038 1611 3072 interstitia
1621 3040 1806 3082 promoveri
1827 3037 1945 3072 debent
1958 3060 1969 3077 ,
1994 3039 2027 3072 ἀ
2040 3050 2107 3074 non
2122 3040 2183 3073 nisi

1312 3099 1365 3132 per
1377 3087 1511 3122 abusum
1525 3090 1643 3132 poffint
1663 3089 1770 3122 statim
1795 3088 1826 3121 in
1846 3087 2015 3120 Diaconos
2031 3099 2087 3123 aut
2096 3089 2184 3123 Press

1315 3139 1467 3182 byterm,
1494 3149 1532 3172 ae
1541 3140 1709 3183 prasertim
1734 3138 1766 3170 in
1782 3137 1962 3179 Episcopos
1975 3139 2176 3181 promoveri.

1363 3188 1540 3223 Promotus
1566 3189 1628 3223 fuit
1639 3186 1783 3221 Michael
1808 3187 1840 3219 in
1853 3186 2184 3223 patriarchamunde-

1315 3239 1394 3273 cimi
1408 3239 1514 3273 saeculi
1529 3237 1771 3283 quadragesimo
1792 3237 1888 3270 tertio
1903 3261 1913 3277 ,
1940 3239 2114 3273 undecimo
2126 3237 2185 3271 Be-

1318 3289 1437 3323 nedisti
1462 3291 1544 3322 noni
1568 3286 1744 3322 Pontificis
1767 3310 1777 3326 ,
1813 3287 1955 3321 secundo
1983 3297 2071 3322 anno
2093 3285 2184 3320 Con-

1319 3338 1451 3373 stantini
1474 3335 1691 3371 Monomachi
1719 3336 1924 3378 Imperatoris
1950 3335 2184 3370 Constantino-

1319 3389 1476 3431 politani.
1506 3387 1581 3420 Fuit
1594 3383 2057 3429 hicinligniterorthodoxus,
2083 3394 2182 3428 atque

1318 3440 1363 3472 ita
1392 3439 1488 3472 claret
1524 3438 1622 3471 etiam
1656 3434 1856 3471 Michaelem
1892 3432 1983 3470 fuisse
2018 3443 2098 3468 tunc
2134 3436 2182 3469 in-

2051 3494 2147 3529 aegras
