2352 3736
52 1674 123 1712 L3.
142 1678 215 1706 αις.

67 2540 127 2573 1⁵01.
135 2550 180 2576 2⁷·

542 154 609 183 DE
644 138 832 182 REmA
868 140 1244 182 ANTISTI-rum
1280 144 1729 177 NOMINATIONE.

225 225 363 264 riculosa
385 222 536 256 servitus.
566 222 658 255 Hinc
679 219 846 256 Fratribus
863 216 1099 253 Gemblacenfi-

225 278 303 314 bus,
328 283 365 308 ut
390 272 458 307 sola
480 272 633 315 Episcopi
655 272 702 306 sui
727 271 928 315 protestione
949 264 1100 311 contenti

223 325 366 370 Regiam
387 334 455 358 non
471 321 631 357 ambirent
644 346 654 361 ,
685 321 831 365 persuasit
845 320 1012 361 Notgerus
1024 314 1101 358 Epi-

223 377 340 419 scopus
367 373 557 408 Leodienfis
583 398 589 404 .
624 372 792 419 roirca
825 368 898 402 Rex
923 365 1099 407 Philippus

224 423 416 470 Augustus,
447 424 528 458 solas
543 423 682 466 Regales
706 417 863 453 Abbatias
886 416 924 450 ad
938 414 1100 459 postulan-

224 475 303 509 dam
327 474 471 518 eligendi
497 473 661 507 licentiam
683 468 886 511 adstringens
906 491 916 506 ,
944 467 1099 509 pietatem

224 527 316 559 suam
340 522 538 566 &justitiam
562 519 727 563 insigniter
748 516 1014 550 commendavit.
1043 515 1099 548 Et-

223 575 316 609 enim
340 574 377 607 in
401 572 498 606 libera
523 570 564 603 ab
586 568 647 601 isto
669 567 750 611 jugo
773 566 973 600 Monasteria
1002 565 1099 603 Rex,

226 625 287 658 nisi
316 635 370 667 per
401 618 589 655 violentiam
612 641 623 657 ‚
664 617 856 659 praetendere
894 627 963 649 non
992 615 1099 657 potuit

226 672 407 708 istiusmodi
418 668 627 712 potestatem.
656 666 776 711 Jugum
798 666 879 699 istud
894 662 1099 700 erathodier-

226 725 264 758 ni
277 723 474 757 patronatus*
485 729 550 751 non
569 717 700 760 penitus
722 717 881 752 absimile.
910 715 1003 748 Hinc
1024 724 1100 747 cun-

225 774 283 808 stis
294 769 400 806 Laicis
415 767 564 802 Patronis
576 766 727 801 Clemens
741 766 851 800 tertius
861 766 953 798 istam
966 763 1100 806 potesta-

228 833 296 858 tem
315 818 446 853 indulsit
467 842 474 849 .
503 818 608 851 Porro
634 818 844 860 Episcopatus
867 825 982 849 omnes
1000 812 1100 847 Galli-

227 869 300 907 cani
320 868 394 902 sunt
419 868 516 902 feuda
530 867 654 910 Regia,
674 866 713 900 de
726 866 880 909 plerisque
896 875 1006 898 autem
1030 863 1101 902 istic

227 918 382 955 Abbatiis
392 917 500 951 scribit
519 918 554 951 in
566 915 769 959 Corbejensis
785 914 981 949 Monasterii
1009 913 1103 955 privi-

225 969 317 1014 legio
344 967 538 1001 Benedictus
570 967 682 1001 tertius
711 966 869 999 Pontifex
897 978 908 997 .·
935 965 1104 997 Galliarum

220 1019 411 1063 permaxime*
421 1015 558 1058 Ecclefias
565 1017 697 1059 fidelium
716 1015 917 1048 collationibus
941 1017 960 1046 ἃ
974 1016 1033 1047 Deo
1042 1024 1104 1045 con-

221 1068 287 1110 stat
304 1069 356 1111 effe
377 1069 492 1101 ditatas
513 1092 520 1100 .
546 1066 641 1101 Hinc
666 1067 768 1111 igitur
786 1067 871 1099 inter
894 1065 1105 1107 Episcopatus

228 1119 265 1154 &
286 1117 445 1153 Abbatias
476 1116 679 1161 distinguens
712 1115 882 1158 Philippus
912 1113 1104 1158 Augustus,

228 1179 346 1203 omnes
358 1168 434 1202 illos
445 1167 609 1210 supposuit
620 1167 683 1200 effe
698 1165 837 1209 Regales
850 1190 856 1197 .

281 1217 429 1264 Qaestio
443 1218 559 1260 quinta
568 1215 613 1249 est
626 1241 636 1256 ,
662 1226 703 1249 an
717 1215 830 1257 praevia
851 1213 995 1258 eligendi
1009 1212 1121 1246 licen-'

230 1267 277 1303 tia
288 1291 299 1308 ‚
325 1268 477 1310 factaeque
489 1265 657 1300 elec‘tionis
668 1263 876 1299 confirmatio
895 1265 1035 1307 spestent
1048 1262 1108 1306 pri-

229 1315 343 1351 vative
366 1314 486 1358 adjura
506 1315 668 1360 Regalia,
692 1315 1040 1358 ideoque'competant
1061 1314 1109 1346 so·

231 1367 274 1401 lis
285 1365 439 1410 supremis
451 1364 658 1408 Principibus
677 1377 746 1398 non
767 1363 1042 1408 cognoscentibus
1052 1362 1109 1395 Su·

231 1417 416 1461 periorem?
442 1413 639 1459 Respondeo
661 1414 771 1457 paffim
792 1415 945 1456 spectare.
974 1411 1108 1446 Etenim

232 1467 273 1501 in
295 1465 536 1500 Cameracensis
559 1463 706 1498 Ecclefiae
717 1461 887 1498 Chronico
906 1462 1016 1496 scribit
1038 1461 1111 1495 Bal-

235 1515 344 1550 dricus
364 1515 545 1558 Episcopus
566 1513 785 1550 Tornacensis
802 1525 808 1544 :
842 1513 932 1545 Nulli
961 1511 1110 1544 abbatias

229 1572 345 1608 praeter
365 1569 574 1606 Imperatorem
594 1572 648 1596 aut
667 1561 843 1605 Episcopum
861 1565 967 1605 largiri
985 1560 1089 1603 faseli
1102 1585 1113 1601 ,

234 1619 377 1658 quamvis
409 1624 511 1646 earum
534 1614 701 1646 advocatiae
723 1616 824 1646 Laicis
856 1612 1110 1645 commendemur.

234 1665 269 1698 A
293 1663 435 1698 Vasallis
457 1661 660 1705 Principibus
683 1685 694 1702 ,
720 1661 795 1697 licet
817 1661 995 1697 advocatia:
1024 1671 1111 1704 pote·

234 1714 351 1749 statem
362 1712 504 1748 habeant
515 1738 525 1753 ,
552 1714 596 1747 ait
614 1725 680 1747 non
693 1714 779 1756 posse
802 1711 973 1746 Abbatum
985 1711 1113 1747 elemo-

235 1775 292 1800 nes
302 1763 512 1803 confirmari,
538 1763 627 1805 quod
638 1762 683 1796 est
697 1761 819 1797 donare
831 1761 1025 1796 Abbatiam.
1050 1762 1113 1795 Lo-

235 1814 348 1860 quitur
358 1812 507 1850 adversus
530 1812 722 1846 Rainerium
737 1812 973 1857 Longicollum
987 1835 998 1851 ,
1022 1811 1115 1844 Han-

235 1863 344 1898 noniae
362 1862 529 1898 Comitem
553 1886 563 1902 ‚
590 1863 834 1906 praesumentem
857 1863 981 1896 donare
1007 1860 1114 1894 Abba·

235 1915 314 1949 tiam
337 1913 444 1949 Sancti
467 1912 618 1953 Gisleni,
645 1912 792 1947 adversus
811 1924 906 1956 quem
928 1923 985 1955 pro
997 1911 1114 1945 Mona-

234 1962 319 2004 sterii
343 1963 491 1997 libertate
512 1962 652 1996 multum
666 1965 798 1997 certavit
822 1963 984 1996 Gerardus
996 1961 1114 1995 Came-

234 2014 368 2047 racensis
381 2012 558 2055 Episcopus
571 2036 582 2051 ,
607 2013 783 2046 asseverans
797 2011 881 2046 istud
893 2012 944 2055 jus
956 2010 995 2044 ad
1008 2011 1113 2045 solum

234 2062 466 2106 Imperatorem
487 2063 521 2096 &
544 2061 743 2105 Episcopum
765 2062 922 2105 pertinere
942 2085 949 2092 .
979 2061 1114 2095 Utrius-

233 2124 297 2156 que
308 2114 396 2145 enim
407 2112 695 2147 confirmationem
709 2112 847 2146 Abbatis
860 2111 975 2146 electio
992 2112 1113 2154 semper

236 2162 399 2204 requisivit
419 2187 425 2195 .
456 2162 500 2196 Et
525 2162 609 2205 apud
630 2161 752 2195 Lucam
774 2161 976 2203 Dacherium
999 2166 1135 2205 extant}

236 2210 348 2245 litterae.
369 2236 379 2252 ,
405 2211 522 2255 quibus
547 2212 654 2246 Sansti
678 2211 807 2246 Gisleni
829 2211 973 2245 Electum
999 2207 1134 2249 confir-l

238 2270 305 2294 mat
317 2260 492 2303 Imperator
505 2285 515 2301 ‚
541 2262 574 2295 &
586 2261 731 2295 Nicolao
745 2261 964 2295 Cameracenfi
983 2261 1115 2303 Episco-

237 2310 423 2353 pomandat
433 2310 698 2345 consecrandum.
726 2312 878 2345 Eundem
895 2310 1090 2344 Rainerium
1104 2333 1115 2349 ‚

238 2360 327 2404 quod
351 2358 548 2394 Lobiensem
565 2359 743 2394 Abbatiam
764 2360 898 2395 dedisset
912 2385 922 2401 ,
948 2361 966 2394 ὲ
990 2360 1115 2394 Bruno-

236 2421 280 2444 ne
292 2409 482 2444 Coloniensi
495 2407 750 2454 Archiepiscopo
764 2434 774 2451 ‚
795 2412 932 2445 Ottonis
945 2410 1039 2453 primi
1051 2410 1115 2443 Im-

237 2460 393 2503 peratoris
413 2460 523 2493 Fratre
544 2460 577 2492 &
593 2461 752 2499 vicario,
776 2470 810 2494 ut
837 2462 909 2494 laesae
931 2460 1113 2504 Majessatis

237 2520 327 2543 reum
349 2509 441 2543 fuisse
476 2510 667 2544 damnatum
699 2511 731 2544 δε
757 2512 970 2553 proscriptum
995 2535 1005 2549 ,
1034 2511 1114 2543 affir-

239 2569 305 2595 mat
327 2561 362 2593 in
375 2559 453 2593 dieti
465 2560 656 2594 Monasterii
669 2557 838 2595 Chronico
861 2560 970 2594 Abbas
984 2560 1115 2594 Folcui·

240 2619 301 2642 nus
320 2633 327 2640 .
353 2608 482 2652 Nempe
505 2611 680 2644 Rainerius
702 2634 713 2650 ,
741 2612 789 2644 uti
811 2609 918 2645 scribit
943 2611 1115 2654 antiquum

242 2657 480 2693 Gemblacensis
503 2659 696 2694 Monaslerii
719 2659 912 2696 Chronicon
926 2685 936 2700 ,
962 2661 1025 2694 toti
1051 2661 1117 2694 Ro-

244 2716 344 2739 mano
368 2708 506 2751 Imperio
541 2708 757 2745 formidabilis
791 2711 910 2745 distam
938 2710 1114 2744 Abbatiam

245 2765 302 2799 per
323 2757 553 2792 nominationis
575 2761 765 2795 violentiam
793 2761 925 2795 dederat
950 2761 1117 2794 Herluino

245 2805 352 2848 primo
375 2804 655 2844 Gemblaeenfium
678 2809 800 2845 Abbati
824 2836 834 2852 ,
863 2811 978 2855 ideque
1001 2813 1118 2845 merito

244 2855 309 2888 fuit
322 2864 391 2888 reus
414 2854 484 2887 laesae
494 2855 687 2899 Maiestatis.
715 2861 780 2895 Cui
794 2861 882 2895 enim
898 2861 1025 2895 Elestos
1042 2872 1120 2896 con-

246 2904 374 2937 firmare
399 2914 467 2937 non
492 2904 588 2947 licet,
613 2908 711 2954 longe
724 2911 832 2945 minus
855 2911 958 2954 potest
972 2912 1120 2945 nomina-

247 2964 302 2994 re,
334 2951 476 2996 adeoque
491 2965 550 2988 nec
572 2955 647 2991 dare
662 2959 806 3002 eligendi
830 2960 1035 2994 facultatem.
1066 2961 1118 2994 Et-

248 3002 313 3036 iam
326 3003 543 3037 Atrebatensis
554 3029 564 3044 ,
594 3004 669 3039 licet
679 3007 893 3044 Flandrorum
910 3010 984 3044 esset
997 3010 1120 3044 Metro-

249 3051 331 3095 polis
352 3053 385 3086 &
400 3052 559 3095 Principis
582 3054 669 3088 sedes
686 3080 696 3095 ‚
724 3058 862 3093 civitatis
884 3060 999 3094 Clerus
1020 3061 1053 3094 <Sc
1067 3072 1120 3104 po-

250 3101 344 3145 pulus
354 3102 493 3146 eligendi
507 3103 656 3147 Episcopi
678 3105 846 3142 licentiam
869 3121 906 3143 ac
921 3109 1121 3144 Electicon-

251 3151 470 3186 firmationem
492 3155 699 3196 numquam&
715 3157 795 3194 suo,
819 3161 986 3202 quousque
1013 3160 1066 3192 ille
1077 3171 1121 3193 re·

250 3201 411 3245 cognovit
424 3201 537 3236 Galliae
549 3203 739 3245 Coronam,
767 3205 901 3240 Comite
923 3208 1097 3250 postulavit
1112 3233 1122 3249 ,

251 3251 306 3285 sed
328 3250 450 3293 semper
466 3250 485 3283 a
510 3252 619 3298 Rege.
647 3254 736 3289 Nam
755 3255 816 3289 &a
838 3254 991 3300 Philippo
1012 3258 1119 3302 Augu-

250 3299 302 3335 sto
326 3300 453 3343 accepit
473 3299 685 3346 privilegium
710 3304 776 3338 fine
788 3306 900 3347 praevia
926 3306 1058 3340 licentia
1069 3308 1124 3342 eli-

251 3349 353 3396 gendi
374 3375 380 3381 .
409 3349 581 3386 Horrenda
605 3353 660 3386 illa
690 3355 773 3388 inter
794 3355 991 3390 Balduinum
1014 3357 1124 3391 Comi-

252 3408 320 3437 tem
340 3400 535 3435 &sanetum
548 3402 726 3438 Fulconem
740 3404 935 3441 Remensem
957 3405 1121 3452 Archiepi-

352 3449 454 3491 Christ.
461 3454 537 3494 Lupi
547 3456 632 3495 oper.
646 3456 777 3488 Toer.

1880 146 1974 191 147

1163 217 1297 259 scopum
1322 214 1360 248 lis
1370 213 1478 248 eidem
1500 213 1661 257 principio
1683 213 1821 248 inhaesit.
1850 211 2037 248 Vedastinii

1161 264 1354 298 Monasterii
1388 262 1617 298 commendam
1639 287 1649 301 ‚
1688 263 1707 296 a
1734 264 1857 298 Carolo
1884 263 2040 307 Simplice

1160 316 1361 349 Francorum
1383 314 1474 359 Rege
1496 314 1604 348 datam
1627 311 1791 353 Fulconi,
1817 313 1876 347 fibi
1895 326 1964 349 non
1985 312 2044 348 da·

1161 374 1228 399 tam
1256 363 1377 397 invidit
1397 363 1578 398 Balduinus
1601 387 1612 403 ,
1641 374 1695 406 per
1716 363 1874 397 immiffos
1901 365 2042 398 latrones

1161 413 1336 448 trucidavit
1356 414 1508 447 SanCtum
1531 414 1731 456 Episcopum
1751 435 1762 452 ,
1787 420 1885 456 atque
1907 414 1953 448 ita
1980 414 2044 448 Re-

1162 475 1202 508 ge
1224 488 1235 504 ,
1263 474 1360 507 quern
1380 463 1483 497 multa
1507 462 1640 497 rebellio
1653 465 1882 507 ‚impotentem
1900 464 2018 497 fecerat
2032 487 2044 503 ,

1162 515 1266 558 spreto
1285 513 1440 548 &invito
1461 511 1641 546 Abbatiam
1666 513 1779 548 invasit
1793 538 1800 545 .
1828 512 1934 547 Porro
1955 524 2044 547 com-

1161 563 1316 598 mendare
1327 562 1530 595 Monasteria
1543 585 1553 601 ,
1580 562 1724 605 eligendi
1745 563 1933 597 facultatem
1945 562 2020 597 dare
2034 586 2046 602 ,

1162 615 1196 648 ὃ(
1210 614 1404 647 confirmare
1427 611 1579 650 Eiectos,
1608 612 1748 653 spestant
1768 613 1808 647 ad
1833 613 1971 648 eandem
1993 624 2049 656 poe

1163 664 1325 697 testatem.
1364 660 1671 695 EtGemblacenses
1694 660 1882 704 Monachi,
1908 663 1987 698 dum
2007 661 2049 696 ab·

1163 713 1236 748 aula
1251 714 1426 746 voluerunt
1447 710 1608 754 pendere,
1631 718 1727 751 atque
1739 711 1902 746 Abbatem
1926 713 2050 755 accipe-

1165 775 1219 803 re,
1247 774 1315 796 non
1339 761 1379 794 ad
1398 760 1581 795 Brabantiae
1606 760 1758 800 Ducem,
1787 761 1839 794 sed
1863 762 1903 795 ad
1927 763 2051 797 Roma-

1168 824 1247 846 num
1269 812 1500 854 Imperatorem
1515 810 1671 854 parabant
1683 809 1850 844 accedere.
1881 811 1923 844 Et
1938 811 2052 845 Fratri-

1168 862 1226 897 bus
1252 859 1599 905 Afflegemienfibusin
1621 859 1923 895 erestiMonasterii
1948 860 2056 903 diplo-

1169 924 1255 946 mate
1266 909 1420 945 concedit
1439 910 1605 944 Henricus
1631 909 1743 945 tertius
1759 908 1940 944 Brabantiae
1952 911 2055 948 DuX,

1170 973 1207 997 ut
1221 963 1276 1006 ipsi
1291 962 1408 1006 poffint
1420 961 1477 994 fibi
1493 959 1655 995 Abbatem
1680 961 1821 1006 eligere,
1846 960 2056 1004 positumque

1171 1014 1261 1056 super
1273 1011 1372 1045 altare
1389 1011 1541 1045 baculum
1555 1011 1603 1044 illi
1614 1012 1841 1052 committere,
1854 1009 1948 1045 nullo
1961 1010 2058 1044 Prin-

1173 1064 1245 1106 cipe
1273 1072 1329 1096 aut
1351 1062 1518 1104 Episcopo
1539 1062 1786 1095 contradicente
1808 1085 1816 1094 .
1842 1060 1925 1095 Non
1953 1060 2058 1101 dicit,

1173 1112 1269 1146 Nobis
1287 1120 1339 1146 aut
1357 1109 1555 1155 fitccefforibus
1575 1111 1677 1149 nostrl,-
1699 1135 1710 1152 ‚
1732 1110 1789 1153 sed
1811 1112 1892 1144 nullo
1916 1113 2058 1153 Principe

1172 1164 1405 1196 contradicente:
1433 1161 1536 1210 Qod
1563 1172 1677 1205 nempe
1690 1160 1788 1194 talem
1818 1160 2011 1205 potestatem
2023 1159 2058 1192 in

1177 1215 1204 1246 se
1228 1212 1368 1247 necdum
1388 1213 1577 1256 agnosceret
1597 1236 1608 1253 ,
1635 1213 1669 1246 ὅ(
1692 1210 1882 1245 Germanici
1905 1210 2062 1253 Imperii,

1175 1262 1261 1305 quod
1273 1273 1324 1305 per
1339 1262 1433 1296 verba
1446 1284 1457 1300 ,
1483 1262 1578 1295 Nullo
1596 1265 1756 1303 Principe,
1782 1260 1926 1295 omnino
1939 1259 2061 1294 intelli-

1175 1313 1224 1356 git
1249 1337 1260 1352 ,
1288 1311 1478 1355 potestatem
1499 1312 1596 1346 vellet
1623 1311 1641 1344 ὲ
1671 1311 1848 1345 Brabantia
1874 1310 2059 1345 exclusam.

1178 1362 1221 1396 Et
1232 1362 1267 1395 in
1279 1363 1467 1396 sclavorum
1479 1361 1650 1396 Chronico
1665 1361 1878 1396 Hemboldus
1892 1359 2065 1402 Presbyter

1180 1413 1314 1456 longam
1326 1413 1464 1446 Henrici
1475 1411 1599 1446 Leonis
1617 1412 1769 1446 Saxoniae
1782 1411 1889 1445 Ducis
1900 1421 1975 1445 cum
1988 1409 2068 1444 Fre-

1178 1461 1288 1496 derico
1310 1463 1416 1504 primo
1427 1461 1624 1504 Imperatore
1638 1460 1679 1494 de
1707 1459 1919 1494 investiendis
1942 1460 2068 1493 &con-

1170 1509 1347 1545 firmandis
1368 1509 1558 1553 Epffcopis,
1585 1510 1638 1542 seu
1650 1509 1691 1544 de
1716 1510 1881 1544 donandis
1894 1508 2069 1552 Episcopa-

1180 1561 1268 1595 tibus
1278 1560 1370 1594 litem
1394 1560 1511 1600 refert,
1539 1571 1638 1603 quam
1662 1560 1854 1604 potestatem
1876 1559 2068 1593 Fredericus

1182 1610 1397 1655 praetendebat
1410 1611 1545 1653 spe-stare
1558 1610 1719 1653 privative
1740 1610 1781 1645 ad
1798 1608 1983 1655 Augustam
1997 1609 2071 1643 Ma-

1177 1660 1344 1704 iestatem.
1376 1660 1417 1693 Et
1444 1659 1522 1694 hinc
1546 1661 1696 1694 Heni-ico
1716 1660 1807 1695 Duci
1822 1684 1834 1700 ,
1855 1661 1912 1703 qui
1938 1660 2072 1694 Sclavos

1182 1710 1338 1745 Barbaros
1359 1709 1527 1755 subegerat
1540 1736 1550 1751 ,
1577 1722 1634 1754 pro
1647 1721 1771 1755 magno
1795 1710 1928 1744 indulsit
1943 1708 2072 1753 privile-

1182 1761 1240 1806 gio
1253 1786 1263 1802 ,
1292 1761 1486 1795 utomnium
1502 1760 1570 1794 illic
1583 1762 1642 1795 suo
1655 1760 1768 1805 gladio
1791 1759 1993 1795 sabastarurn
2009 1760 2074 1794 Re-

1180 1812 1323 1855 gionum
1349 1810 1561 1853 Episcopatus
1595 1813 1733 1846 donaret
1753 1833 1762 1844 .
1801 1810 1845 1844 Et
1865 1811 1915 1844 uti
1948 1808 2076 1856 grande
2093 1810 2154 1842 Lib.
2167 1813 2228 1842 xic.

1180 1860 1399 1905 privilegium
1413 1860 1492 1894 Dux
1514 1861 1604 1894 laetus
1615 1861 1756 1904 accepit.
1788 1860 1879 1894 Nam
1902 1861 1958 1904 qui
1970 1858 2075 1894 donat
2094 1855 2254 1889 69·70·73·'

1180 1911 1400 1955 Episcopatus
1425 1935 1435 1951 ‚
1463 1921 1599 1944 vocatur
1622 1912 1862 1954 Episcoporum
1885 1910 2073 1945 Dominus:

1181 1971 1280 2005 quem
1312 1962 1375 1993 effe
1389 1960 1485 1993 solius
1500 1961 1812 2005 supremiPrincipis
1833 1961 1969 1995 titulum
1991 1961 2077 1995 affir-

1181 2009 1384 2044 matibidem
1411 2011 1589 2044 Hartuicus
1601 2012 1819 2056 Metropolita
1840 2010 2074 2055 Hamburgen-

1182 2061 1236 2093 sis.
1266 2061 1310 2093 Et
1322 2060 1361 2094 ad
1378 2058 1567 2094 Arnoldum
1592 2060 1734 2096 Bavariae
1748 2063 1877 2096 Ducem
1890 2086 1902 2102 ,
1929 2062 1964 2095 in
1979 2062 2073 2094 Hen-

1182 2109 1240 2144 rici
1253 2109 1348 2153 primi
1368 2108 1573 2153 Imperialem
1592 2112 1786 2145 elesiionem
1815 2112 2003 2147 consentire
2017 2122 2074 2145 no-

1182 2161 1303 2193 lentem
1321 2184 1331 2199 ,
1358 2160 1443 2203 apud
1458 2160 1698 2203 Luitprandum
1712 2162 1899 2196 Ticinensis
1921 2160 2073 2195 Ecclesiae

1183 2211 1371 2243 Diaconum
1397 2209 1514 2242 dicunt
1537 2210 1605 2252 ejus
1624 2209 1778 2246 Proceres
1800 2226 1811 2244 .·
1837 2214 1999 2253 AEquum,
2019 2214 2074 2251 ju-

1176 2260 1312 2302 stumque
1323 2259 1403 2291 nobis
1416 2260 1537 2292 videtur
1549 2284 1559 2299 ‚
1586 2270 1620 2292 ut
1633 2263 1653 2293 ἃ
1665 2268 1782 2295 caeterls
1808 2272 1865 2295 non
1877 2262 2048 2304 diffentlens
2060 2287 2072 2303 ‚

1182 2310 1260 2343 hunc
1282 2313 1388 2352 Regem
1409 2309 1545 2353 eligeres,
1575 2309 1638 2353 ipse
1651 2314 1721 2345 verb
1741 2321 1791 2351 te,
1817 2322 1852 2346 ut
1863 2311 2073 2353 tamfortuna-

1183 2370 1246 2394 tum
1268 2360 1504 2402 acpraedivitem
1526 2366 1627 2393 virum
1639 2361 1690 2394 hoc
1712 2363 1800 2405 pallo
1814 2363 1936 2401 bearet,
1965 2367 2073 2394 animi-

1183 2423 1239 2454 que
1260 2415 1303 2443 tui
1317 2409 1475 2451 feritatem
1499 2411 1636 2444 mulceret
1661 2436 1672 2452 ,
1698 2422 1732 2445 ut
1756 2415 1837 2455 quod
1852 2411 2072 2455 praedecessores

1182 2467 1227 2494 tui
1240 2472 1297 2493 non
1321 2459 1445 2492 habuere
1458 2485 1467 2500 ,
1495 2460 1551 2493 tibi
1567 2463 1745 2496 concedatur
1757 2487 1767 2502 ‚
1790 2462 1904 2505 scillcet
1923 2472 2070 2504 quatenus
2114 2502 2119 2508 ι

1181 2516 1272 2544 tortus
1286 2513 1418 2543 Botariae
1431 2511 1588 2552 Pontifices
1601 2521 1662 2544 tuae
1672 2512 1852 2555 subjaceant
1862 2514 1981 2554 ditioni,
1998 2522 2073 2546 tuae⁴
2093 2503 2149 2534 Db·
2173 2515 2201 2534 2·

1183 2573 1238 2604 que
1253 2560 1292 2601 fit
1315 2559 1468 2602 potestatis
1505 2571 1561 2593 uno
1583 2561 1722 2602 defunHo
1743 2565 1870 2596 alterum
1887 2562 2067 2606 subrogare.
2089 2552 2151 2582 αφ’
2174 2554 2200 2578 7“

1184 2612 1278 2655 Igmir
1303 2617 1466 2644 connivens
1482 2611 1707 2645 Arnoldushuic
1718 2619 1825 2655 optimo
1845 2613 1960 2655 suorum
1974 2613 2070 2653 Confi-

1183 2663 1242 2701 lt'o,
1269 2666 1390 2696 Henrict
1411 2665 1503 2704 Regis
1529 2662 1611 2695 miles
1628 2663 1767 2704 efficitur,
1797 2664 1880 2698 &ab
1891 2675 1922 2697 eo
1943 2664 2069 2702 conceffir

1184 2717 1272 2745 totius
1290 2713 1421 2743 Boiarlae
1437 2711 1627 2753 Pontificibus
1641 2712 1815 2747 bonoratur.

1235 2760 1392 2794 Attamen
1402 2759 1443 2794 de
1457 2759 1604 2796 Roberto
1617 2755 1925 2807 Hierosolymitano
1937 2787 1946 2803 ,
1973 2762 2069 2796 Flan-

1185 2811 1344 2845 drenfiurn
1363 2810 1497 2844 Comite
1513 2835 1523 2851 ‚
1549 2811 1588 2845 ad
1600 2812 1667 2855 ejus
1687 2825 1824 2848 uxorem
1843 2812 2066 2848 Clementiam

1186 2860 1294 2894 scribit
1315 2861 1450 2895 Sanstus
1474 2860 1647 2896 Anselmus
1680 2862 1954 2907 Archiepiscopus
1981 2861 2066 2896 Can-

1185 2912 1351 2946 tuariensis
1364 2925 1375 2945 :
1405 2912 1542 2944 Relatum
1552 2913 1626 2945 mihi
1635 2911 1672 2952 est
1687 2938 1697 2952 ,
1724 2914 1868 2957 quosdam
1891 2912 2019 2945 abbates
2032 2917 2067 2945 in

1186 2965 1215 2994 F
1217 2963 1338 2994 landria
1341 2961 1381 3003 fic
1394 2962 1557 3001 constitutos
1570 2988 1580 3004 ,
1606 2971 1639 2995 ut
1651 2967 1754 2997 Comes
1778 2969 1828 2996 vir
1841 2961 1932 3003 vester
1951 2962 2066 2995 nullam

1184 3017 1228 3044 eis
1236 3009 1294 3053 sua
1308 3024 1398 3044 manu
1410 3013 1497 3045 daret
1508 3013 1731 3053 investituram.
1762 3011 1863 3058 Qod
1892 3011 2063 3046 Abbatum
2086 3014 2181 3053 Lib.3.'

1186 3061 1380 3094 investiturae
1393 3061 1436 3094 ob
1452 3062 1608 3095 Romanae
1622 3062 1771 3095 Ecclefiae
1782 3063 1909 3097 decreta
1923 3062 2064 3096 cessesset
2085 3059 2131 3095 ΕΡ·
2149 3067 2161 3093 5
2168 3068 2195 3092 9·

1186 3109 1342 3143 obediens
1376 3110 1542 3144 Robertus
1563 3135 1574 3150 ,
1600 3111 1749 3153 praedicat
1772 3110 1945 3145 Anselmus
1963 3137 1971 3145 .
2011 3110 2063 3146 At

1188 3157 1262 3194 vero
1285 3160 1339 3200 qui
1362 3159 1580 3199 investiebat,
1606 3160 1705 3194 etiam
1724 3161 1871 3205 eligendi
1895 3162 2063 3196 licentiam

1188 3210 1282 3249 dare,
1311 3208 1708 3251 Elestosqueconfirmare
1718 3211 1801 3245 olim
1821 3212 1962 3248 omnino
1974 3222 2064 3256 pote-

1189 3270 1236 3294 rat
1248 3260 1281 3293 &
1295 3259 1519 3292 consueverat.
1548 3259 1658 3306 Qare
1667 3261 1794 3295 videtur
1810 3262 1952 3296 solorum
1966 3263 2062 3296 Flan-

1189 3308 1346 3343 drenslum
1371 3309 1608 3352 Episcoporum
1631 3334 1641 3350 ,
1667 3310 1700 3344 &
1722 3312 1927 3354 quorundam
1954 3313 2062 3345 forsan

1194 3358 1364 3403 Regalium
1387 3357 1554 3392 Abbatum
1573 3360 1782 3395 confirmatio
1803 3362 1842 3396 ad
1854 3361 1982 3406 Regem
1997 3362 2063 3402 spe-

1191 3407 1283 3444 ctasse
1304 3433 1312 3442 .
1341 3408 1434 3454 Quid
1467 3409 1545 3453 quid
1572 3409 1610 3442 srt
1631 3434 1645 3450 0
1671 3411 1772 3447 etiam
1798 3411 1973 3448 Britanniae
1992 3409 2065 3443 Du-

1582 3458 1623 3493 T
1672 3471 1695 3499 2
1917 3468 2012 3500 cern,
