2352 3736
917 66 1424 114 INDEX.

262 158 441 204 Gnegorius
466 143 524 191 v'1.
551 153 616 190 fuit
636 152 802 200 legitimus
820 153 997 194 Pontifex,
1024 154 1139 199 injuste-

311 208 384 242 sede
395 206 522 250 pulsus.
881 214 977 253 474„
1004 201 1059 249 48.
1078 215 1103 239 1.
1117 214 1139 239 2

257 254 375 294 Guido
389 253 660 301 Archiepiscopus
671 255 840 291 Remenfis
851 255 1004 289 Simoniae
1015 255 1140 288 accusa-

308 317 360 342 tus
374 331 385 347 ,
398 305 661 349 adjuramentum
673 308 803 341 coastus
814 329 825 346 ‚
837 305 984 339 inducias
994 305 1141 347 impetra·

309 356 365 394 vit.
373 367 433 398 ιιι.
442 365 466 392 2
479 356 640 399 AcRome
651 357 813 392 restitutus
825 355 861 391 in
873 355 1045 399 integrum.
1059 353 1138 388 ibid.

369 455 504 491 Euricus
513 456 539 494 Ι.
553 455 682 501 Angliae
694 457 768 491 Rex
779 456 815 491 in
825 455 893 498 jura
906 454 1140 498 Episcoporutn

393 506 569 542 involavit.
598 507 662 540 Pro
671 506 800 541 focariis
816 506 963 539 foeminis
983 503 1141 538 redimen-

308 555 360 591 dis
371 567 522 591 nummos
535 557 658 600 accepit
668 579 679 596 ‚
703 557 751 591 uti
762 557 796 590 &
811 555 961 598 Episcopi
985 551 1117 598 quidam
1131 577 1141 592 ,

311 617 350 642 ac
376 606 635 648 Archidiaconi.
661 606 763 654 Qod
787 607 818 644 S.
843 604 1017 640 Anselmus
1037 602 1141 647 rigide

311 655 482 692 interdixit
495 681 503 689 .
685 653 693 662 ²
1036 660 1090 696 25.
1122 663 1137 687 1

261 705 500 747 Hereticorum
510 706 584 747 libri
594 706 659 752 legi
671 704 789 741 merito
810 704 851 740 ab
873 700 1014 738 Ecclesia
1034 712 1142 789 vegran-

311 765 382 790 tur.
1014 763 1035 788 2
1085 776 1092 784 -
1121 763 1141 788 2

263 805 371 849 Hugo
381 805 494 841 Abbas
505 830 517 848 ‚
544 806 667 852 primus
678 806 741 841 fuit
755 816 796 839 ex
818 762 1078 843 Cistercienfib‘lis
1101 801 1144 834 E-

314 856 480 899 piscopus.
1022 862 1095 898 142-
1122 863 1142 888 2

263 904 372 950 Hugo
383 905 606 940 Cluniacenfis
617 901 783 941 laudatur.
1019 899 1096 937 208.
1122 913 1144 939 2

263 952 371 999 Hugo
394 953 610 997 Lingonenfis
631 964 687 994 per
707 950 927 986 Simoniacam
950 950 1146 985 nominatio-

312 1002 436 1037 nemin
448 1001 681 1045 Episcopatum
693 1001 849 1037 intrusus.
878 1011 960 1046 215-
984 1011 1014 1035 1·
1032 999 1070 1038 In
1091 1001 1146 1044 Sy-

311 1050 404 1086 nodo
416 1050 567 1086 Remenfi
579 1051 740 1095 depofitus
751 1076 758 1083 .
771 1049 848 1085 1²0st
861 1049 1090 1093 poenitentiam
1100 1061 1146 1084 re-

310 1100 440 1136 stitutus
460 1125 471 1142 ,
509 1100 716 1136 laudabiliter
750 1101 837 1136 vixit
859 1101 893 1135 in
916 1099 1124 1136 Monachatu
1138 1124 1145 1131 .

313 1151 440 1194 Scripsit
451 1150 600 1185 adversus
612 1151 845 1196 Berengarium
860 1174 869 1184 .
1018 1160 1060 1186 21
1067 1160 1098 1196 ς.
1125 1161 1147 1185 2

266 1200 371 1246 Hugo
382 1200 591 1236 Nivernenfis
606 1202 790 1238 simoniam
814 1201 833 1234 a
858 1199 1043 1246 parentibus
1061 1200 1094 1233 in
1116 1200 1149 1232 se

315 1251 520 1287 commissam
530 1251 684 1294 profeffus
695 1276 706 1292 ,
718 1250 912 1296 Episcopale
923 1250 1041 1294 pedum
1054 1249 1149 1292 depo·

315 1299 378 1339 suit
390 1325 400 1341 ,
410 1312 466 1344 per
475 1301 563 1337 aliud
576 1300 594 1335 a
606 1301 720 1336 Leone
731 1300 790 1337 1X.
802 1301 966 1338 revestitus
980 1325 988 1332 .
1049 1309 1115 1344 2¹4·
1128 1310 1148 1335 2

267 1351 374 1396 Hugo
387 1350 655 1397 Vesontionenfis
665 1352 831 1389 accusatus
842 1375 853 1392 ‚
878 1351 1047 1387 convictus
1059 1350 1148 1383 aufu-

343 1410 387 1434 rt.
1029 1409 1071 1438 ιι
1100 1423 1106 1428 -
1132 1409 1147 1433 1

267 1411 473 1498 Hugmbertus
485 1450 670 1487 ‚Cardinalis
681 1449 848 1485 laudatur.
876 1460 957 1497 441·
974 1461 1002 1485 1.
1016 1409 1151 1489 Eju‘gA-

318 1498 478 1544 postolica
489 1501 610 1546 legatio
621 1501 797 1545 exponitur
811 1525 818 1532 .
829 1509 908 1548 439.
922 1511 944 1536 2
957 1499 991 1532 δε
1002 1497 1084 1541 seqq.
1096 1495 1151 1529 Ad

318 1559 424 1584 totam
434 1561 569 1595 gentem
581 1553 786 1586 consecratus
798 1550 977 1592 Episcopus
988 1572 995 1581 .
1021 1556 1102 1590 442-
1128 1557 1151 1580 2

267 1598 449 1643 Hymnus,
474 1601 576 1636 Gloria
586 1598 759 1637 inExcelfis
772 1619 783 1635 ,
805 1597 846 1629 ab
870 1596 941 1629 aliis
966 1596 997 1628 S.
1018 1592 1153 1629 Hilario

316 1648 490 1683 tribuitur.
519 1656 594 1693 377.
606 1657 638 1682 2.
649 1644 705 1679 Ab
715 1644 785 1680 aliis
805 1646 834 1683 S.
857 1641 1086 1684 Telesphoro,
1111 1641 1153 1673 ab

313 1695 388 1740 aliis
398 1695 602 1737 §.Sylvcstro
614 1718 623 1732 ,
1028 1690 1104 1738 378·
1133 1699 1149 1725 1

318 1794 464 1839 Ejunant
475 1794 577 1829 Graeci
591 1795 625 1828 in
635 1793 746 1839 vigilia
756 1792 904 1835 Paschae,
931 1790 1024 1828 nullo
1045 1800 1154 1828 autem

272 1883 283 1886 ⁷.
341 1845 408 1883 alio
419 1844 581 1892 δώδεκα,
608 1855 671 1885 nec
683 1845 784 1880 etiam
795 1844 1019 1878 Alexandrina
1043 1842 1156 1878 Eccle-

317 1895 379 1932 sia.
1020 1902 1100 1939 300.
1133 1904 1147 1929 r

264 1945 434 1989 Imagines
461 1946 569 1979 Sacras
592 1945 626 1979 ὅτ.
645 1944 758 1980 Latini
780 1945 814 1978 δε
836 1943 942 1979 Graeci
962 1942 1155 1978 venerantur

297 2008 301 2010 ’
318 2002 389 2038 401.
405 2002 433 2028 ι.
450 1994 542 2040 Qas
553 1994 942 2029 &Latiniexosculantur
957 2018 964 2025 .
1026 2003 1108 2040 401.
1134 2002 1156 2027 2

269 2041 491 2081 ltnmundain
504 2043 576 2087 lege
586 2055 671 2077 nova
685 2044 759 2079 suut
779 2045 932 2078 animalia
957 2056 1000 2079 ex
1020 2054 1155 2083 natura,

319 2103 390 2130 non
402 2103 444 2125 ex
455 2091 548 2136 lege.
576 2092 654 2141 361.
677 2104 708 2130 1.
731 2094 799 2130 Uti
823 2095 857 2128 &
881 2095 966 2137 apud
987 2093 1157 2128 Gentiles.

319 2138 398 2188 361.
419 2152 450 2182 2..
474 2142 586 2177 Omne
607 2143 755 2184 animal,
775 2143 865 2188 quod
875 2144 1005 2187 corpori
1016 2144 1156 2178 noxium

320 2190 447 2227 nonest
459 2215 470 2232 ,
492 2191 580 2227 licite
591 2192 791 2227 comeditur.
1030 2192 1107 2242 363.
1137 2203 1154 2228 1

269 2241 508 2284 impedimenta
521 2243 724 2283 matrimonii
736 2243 923 2280 dirimentia
932 2243 1040 2278 olimii
1066 2241 1158 2277 Prin·

321 2291 447 2335 cipibus
458 2293 576 2330 statuta
588 2317 599 2333 ‚
625 2293 745 2328 deinde
758 2294 799 2327 ab
810 2293 954 2328 Ecclefia
1041 2291 1096 2330 28-
1124 2303 1157 2328 2.

273 2341 489 2380 lucontinens
497 2341 660 2386 presbyter
673 2342 783 2378 subito
794 2343 968 2378 exstinctus
984 2369 992 2377 .
1046 2340 1124 2379 228-
1136 2356 1174 2392 ²}

271 2391 487 2436 Indulgentiae
507 2393 703 2436 quaestuariae
725 2393 760 2427 in
785 2393 924 2428 Ecclesia
961 2394 1158 2439 viguerunt.-

322 2440 456 2476 Abusus
466 2441 522 2477 ille
547 2454 604 2486 per
629 2442 823 2484 Concilium
849 2441 1087 2482 Tridentinum
1111 2443 1161 2475 su-

322 2491 446 2526 blatus.
550 2488 553 2493 “
1021 2503 1078 2541 73-
1095 2503 1121 2527 1.
1136 2503 1159 2528 2

272 2542 418 2583 Intentio
431 2542 555 2577 resta&
569 2542 655 2578 casta
676 2543 788 2579 multis
807 2542 1002 2581 Christianis
1025 2544 1160 2588 plerum-

322 2602 387 2633 que
400 2591 487 2625 deest
499 2616 508 2624 .
1056 2603 1077 2640 9
1080 2601 1110 2637 3.
1138 2603 1159 2628 2

275 2638 467 2678 Investitura
479 2665 490 2681 ,
511 2641 594 2683 quid
607 2643 625 2675 ἔ
653 2651 693 2689 15
698 2652 732 2689 3.
745 2654 771 2678 1.
782 2643 864 2678 Non
885 2645 1007 2687 semper
1019 2643 1081 2676 fuit
1101 2653 1160 2675 no-

326 2687 504 2722 minationi
516 2690 667 2726 adiuncta
680 2717 688 2724 .
701 2693 778 2727 ibid.
792 2694 848 2728 Est
862 2694 1049 2738 perantiqua
1062 2718 1069 2725 .
1092 2701 1160 2739 ¹53·

324 2749 356 2775 2·
382 2736 566 2783 Qomodo
593 2740 736 2776 investiri
762 2744 919 2787 Episcopi
943 2768 954 2783 ‚
996 2741 1159 2777 Abbates.

331 2795 410 2832 154
427 2797 453 2822 1·
466 2785 633 2820 Canonici
646 2811 658 2827 ,
682 2800 719 2823 ac
731 2792 794 2833 ipse
806 2793 977 2828 Romanus
986 2792 1142 2826 Pontifex
1157 2815 1164 2822 .

335 2845 411 2881 154.
425 2847 454 2872 2.
471 2835 689 2871 Verifimilius
697 2838 744 2871 est
766 2840 987 2875 investituram
998 2840 1060 2876 effe
1071 2842 1163 2885 privi-

332 2884 458 2930 legium
481 2885 522 2919 ab
546 2884 679 2921 Adrino
695 2887 720 2920 Ι.
745 2888 867 2922 Carolo
887 2890 1017 2934 Magno
1037 2891 1164 2925 eonces-

332 2935 404 2973 sum
418 2960 425 2968 .
456 2944 530 2983 155.
549 2935 824 2978 1.2,.1nvestitura
839 2939 884 2972 est
905 2938 1012 2983 Regia
1034 2940 1163 2975 consue-

333 2984 669 3021 tudoimmemorialis
682 3011 689 3018 .
721 2997 842 3035 1574.
857 2988 946 3022 Ante
966 2989 1161 3033 Gregorium

333 3033 411 3069 Vll.
435 3034 606 3070 damnata.
628 3034 705 3070 ibid.
728 3035 849 3071 Invasit
875 3037 1048 3081 imperium
1070 3039 1165 3074 Occi-

333 3082 660 3124 dentis&0rientis.
694 3084 812 3132 158.1.
834 3087 944 3122 Potest
971 3099 1026 3132 per
1043 3088 1166 3132 dispen-

334 3132 493 3177 sationem
512 3133 546 3168 in
571 3134 709 3180 Pagano
731 3136 876 3170 tolerari.
905 3138 981 3183 158.
1000 3147 1033 3172 2.
1062 3133 1163 3175 Num-

332 3192 433 3226 quam
452 3183 515 3218 fuit
535 3185 569 3218 in
588 3185 768 3228 Hispania,
798 3197 856 3220 nec
877 3187 910 3220 in
931 3187 1025 3221 ltalia
1046 3212 1058 3228 ‚
1093 3199 1166 3231 prae-

336 3232 448 3268 sertim
459 3233 493 3271 in
507 3234 685 3276 provinciis
694 3235 850 3270 Pontifici
865 3235 1026 3279 subjectis.
1058 3246 1131 3285 159.
1147 3250 1159 3274 1

338 3281 414 3322 Rex
436 3281 606 3318 investiens
629 3284 780 3319 utebatur
800 3296 885 3320 certa
912 3284 1082 3321 verborum
1102 3289 1165 3324 for-

340 3331 429 3373 mula
450 3356 461 3372 ‚
497 3331 573 3366 ibid·
596 3334 787 3371 investitura
811 3336 878 3371 fine
894 3335 1042 3372 simonia
1067 3337 1164 3376 vendi

389 3379 580 3426 cbrssLupi
592 3385 820 3427 Oper.Tom.1V.
1176 3362 1187 3435 l
1208 3423 1210 3426 ,

1906 91 2005 140 457

1247 166 1315 189 non
1329 154 1433 198 potest
1446 179 1454 187 .
1481 154 1559 190 ibid.
1581 155 1686 191 Laicae
1708 156 1898 193 investiturae
1918 164 2067 205 effectus,

1248 205 1293 239 est
1305 205 1355 248 jus
1365 205 1610 240 administrandi
1623 206 1769 241 Ecclesiae
1789 209 1954 243 facultates
1966 237 1973 243 .
1997 224 2071 261 159.

1249 267 1280 291 2.
1293 256 1332 289 ln
1347 254 1453 289 Gallia
1466 256 1618 300 Episcopi
1639 258 1813 292 consecrati
1838 258 1965 293 tanturn
1986 262 2076 296 inve-

1248 305 1332 338 stiti.
1364 305 1838 341 160.1.Abbatesver‹¹>e1effl.
1870 309 1946 344 160.
1957 319 1990 343 2.
2001 310 2076 344 Ho-

1248 355 1301 388 die
1312 355 1348 388 fit
1361 355 1430 397 post
1441 366 1604 399 acceptam
1631 356 1672 390 ab
1697 356 1918 391 Ecclefiastico
1941 358 2078 393 Praelato

1249 405 1531 439 confirmationem
1542 430 1549 438 .
1580 406 1655 442 161.
1684 418 1710 442 1.
1736 407 1813 440 Fuit
1838 407 1948 450 paffim
1969 409 2078 453 Regia

1249 454 1428 497 Majestatis
1438 456 1524 490 astus
1536 480 1543 487 .
1572 454 1648 489 ibid.
1662 455 1718 491 Ad
1729 457 1838 491 Duces
1850 467 1958 492 tamen
1969 458 2003 492 ἀ
2012 459 2080 493 Co-

1251 505 1345 537 mites
1357 505 1456 538 etiam
1468 506 1641 548 pertinuit.
1675 509 1750 542 162..
1769 505 1997 542 2.Investitura
2019 518 2080 543 noc

1250 554 1385 587 Haerefis
1396 554 1440 588 est
1451 566 1511 591 nec
1522 554 1669 589 simonia
1681 579 1688 586 .
1709 556 1785 589 ibid.
1797 555 1831 589 &
1843 557 1926 600 seqq.
1943 557 2021 600 Ejus
2030 558 2081 592 in-

1250 603 1425 642 commoda
1440 629 1446 636 .
1460 608 1497 641 16
1499 616 1529 650 ς.
1541 616 1562 637 1.
1576 605 1671 639 Hanc
1684 630 1694 645 ‚
1721 605 1769 639 uti
1779 606 1812 640 ὅ(
1823 605 1965 651 Regiam
1977 607 2082 642 nomi-

1251 653 1430 694 nationem,
1442 654 1522 688 redie*
1535 655 1712 698 proscripsit
1726 655 1903 700 Gregorius
1916 656 1989 691 V11.
2001 656 2081 691 ibid.

1204 703 1302 736 Inviti
1310 703 1442 737 coelibes
1451 703 1492 737 ad
1507 703 1704 739 Clericatum
1715 705 1796 740 olim
1806 706 1986 750 frequenter
1998 706 2082 751 rapti

1255 752 1490 790 &consecrati.
1997 767 2030 801 4.
2057 767 2082 799 2

1206 803 1347 845 Ioannes
1363 801 1502 845 Erigena
1526 802 1640 840 Scotus
1663 803 1746 838 inter
1767 804 1904 839 Latinos
1925 803 2082 841 Euchari-

1254 851 1347 886 stiam
1360 851 1580 896 impugnavit.
1596 853 1702 896 Opera
1714 853 1779 896 ejus
1788 855 1994 888 recensentur.
2014 865 2084 901 241.

1259 910 1286 937 1.
1301 901 1425 936 Carolo
1439 901 1545 935 Calvo
1558 902 1724 937 familiaris
1735 904 1795 937 fuit
1811 929 1819 937 .
1849 904 1926 947 Ejus
1946 915 2043 947 opera
2065 904 2087 938 ἢ.

1255 950 1439 985 Catholicis
1449 952 1655 995 impugnata.
1671 964 1749 999 241.
1764 965 1793 989 2.
1810 953 1978 996 Errorejus
1988 963 2089 997 expo·

1256 1002 1344 1035 nitur
1356 1025 1363 1033 .
1389 999 1580 1044 Tamquam
1592 1001 1759 1043 haereticus
1770 1001 1809 1037 ad
1819 1003 1934 1039 Sedem
1946 1002 2090 1046 Aposto-

1257 1051 1355 1084 licam
1364 1048 1488 1085 delatus
1505 1076 1512 1083 .
1538 1061 1614 1096 242.
1629 1064 1657 1089 1.
1671 1053 1748 1087 Erat
1758 1064 1844 1087 error
1857 1052 1959 1098 vulgo
1971 1063 2070 1087 notus
2079 1077 2088 1085 .

1257 1111 1334 1144 241.
1346 1100 1527 1136 2.Librum
1546 1100 1665 1141 edidit,
1693 1114 1760 1145 quo
1779 1114 1837 1146 pro
1858 1102 1964 1136 haerefi
1984 1104 2092 1137 Sacra-

1258 1150 1414 1186 mentaria
1424 1149 1612 1185 concludit.
1639 1150 1719 1197 248.
1733 1164 1766 1192 2,
1779 1153 1847 1186 Hic
1871 1153 1928 1187 sub
1954 1152 2093 1186 nomine

1256 1200 1439 1234 Bertramni
1453 1201 1632 1240 emanavit.
1660 1211 1738 1248 249.
1770 1213 1797 1237 1.
1821 1202 2012 1236 Sanstorum
2034 1200 2094 1234 Pa-

1253 1260 1341 1283 trum
1361 1260 1506 1287 truncata
1528 1249 1666 1286 adduxit
1687 1251 1891 1288 testimonia.
1921 1250 2002 1285 ibid.
2028 1249 2097 1284 Ve-

1258 1297 1330 1336 rum
1342 1298 1360 1332 ὲ
1370 1300 1483 1334 multis
1497 1299 1669 1335 damnatus
1681 1325 1692 1340 ‚
1715 1301 1748 1335 δε
1760 1301 1777 1334 a
1789 1301 1912 1335 Carolo
1923 1300 2030 1336 Calvo
2040 1298 2096 1334 de<

1260 1350 1374 1383 sertus.
1392 1349 1431 1383 In
1455 1350 1578 1393 Anglia
1602 1352 1780 1385 nonnullos
1804 1350 1935 1395 reliquit
1958 1349 2097 1393 discipu-

1259 1398 1309 1435 los
1321 1424 1328 1431 .
1355 1407 1432 1444 250.
1449 1410 1476 1433 1.
1488 1399 1526 1433 In
1545 1399 1702 1434 Concilio
1726 1401 1886 1434 Romano
1903 1400 2099 1435 damnatus.

1259 1457 1302 1493 25
1310 1454 1339 1484 6.
1351 1458 1382 1483 2.
1395 1449 1479 1484 Item
1497 1450 1531 1483 in
1555 1449 1775 1485 Vercellenfi.
1803 1447 1883 1498 258.
1906 1463 1929 1485 1.
1953 1450 1986 1484 δε
2009 1448 2100 1483 Pari-

1261 1496 1369 1532 fienfi.
1967 1497 2047 1545 258.
2074 1500 2101 1536 2¹

1215 1547 1406 1588 Iovinianus
1416 1571 1423 1578 .
1455 1548 1544 1582 Vide
1557 1551 1712 1584 clericalis
1727 1557 1861 1593 antiqua
1874 1574 1886 1590 ‚
1912 1550 1974 1586 &c-

1214 1594 1484 1638 Irregularitarem
1499 1596 1744 1640 illegitimorutn
1759 1600 1900 1635 Ecclesia
1924 1598 1981 1632 diu
2006 1597 2103 1642 igno-

1263 1643 1364 1681 ravit.
1396 1644 1447 1688 36.-
1465 1655 1493 1676 2.
1508 1645 1580 1677 Nec
1594 1645 1751 1680 Urbanus
1773 1647 1813 1680 11.
1842 1660 1900 1681 nec
1923 1646 2102 1691 Gregorius

1263 1690 1338 1729 Vll:
1355 1692 1429 1728 sunt
1441 1692 1535 1735 primi
1559 1693 1803 1738 irregularitatis
1825 1697 1915 1731 illius
1937 1698 2099 1731 austores.

1266 1753 1318 1792 37.
1332 1751 1363 1778 2.
1377 1742 1567 1778 Bonifacius
1582 1743 1711 1788 Martyr
1722 1746 1863 1781 creditur
1885 1747 2007 1791 primus
2030 1745 2103 1781 An-

1264 1795 1338 1838 glos
1351 1793 1514 1828 bastardos
1525 1794 1566 1829 ab
1577 1795 1842 1831 ordinationibus
1865 1796 2077 1841 proscripfiss'e
2087 1808 2099 1830 ι

1265 1842 1366 1878 Primi
1380 1853 1489 1878 tamen
1503 1844 1651 1880 Canonis
1664 1856 1734 1880 non
1746 1847 1791 1881 est
1804 1848 1914 1880 audior
1927 1870 1934 1877 .
1950 1848 2003 1894 38.
2017 1858 2046 1882 1·
2060 1845 2106 1880 Ir-

1264 1894 1452 1938 regularitas
1465 1894 1749 1937 primitusindueta
1761 1895 1914 1930 bastardis
1926 1896 1962 1930 in
1983 1894 2106 1929 ordine

1267 1945 1306 1979 ad
1322 1943 1554 1988 Episcopatum
1568 1958 1574 1977 :
1603 1944 1690 1980 Dein
1704 1944 1745 1979 ad
1755 1957 1871 1979 omnes
1887 1944 2050 1988 Episcopo
2058 1945 2106 1978 in-

1265 1994 1395 2028 seriores
1407 1996 1537 2028 extensa
1551 2020 1557 2027 .
1571 1993 1645 2028 ibid.
1659 1996 1768 2041 Qam
1783 1995 1863 2028 varii
1874 2005 2018 2028 canones
2027 2005 2106 2030 con-

1267 2045 1419 2078 firmant.
1445 2041 1501 2090 38.
1517 2052 1549 2080 2.
1564 2045 1644 2078 Haec
1661 2045 1875 2088 irregularitas
1894 2045 1979 2079 inter
1999 2044 2106 2079 varias

1268 2092 1542 2128 contradictiones
1554 2093 1691 2128 invaluit
1704 2094 1780 2128 ibid.
1799 2095 1907 2129 Etiam
1920 2094 2052 2128 extensa
2062 2092 2106 2127 ad

1270 2144 1411 2178 minores
1423 2144 1563 2178 Ordines
1573 2145 1605 2178 ὅ(
1617 2143 1801 2178 Tonsuram
1819 2154 1891 2193 .39.
1905 2153 1932 2180 1.
1943 2143 1981 2178 In
1995 2143 2109 2187 Regu-

1271 2192 1392 2227 laribus
1404 2192 1557 2227 bastardis
1572 2196 1700 2236 possunt
1714 2205 1826 2228 eorum
1841 2194 1969 2227 Praelati
1981 2193 2107 2236 dispen-

1270 2242 1427 2278 sareibid.
1446 2244 1601 2277 Extenfio
1624 2244 1663 2278 ad
1688 2246 1792 2278 sacros
1813 2243 1942 2280 ordines
1960 2244 2041 2277 fasta
2063 2242 2105 2277 ab

1275 2292 1416 2328 Urbano
1436 2293 1475 2326 Π.
1487 2303 1543 2340 4ο.
1555 2303 1587 2326 2.
1603 2295 1760 2338 Opposrta
1773 2304 1961 2338 argumenta
1973 2293 2108 2327 solvun-

1269 2354 1321 2378 tur
1342 2368 1350 2376 .
1379 2342 1411 2378 A
1431 2354 1498 2386 quo
1522 2343 1602 2378 facta
1626 2344 1663 2378 fit
1684 2344 1724 2378 ad
1746 2344 1890 2378 Ordines
1910 2342 2052 2378 minores
2073 2342 2108 2377 δε

1272 2392 1460 2428 Tonsuram
1476 2417 1485 2432 ‚
1511 2394 1682 2437 ignoratur
1693 2419 1700 2426 .
1999 2403 2057 2436 40·
2083 2401 2109 2429 2

1221 2442 1317 2486 Judas
1327 2442 1430 2480 adfuit
1441 2442 1651 2477 cosecrationi
1664 2442 1773 2482 Panis,
1785 2455 1850 2478 non
1866 2443 1935 2478 viui
1952 2467 1959 2475 .
1971 2441 2109 2476 Buccel-

1270 2493 1334 2527 lam
1347 2493 1470 2536 accepit
1480 2517 1490 2532 ,
1504 2504 1571 2528 non
1583 2493 1726 2528 comedit
1740 2519 1747 2525 .
1761 2504 1837 2541 317.
1852 2506 1876 2527 r.
1888 2491 2055 2528 Christum
2066 2490 2108 2527 de

1269 2543 1422 2585 mysterio
1436 2544 1610 2583 accusavit,
1623 2555 1690 2577 nou
1702 2543 1743 2577 de
1755 2545 1809 2577 usu
1826 2543 1972 2577 fermenti
1987 2568 1993 2575 .
2009 2553 2072 2589 3¹7·
2086 2552 2110 2576 2

1221 2592 1342 2635 Iudicii
1354 2593 1457 2626 forma
1470 2593 1487 2625 a
1501 2593 1635 2637 Legatis
1646 2593 1767 2627 Leonis
1788 2593 1847 2633 lX.
1869 2592 2019 2626 adversus
2041 2589 2111 2624 Mi-

1268 2641 1415 2676 chaelem
1426 2642 1655 2681 cerularium,
1681 2643 1715 2675 in
1739 2641 2084 2675 excommunicatione
2096 2665 2109 2682 ,

1269 2691 1387 2724 servata
1401 2715 1406 2721 .
1419 2689 1499 2736 446.
1515 2690 1592 2726 1.1n
1607 2691 1770 2726 absentem
1784 2691 1859 2725 ferri
1874 2689 1984 2733 nequit
1997 2689 2110 2723 crimi-

1273 2740 1354 2773 nalis
1366 2740 1525 2775 sententia
1541 2764 1548 2772 .
1978 2737 2058 2786 446.
2085 2750 2109 2778 2,

1223 2791 1281 2825 Ivo
1320 2790 1530 2824 Carnutenfis
1551 2789 1770 2824 investituram
1791 2789 1944 2833 judicavit
1970 2789 2109 2823 toleran-

1272 2840 1363 2878 dam·
1398 2837 1471 2885 164.
1487 2850 1515 2875 1.
1531 2839 1608 2882 Ejus
1622 2840 1778 2874 scribendi
1791 2838 1919 2874 libertas
1933 2837 2108 2876 Ecclesiam

1274 2889 1413 2935 graviter
1435 2889 1573 2924 offendit
1589 2914 1597 2921 .
1623 2890 1701 2925 ibid.
1725 2891 1758 2924 A
1780 2889 1943 2931 Pontifice
1968 2890 2110 2932 increpa-

1274 2950 1325 2974 tus
1337 2963 1349 2980 ‚
1374 2938 1482 2978 sanius
1495 2938 1641 2979 locutus.

1309 3038 1402 3074 Aicis
1416 3039 1571 3073 nonlicet
1594 3038 1635 3073 de
1658 3039 1887 3074 Ecclefiasticis
1903 3037 2109 3074 facultatibus

1331 3087 1524 3132 disponere,
1556 3089 1630 3134 167.
1647 3087 1760 3124 1.Nec
1781 3090 1858 3124 licet
1880 3089 2035 3124 Ecclefias
2058 3099 2108 3130 pa-

1276 3138 1434 3174 rochiales
1445 3137 1588 3173 detinere
1601 3162 1607 3169 .
1958 3140 2031 3184 169-
2047 3148 2071 3171 1·
2084 3147 2108 3173 Ζ

1226 3188 1360 3232 Legatis
1373 3188 1572 3232 Apostolicis
1584 3187 1707 3232 ubique
1718 3188 1768 3232 jus
1780 3189 1823 3224 est
1835 3188 1992 3227 facioudae
2002 3188 2108 3226 syno-

1275 3236 1330 3277 di,
1352 3238 1450 3272 etiam
1464 3239 1495 3272 in
1511 3238 1621 3273 Gallia
1635 3263 1643 3270 .
1975 3242 2052 3270 202.
2085 3245 2102 3269 1

1227 3288 1296 3322 Leo
1309 3287 1791 3333 IX.C0mitisHabspurgenlis
1814 3288 1915 3322 filius-
1941 3283 2047 3319 Natus
2069 3282 2104 3315 3¹¹

1275 3336 1489 3382 Lotharingia
1513 3349 1603 3374 anno
1628 3348 1725 3379 1002„-
1761 3337 1949 3382 Appellatus
1970 3333 2083 3372 Bruno
2095 3354 2103 3367 .

1547 3386 1588 3421 Μ
1614 3397 1647 3420 m
1673 3398 1707 3422 m
1951 3380 2057 3427 Anno

1976 2937 2050 2985 164.
2075 2948 2107 2972 2.
