2352 3736
115 871 145 899 Ι..
165 875 192 897 2.
224 876 252 898 c.

118 916 160 952 13.

107 1248 193 1289 Epist.
214 1259 245 1295 ρ.

105 1367 155 1403 Fp.
184 1375 230 1401 79.

111 1414 176 1444 cap.
197 1416 223 1448 54.

366 156 461 208 194

290 225 538 266 communione
549 247 560 264 ,
570 221 808 267 tradendosque
819 222 945 257 solenni
959 221 1175 264 poenitentiae:

294 278 400 325 Qod
417 285 549 317 nempe,
559 274 591 308 δε
604 273 699 315 illum
710 276 766 319 qui
777 272 937 311 dimiserit
949 272 1127 319 conjugem
1146 275 1179 309 ὃς

296 328 396 362 aliam
406 324 557 366 duxerit,
570 323 715 366 itemque
723 322 817 362 illum
827 343 839 360 ,
859 322 915 365 qui
925 321 1057 358 duxerit
1067 324 1180 365 <dimis-

294 365 384 418 βέῃ,
410 367 577 417 Dominus
613 372 745 410 edixerit
768 371 923 410 moechari
938 398 949 412 ,.
977 373 1084 422 Qod
1103 375 1178 425 ¹ejus

294 426 485 470 rescriptum
497 422 640 469 praedicat
654 423 687 454 in
702 420 793 455 libris
802 422 843 455 de
866 422 974 458 laicali
1000 422 1189 467 institutio?

293 487 338 511 ne
349 477 448 520 Jonas
461 471 700 509 Aurelianensis
713 472 899 520 Episcopus
910 498 920 513 ‚
948 474 980 507 &
1003 472 1154 521 adjungit
1162 490 1175 514 ,-

289 529 351 566 Hac
362 535 480 564 tantum
491 522 581 563 nefas
592 531 694 556 contra
700 530 885 564 pzaeceptum
911 526 1032 565 Domini
1054 527 1091 559 ,Θ
1114 527 1175 566 Sal-

291 582 410 614 vatoris
415 578 448 618 J
450 571 497 616 esu
507 570 621 612 Christi,
631 573 671 611 de
682 573 869 607 dimittendis
879 573 1021 608 uxoribus
1029 600 1040 616 ‚
1057 576 1092 609 (5
1103 578 1174 610 altis

288 625 434 664 ¹ducendis
449 646 460 664 ,
486 623 553 663 ider)
562 623 707 666 inolevff’
728 623 850 663 dubium
875 635 934 658 non
949 624 1010 666 est,
1036 632 1175 668 quoniam

289 673 417 716 nefandi
439 679 522 713 tami
539 670 675 710 criminis
700 681 865 715 operatores
885 674 1068 718 sbvenffima
1078 680 1188 718 Cano-v

288 728 355 757 nica
363 722 505 771 censura,
527 731 563 760 ut
575 731 686 765 oportet
700 748 711 764 ,
737 736 794 758 non
800 726 1001 767 percelluntur
1017 751 1026 766 ¹.
1048 727 1174 762 Solem-

288 784 348 807 nes
361 774 505 812 Romani
518 773 647 817 Imperii
663 774 750 818 leges
765 800 775 816 ,
798 776 834 814 v&
855 776 897 810 ab
918 777 993 821 ipsis
1011 778 1174 820 permiffas

286 824 419 868 nuptias
440 823 596 865 damnare
622 825 898 861 variimetuebant
918 827 1021 870 tepidi
1042 828 1174 870 Episco-

287 873 337 918 pi,
366 873 506 919 ideoque
525 873 702 918 largissime
723 875 878 920 grassatus
897 877 942 910 est
966 877 1174 921 nequissimus

282 923 427 966 abusus,
452 923 723 965 imo&veritatis
741 925 854 966 fucum
874 926 984 961 induit
1003 927 1092 971 apud
1114 928 1173 962 im-

286 975 426 1018 peritos.
454 971 575 1008 Etisto.
598 974 638 1008 ab
657 986 765 1009 errore
787 985 886 1022 atque
909 987 1000 1012 metu
1019 978 1172 1019 Romana

284 1025 428 1066 Ecclesia
440 1023 504 1060 fuit
513 1024 638 1068 semper
650 1024 807 1065 immunis
820 1027 832 1058 .’
855 1027 951 1063 Hinc
975 1028 1074 1063 etiam
1095 1029 1173 1062 alte-

284 1073 351 1108 rius
364 1073 514 1118 conjugis
539 1074 732 1118 captivitate
745 1076 942 1122 conjugium
960 1089 1030 1113 non
1043 1078 1173 1119 dirimi,

282 1133 399 1158 contra
424 1125 594 1168 Romanas
617 1125 707 1170 leges
726 1126 767 1160 ad
792 1127 898 1162 virum
919 1128 1080 1169 illustrem
1096 1127 1175 1162 Pro-

285 1173 363 1208 bum
400 1173 550 1217 laudatus
586 1175 800 1219 Innocentius
841 1178 999 1224 rescripsit
1021 1203 1027 1210 .
1069 1177 1171 1224 Quod

283 1224 432 1268 ipsumin
445 1225 563 1261 litteris
576 1225 616 1260 ad
630 1226 788 1260 Nicetam
806 1226 966 1270 Aquilejae
988 1226 1172 1271 Archiepis-

280 1286 402 1317 ,copum
413 1276 622 1309 confirmavit
633 1275 705 1309 Leo
718 1276 866 1321 Magnus
877 1302 884 1309 .
913 1279 956 1312 Et
970 1277 1012 1312 de
1023 1277 1092 1321 istis
1104 1289 1173 1312 om-

282 1323 401 1364 nibus,
430 1325 604 1367 praesertim
613 1325 788 1368 Iustiniani
801 1325 929 1371 legibus
942 1352 953 1370 ‚
979 1327 1168 1369 vaTbeoffi·

280 1373 327 1408 sta
340 1374 484 1409 Patricia
509 1384 645 1420 rogatus
666 1374 815 1420 Magnus
837 1371 1017 1423 Gregorius
1042 1380 1172 1425 respon-

280 1422 330 1458 dit
343 1437 349 1456 :
378 1426 410 1457 51·
420 1425 524 1467 dicunt
534 1427 697 1469 Religionis
716 1425 807 1469 causa
817 1430 953 1471 fonjugia
963 1428 1068 1468 debere
1079 1430 1172 1472 diffel-

280 1480 339 1514 vi,
360 1472 562 1517 sciendumest
574 1498 586 1514 ,
598 1476 681 1517 ‘quia
694 1475 748 1515 ,στῆ
763 1475 818 1509 hoc
837 1478 887 1510 Iex
909 1476 1044 1511 bumana
1065 1477 1182 1522 conces?

110 1521 143 1550 L·
166 1531 193 1557 9-
213 1521 262 1567 ,ΕΡ-
274 1523 316 1566 fit
326 1549 337 1565 ‚
362 1525 413 1558 lex
422 1527 542 1558 Divina
552 1533 654 1559 tamen
659 1524 829 1566 probibuit.
855 1528 916 1560 Per
920 1526 955 1570 J}
966 1534 1044 1565 enim
1055 1534 1171 1568 veritas

111 1569 163 1606 ,39-

271 1570 375 1608 *dicitz
390 1576 474 1618 ,Quos
490 1577 569 1607 Deus
581 1576 752 1616 conjunxit,
766 1574 849 1614 bomo
860 1575 1043 1620 nonfiparet
1057 1603 1063 1610 .
1080 1578 1123 1612 Et
1135 1578 1170 1612 in

278 1623 403 1658 {itteris
415 1623 455 1658 ad
466 1622 657 1666 Adrianum
673 1623 852 1666 Notarium
872 1623 1150 1666 Panormitanum
1164 1641 1170 1667 ;

280 1673 355 1716 Etfi
383 1676 541 1708 mundana
566 1675 614 1715 lex
632 1680 773 1716 precipit
786 1699 797 1715 ,
833 1676 1022 1717 conuersionls
1046 1683 1150 1721 gratia
1159 1701 1171 1719 ‚

278 1724 420 1758 utrolibet
433 1729 532 1757 invito
536 1724 614 1766 pqffit
617 1722 697 1766 solvi
706 1727 875 1768 conjugium
886 1749 897 1766 ,
924 1726 1039 1762 divina
1049 1727 1100 1761 hoc
1123 1735 1173 1760 ta-

277 1785 351 1812 men
364 1773 415 1808 lex
423 1772 491 1815 fieri
514 1784 573 1806 non
582 1780 584 1783 '
593 1779 761 1816 permittit.
788 1778 1019 1818 Namexcepta
1034 1777 1172 1819 fornicae

278 1828 370 1862 tionis
381 1823 466 1867 causa
479 1829 530 1857 vir
540 1835 660 1857 uxorem
671 1826 823 1859 dimittere
844 1827 926 1859 nulla
946 1832 1059 1861 ratione
1078 1838 1171 1867 conce·

280 1874 367 1913 ditur
380 1898 386 1905 .
402 1872 514 1914 Etiam
524 1873 705 1918 Stephanus
716 1875 874 1911 secundus
885 1875 904 1912 ὲ
914 1875 952 1909 Pi
956 1878 1059 1922 ppino
1072 1878 1173 1912 Fran-

275 1933 402 1961 corum
414 1923 509 1967 Rege
520 1935 560 1963 ac
569 1920 638 1966 ejus
652 1924 821 1972 Episcopis
835 1925 876 1960 de
887 1927 1033 1973 repudiis
1052 1939 1091 1961 ac
1114 1938 1172 1960 no-

278 1976 333 2008 stis
345 1973 468 2016 nuptiis
478 1980 609 2017 rogatus
619 1974 783 2017 respondit
796 1985 851 2018 per
876 1975 1043 2011 laudatum
1066 1977 1174 2011 rescrie

272 2034 379 2068 >ptum
393 2022 579 2057 innocentii
593 2024 687 2067 primi
701 2024 742 2058 ad
772 2025 927 2059 Sandium
948 2025 1171 2070 Exuperium,

284 2073 390 2121 Qod
402 2073 510 2117 ipsum
531 2072 566 2106 in
587 2074 674 2115 suis,
702 2085 757 2118 per
778 2074 1026 2111 illustriffimum
1045 2077 1171 2111 Lucam

283 2123 504 2158 Holstenium
514 2134 620 2167 nuper
630 2123 804 2167 publicatis
813 2149 824 2166 ,
852 2125 1017 2165 Romanis
1027 2126 1172 2169 Synodis

284 2175 456 2208 firmarunt
481 2174 584 2214 etiam
618 2173 791 2219 Eugenius
816 2174 975 2214 secundus
998 2199 1009 2216 ‚
1034 2187 1074 2210 ac
1100 2177 1172 2211 Leo

282 2235 441 2269 quartus,
467 2223 625 2258 addentes
638 2225 770 2268 nuptias
783 2236 843 2260 nec
865 2236 922 2270 per
943 2225 1171 2266 Monasticam

106 2291 184 2327 ·C³p‚-
222 2291 267 2324 36·
280 2274 518 2319 -profeffionem
539 2275 627 2309 solvi.
644 2300 651 2307 .
678 2273 868 2318 Neophytis
890 2275 1045 2321 Rulgaris
1057 2300 1069 2316 ‚
1094 2275 1172 2314 fide.-

110 2407 163 2445 Ep.
194 2417 242 2442 71.

71 2486 74 2487 ⁷
114 2458 211 2484 091·

115 2562 201 2613 §pistf
223 2566 250 2598 ὗ,-

286 2326 367 2360 lium
381 2324 571 2367 Graecorum
595 2325 684 2359 varia
703 2325 836 2369 repudia
859 2326 896 2359 δε
918 2337 1023 2361 novas
1040 2327 1173 2370 nuptias

289 2375 403 2410 videre
412 2373 577 2415 consuetis
587 2399 600 2417 ‚
626 2375 768 2419 ideoque
780 2375 916 2419 desuper
925 2373 1147 2416 haesitantibus
1163 2401 1174 2422 2

286 2425 373 2460 istud
386 2426 491 2469 ipsum
501 2423 664 2468 respondit
686 2424 848 2466 Nicolaus
867 2426 1010 2469 primus,
1037 2427 1083 2466 Et
1104 2425 1172 2466 Ro-

280 2475 405 2519 ·stagno
418 2474 598 2513 Arelatensi
622 2473 885 2519 Archiepiscopo
899 2501 909 2516 ,
933 2476 1076 2510 eundem
1098 2475 1174 2510 abu·

287 2527 360 2566 sum
372 2525 406 2558 in
418 2524 526 2560 Gallia
536 2521 644 2558 adhuc
658 2525 812 2567 superesse
823 2525 1062 2568 conquerenti,
1085 2525 1172 2563 idem

286 2575 433 2620 seposuit
456 2574 599 2617 Joannes
615 2574 745 2607 oetavus
766 2574 800 2608 δε
821 2575 931 2607 omnis
957 2574 1095 2613 secunda
1116 2575 1173 2617 Sy-

291 2625 400 2660 nodus
421 2623 604 2663 Tricaffina
628 2648 634 2655 .
665 2623 820 2658 Eundem
839 2622 976 2658 abusum
991 2623 1173 2668 graviffime

291 2675 425 2714 damnat
447 2673 535 2712 idem
555 2672 715 2712 Pontifex
735 2674 772 2707 in
791 2673 908 2714 litteris
932 2673 974 2708 ad
995 2672 1174 2707 Airardum

293 2723 588 2768 Archiepiscopum
612 2722 812 2761 Auscensem
833 2748 840 2761 ‚
867 2722 987 2769 Longe
1009 2723 1102 2767 plura
1122 2723 1176 2758 ad-

292 2776 370 2811 duci
389 2773 507 2819 poffint
519 2773 679 2817 ejusmodi
691 2772 818 2809 decreta
831 2782 929 2816 atque
938 2772 1085 2817 rescripta
1107 2772 1175 2806 Ro-

293 2836 399 2862 manae
410 2824 560 2863 Ecclefiae
574 2849 581 2856 .
608 2824 722 2869 Qare
731 2824 858 2858 adversa
869 2822 1052 2857 Deusdedit
1061 2846 1072 2868 3
1098 2823 1174 2859 Gre-

298 2877 383 2920 gorii
401 2874 532 2913 secundi
546 2900 556 2916 ,
583 2874 616 2907 &
630 2871 793 2913 Zachariae
807 2873 1011 2912 Pontificum
1026 2872 1176 2915 rescripta

298 2919 550 2970 indulgentiam*
570 2924 744 2962 continent
764 2949 775 2965 ,
810 2935 879 2959 non
916 2923 1022 2967 legem
1042 2947 1048 2954 .
1075 2921 1178 2956 Duris

300 2984 527 3018 corruptorum
553 2974 680 3009 dierum
711 2972 864 3009 cordibus
897 2972 992 3012 istam
1020 2972 1179 3015 dispensa-

300 3024 419 3058 toriam
442 3035 579 3067 paternae
602 3024 821 3062 miserationis
844 3021 1091 3058 conniventiam
1111 3033 1179 3056 ma-

302 3072 431 3110 luerunt
452 3074 663 3117 impendere,
690 3074 788 3118 quarn
809 3073 903 3118 lapsae
921 3072 1102 3123 disciplina:
1112 3071 1177 3111 vul-

303 3133 380 3161 nera
392 3123 494 3165 magis
505 3125 689 3162 exulcerare
700 3150 709 3161 ,.

356 3170 511 3204 Romanae
523 3172 667 3208 Eccleliae
689 3174 886 3212 sententiam
907 3171 1075 3212 fortiffime
1098 3181 1181 3211 tuta-

305 3220 414 3259 tusest
425 3232 500 3253 cum
511 3221 756 3266 Carthaginensi
768 3225 907 3269 Synodo
919 3226 954 3259 ὃ(
973 3224 1066 3259 omni
1091 3222 1181 3262 Afri·

310 3282 391 3305 cana
402 3270 541 3307 Dioecefi
553 3271 685 3308 Sanetus
697 3273 902 3319 Augustinus
913 3300 920 3307 .
936 3275 1072 3311 Evincit
1084 3273 1118 3308 id
1130 3273 1181 3308 vel

307 3320 398 3355 solus
415 3318 528 3355 titulus
544 3318 700 3356 librorum
723 3323 763 3356 de
786 3324 978 3364 adulterinis
997 3323 1182 3369 conjugiis,

308 3369 414 3417 Quod
425 3369 693 3413 verdopposltam
705 3372 896 3406 sententiam
908 3374 1001 3417 plene
1013 3388 1081 3410 non
1092 3373 1191 3409 daur·

309 3421 415 3463 narit,
442 3420 521 3455 fecit
533 3418 600 3463 ejus
622 3420 747 3454 summa
771 3422 806 3459 dc
827 3424 983 3458 consueta
1003 3424 1183 3468 modestia,

694 138 1738 196 SANcTI.L50N18*NON1

1240 237 1304 270 qua
1314 226 1464 260 Sanctum
1475 225 1679 270 Cyprianum
1691 231 1834 267 imitatus
1844 244 2014 277 nunquam
2042 245 2116 278 prae·

1239 276 1370 319 sumpsit
1397 278 1429 310 se
1460 277 1599 313 statuere
1625 278 1860 326 Episcoporum
1891 283 2117 329 Episcopum,

1238 327 1291 366 seu
1302 326 1445 370 judicem
1455 327 1586 366 suorum
1608 327 1836 374 Collegarum.
1868 332 1965 367 Circa
1988 335 2117 378 opinio-

1238 388 1295 419 nes
1316 401 1328 417 ‚
1365 388 1446 421 quas
1469 377 1521 411 vel
1543 378 1617 423 quis
1636 378 1728 413 fucus
1747 380 1892 418 suaderet
1912 382 2116 432 tolerabiles,

1237 427 1551 472 permisitquemque
1564 428 1599 463 in
1632 431 1690 463 suo
1710 430 1801 464 sensu
1821 429 2003 468 abundare.
2030 434 2117 469 Ean-

1235 476 1313 518 dem
1327 478 1519 518 sententiam
1530 479 1787 517 constantissime
1794 489 1918 517 tutatus
1928 481 1974 516 est
1985 485 2116 522 Sanstus

1237 526 1378 570 Joannes
1408 526 1661 572 Chrysostomus
1683 554 1694 570 ,
1743 530 1902 576 intrepide
1937 533 2115 571 asseverans

1235 573 1421 620 ‘permissum
1445 578 1463 612 a
1495 579 1648 617 Domino
1681 592 1723 614 ex
1756 581 1992 616 fornicationis
2021 586 2116 622 eausa

1232 627 1412 663 divortium
1423 629 1486 662 effe
1496 629 1605 673 quoad
1614 630 1716 664 solam
1730 629 2032 674 cohabitationem,
2046 639 2116 669 non

1235 679 1344 721 quoad
1360 678 1531 714 vinculum
1542 703 1553 720 ,
1578 682 1711 717 cunstas
1724 680 1870 716 Romani
1882 682 2016 726 Imperii
2028 681 2116 727 leges

1237 728 1420 773 Evangelio
1432 729 1607 769 adversari.
1635 729 1739 765 Addit
1750 732 1906 766 adversari
1918 733 1953 766 ἀ
1976 732 2042 777 legi
2060 743 2116 770 ,na-

1235 779 1331 812 turali
1344 801 1354 817 ‚
1367 779 1508 824 ideoque
1523 780 1639 829 Judaeis
1653 782 1837 824 permissum
1847 782 1866 816 a
1877 781 1998 826 Moyse
2009 782 2118 817 divor-

1235 828 1318 862 tium
1330 828 1423 863 fuisse
1435 841 1560 864 merum
1582 830 1747 865 indultum
1769 831 1955 876 temporalis
1975 832 2117 876 impuni-

1236 880 1329 912 tatis.
1355 878 1431 914 Sola
1445 890 1551 918 morte
1573 880 1653 914 solvi
1678 882 1848 917 vinculum
1870 882 1955 916 istud
1977 882 2116 917 firmiffi-

1237 937 1307 968 mus
1319 930 1475 963 affirmat.
1502 930 1541 970 In
1555 931 1747 975 sexagesima
1772 933 1869 969 tertia
1893 933 1986 976 super
2007 932 2116 967 SanCii

1237 977 1389 1015 Matthaei
1404 976 1787 1024 Evangelium'I-Iomilia
1798 993 1840 1017 ex
1863 982 1995 1021 Divinae
2011 981 2116 1024 Maje-

1238 1026 1324 1062 statis
1339 1028 1462 1068 verbis,
1492 1033 1595 1062 Erunt
1606 1031 1706 1066 duom
1723 1044 1810 1066 carne
1818 1044 1881 1067 una
1893 1058 1905 1074 ‚
1930 1034 2010 1075 quod
2031 1035 2116 1067 Deus

1237 1079 1397 1118 conjunxit
1419 1101 1431 1118 ‚
1456 1077 1539 1115 bomo
1567 1089 1623 1110 non
1645 1078 1763 1121 separet
1780 1105 1791 1121 ,
1823 1081 1923 1118 docet
1947 1082 2116 1117 matrimo-

1239 1128 1331 1160 nium
1343 1128 1442 1170 &per
1454 1138 1603 1163 naturam
1623 1129 1657 1162 δε
1679 1140 1734 1173 per
1750 1129 1899 1168 divinam
1921 1131 2030 1179 legem
2051 1132 2116 1167 effe

1237 1176 1446 1219 inseparabile
1456 1201 1467 1217 ‚
1493 1189 1555 1213 nec
1568 1177 1634 1211 ulla
1645 1189 1686 1213 ex
1697 1181 1792 1214 causa
1804 1180 1894 1223 poffe
1918 1179 2000 1217 solvi
2014 1204 2022 1212 .
2048 1181 2118 1218 Da-

1235 1237 1300 1260 tam
1314 1226 1430 1270 Judaeis
1441 1227 1586 1265 solvendi
1598 1226 1766 1264 licentiam
1779 1230 1871 1264 addit
1882 1229 1976 1270 fuifl'e
1986 1229 2115 1274 dispen-

1236 1277 1389 1311 satoriam
1401 1301 1412 1318 ‚
1438 1278 1471 1311 ὅ(
1486 1279 1503 1312 ὲ
1518 1289 1604 1326 nova
1622 1277 1747 1315 Christi
1762 1280 1904 1314 Domini
1921 1280 1996 1325 lege
2015 1280 2118 1315 etiam

1236 1328 1267 1360 in
1282 1327 1431 1362 adulterii
1446 1329 1521 1362 casu
1533 1327 1712 1362 sublatam·.
1740 1329 1779 1363 ln
1800 1329 2057 1364 Commentariis
2074 1329 2119 1364 ad

1237 1378 1377 1420 primum
1391 1378 1496 1412 Sancti
1509 1378 1610 1417 Esaiae
1619 1389 1716 1423 caput
1727 1380 1867 1414 affirmat
1878 1380 2052 1424 repudium
2071 1380 2119 1414 es-

1239 1429 1268 1460 se
1295 1426 1484 1466 uxoricidio
1509 1431 1620 1466 minus
1635 1454 1646 1471 ‚
1660 1426 1706 1464 ’δε
1726 1440 1883 1473 tanquam
1909 1430 1977 1464 tale
1999 1428 2118 1472 Judaeis

1235 1477 1407 1512 dumtaxat
1443 1477 1646 1521 permissum.
1675 1481 1839 1524 Supponit
1861 1479 2030 1518 vinculum
2051 1491 2119 1524 per-

1235 1528 1384 1565 manfiffe
1395 1526 1452 1568 .Jn
1464 1528 1550 1567 libro
1561 1529 1602 1562 de
1609 1530 1801 1574 virginitate
1809 1530 1914 1574 palam
1922 1530 2021 1566 docet
2029 1529 2119 1564 adul-

1235 1587 1310 1611 terae
1320 1575 1456 1621 repudio
1467 1577 1568 1623 longe
1580 1580 1692 1618 minius
1705 1580 1787 1614 solvi
1799 1581 1885 1624 apud
1897 1579 2118 1627 Christianam,

1235 1626 1374 1670 ideoque
1383 1627 1606 1671 repudiantem
1628 1640 1779 1672 oportere
1795 1640 1854 1665 aut
1874 1630 1959 1668 caste
1989 1630 2116 1672 vivere,

1235 1682 1290 1710 aut
1303 1677 1507 1711 reconciliari
1524 1701 1534 1716 ,
1559 1677 1593 1711 &
1604 1678 1756 1724 adjungit
1769 1694 1780 1713 :
1804 1680 1902 1713 Habes
1925 1681 2052 1715 alterum
2069 1680 2118 1724 ef-

1235 1775 1340 1818 ipsum
1354 1775 1500 1819 pluribus
1513 1776 1611 1813 docet
1623 1777 1658 1810 in
1670 1778 1824 1813 Homilia
1834 1779 1875 1813 de
1894 1778 2009 1817 libello
2026 1791 2118 1823 repu-

1233 1824 1281 1858 dii
1297 1849 1305 1857 .
1333 1825 1453 1859 Afferit
1466 1826 1637 1865 mulierem
1648 1828 1787 1862 essenon
1802 1828 1861 1865 viri
1883 1838 2034 1869 tantum,
2060 1828 2118 1867 ,sed

1233 1876 1267 1909 &
1281 1874 1364 1920 legis
1376 1877 1496 1910 servam
1513 1900 1523 1916 ,
1548 1875 1615 1910 sola
1629 1878 1688 1910 viri
1702 1887 1807 1912 morte
1829 1878 2029 1923 emancipari
2041 1901 2052 1918 ,
2077 1890 2116 1916 ac

1235 1926 1456 1967 prosequitur:
1485 1928 1567 1969 ,ραι
1577 1935 1677 1960 autem
1684 1925 1776 1969 sir-va
1787 1928 1825 1967 est
1837 1940 1871 1961 ac
1886 1927 2013 1973 subdita
2033 1930 2093 1971 legi
2103 1953 2116 1969 ,

1235 1973 1352 2016 etiamst
1363 1976 1470 2008 millies
1491 1977 1607 2017 repudii
1629 1976 1757 2010 libellum
1776 1982 1902 2019 acciptur
1923 2001 1934 2017 ‚
1974 1977 2119 2012 adulterit

1231 2024 1375 2068 ligabitur
1409 2025 1471 2069 Iege
1492 2049 1499 2057 .
1538 2029 1625 2063 Nam
1644 2023 1746 2068 servis
1771 2028 1890 2070 quidem
1909 2027 1977 2063 licet
1998 2036 2117 2064 mutare

1237 2077 1379 2106 Dominos
1390 2080 1529 2112 viventes
1539 2099 1550 2113 ‚
1576 2081 1664 2113 uxori
1673 2085 1776 2109 autem
1800 2082 1941 2114 viventes
1957 2085 2118 2110 commuta·

1235 2134 1268 2157 re
1277 2129 1359 2157 viros
1370 2134 1429 2159 non
1439 2125 1506 2157 licet
1517 2150 1523 2156 .
1539 2126 1676 2167 Alioquin
1685 2127 1868 2162 adulterium
1873 2126 2094 2169 perpetrabunt
2106 2152 2116 2163 ,

1235 2177 1289 2206 Ne
1298 2172 1371 2206 mibi
1380 2173 1458 2216 leges
1464 2174 1504 2207 ab
1514 2179 1628 2210 extens
1648 2170 1786 2212 conditas
1804 2176 1889 2220 legas
1905 2201 1916 2216 ,
1937 2181 2116 2218 praecipten-

1234 2231 1279 2256 tes
1288 2223 1357 2255 dari
1367 2223 1496 2261 libellum
1507 2226 1625 2266 repudii
1636 2237 1672 2258 ac
1681 2226 1790 2260 divelli
1803 2251 1809 2258 .
1837 2231 1947 2268 Neque
1960 2228 2118 2267 enlmjttxe

1234 2283 1268 2306 ta
1279 2273 1348 2306 illas
1358 2274 1440 2308 Deus
1450 2281 1480 2307 te
1483 2275 1681 2314 judicaturus
1692 2274 1731 2315 est
1742 2300 1752 2317 ,
1776 2274 1831 2317 sed
1848 2274 2008 2319 siccandum
2019 2274 2094 2319 suas
2105 2298 2116 2312 .

1234 2324 1274 2356 Id
1281 2328 1372 2357 etiam
1378 2333 1509 2357 externae
1519 2324 1596 2367 leges
1606 2322 1837 2366 nonfimplt'citer
1848 2337 1898 2359 nec
1909 2324 2041 2369 absolute
2064 2324 2117 2362 boc

1229 2370 1411 2415 posuerunt:
1439 2377 1527 2411 Nam
1538 2375 1572 2407 Θ
1582 2372 1654 2416 ,φής
1659 2380 1793 2416 puniunt
1809 2375 1931 2417 fadum
1944 2399 1952 2408 .
1978 2377 2026 2411 Bt
2045 2373 2116 2415 blm·

1233 2424 1324 2465 liquet
1334 2424 1415 2465 quod
1420 2431 1572 2465 peccatum
1581 2425 1675 2459 valde
1686 2426 1766 2468 ‚aegni
1775 2426 1895 2459 tulerint
1903 2449 1911 2458 .
1926 2425 2011 2461 Unde
2020 2435 2088 2458 eam
2102 2447 2115 2463 ,

1234 2484 1301 2514 quae
1314 2473 1413 2506 auam·
1424 2473 1532 2519 fuerat
1544 2475 1662 2515 repudii
1677 2497 1688 2513 ‚
1706 2475 1820 2508 nudam
1831 2476 1865 2508 ὁ*
1880 2473 2043 2516 spoliatam
2057 2472 2113 2514 fa-

1233 2523 1392 2557 cultatibus
1415 2525 1558 2563 ejiciunt,
1585 2524 1620 2556 &⁹
1641 2533 1706 2555 eum
1725 2524 1746 2557 ἃ
1767 2534 1824 2565 quo
1844 2524 1922 2558 data
1935 2521 2044 2563 fuerat
2056 2520 2116 2565 dis-

1229 2570 1381 2614 solutionis
1403 2571 1502 2613 occasio
1530 2596 1541 2611 ,
1566 2577 1659 2605 etiam
1685 2571 1869 2612 facultatum
1896 2572 2023 2617 jatiura
2055 2580 2116 2614 pu-

1234 2627 1321 2655 niunt
1333 2646 1344 2662 ,
1362 2623 1396 2655 &-
1409 2618 1602 2663 ideifatvun'»
1611 2622 1689 2656 illud
1698 2631 1756 2653 non
1767 2623 1976 2657 commendant
1984 2646 1991 2657 ,
2015 2621 2116 2665 δαρτὰ

1235 2672 1389 2705 adductas
1411 2666 1644 2708 Rornanorum
1677 2669 1868 2713 Principum
1895 2672 1983 2716 leges
2008 2671 2117 2705 afferi:

1236 2720 1422 2764 Evangelio
1441 2719 1586 2754 adversas
1610 2742 1622 2759 ,
1656 2720 1690 2753 &
1712 2720 1853 2754 adinstar
1872 2721 2027 2757 Mosaicae
2048 2721 2116 2755 esse

1237 2770 1278 2807 ad
1290 2769 1446 2803 evitanda
1467 2769 1592 2817 majora
1613 2769 1815 2813 Reipublicae
1837 2771 1924 2805 mala
1945 2769 2034 2807 mere
2053 2770 2115 2808 dis-
2128 2794 2214 2825 ,som'
2237 2784 2272 2831 ὦ

1237 2819 1437 2864 pensatorias
1450 2830 1487 2853 ac
1499 2819 1695 2867 permiffivas
1709 2845 1716 2852 .
1743 2819 1933 2864 Largiffime
1942 2818 2007 2856 haec
2016 2819 2112 2855 dedu·
2131 2831 2211 2863 serm,
2235 2838 2286 2867 23,

1234 2869 1283 2907 cit
1318 2867 1441 2904 ibidem
1457 2893 1469 2909 ‚
1501 2880 1560 2903 nec
1582 2881 1650 2903 non
1675 2870 1711 2903 in
1732 2871 1879 2907 sermone
1900 2870 1942 2908 de
1955 2867 2114 2907 ducendae
2129 2874 2215 2907 serm,
2235 2878 2286 2909 66.

1236 2918 1349 2956 uxoris
1363 2918 1572 2962 qualitatibus
1584 2944 1595 2959 ,
1620 2920 1704 2954 acin
1718 2921 1865 2955 sermone
1874 2919 2023 2954 adversim
2043 2916 2114 2952 des-

1239 2965 1461 3013 perationem.
1488 2969 1592 3016 Qod
1611 2970 1718 3012 ipsum
1740 2970 1776 3004 in
1794 2971 1856 3004 suis
1872 2968 1914 3006 ad
1937 2968 2112 3011 septimum

1239 3019 1347 3063 primae
1358 3019 1398 3053 ad
1411 3018 1607 3053 Corinthios
1619 3019 1770 3063 Epistolae
1781 3028 1876 3063 caput
1900 3017 2112 3053 Commenta·

1238 3069 1292 3103 riis
1304 3069 1469 3114 insigniter
1479 3069 1560 3103 tadit
1571 3068 1807 3108 Theodoretus
1819 3093 1826 3104 ,.
1841 3068 1884 3101 Et
1897 3067 1969 3109 quis
1980 3069 2112 3111 ignoret

1239 3119 1493 3158 Theodoretum
1505 3117 1849 3158 OrientalisDioecefis
1859 3118 1955 3151 fuisse
1970 3127 2113 3154 mentem

1239 3170 1273 3204 δε
1285 3170 1455 3215 linguam,
1483 3168 1629 3213 adeoque
1639 3180 1681 3204 ex
1691 3168 1787 3211 ipsius
1803 3191 1814 3207 ‚
1835 3168 1867 3199 in
1884 3167 1975 3210 cujus
1986 3167 2112 3202 Metro-

1240 3221 1308 3265 poli
1319 3220 1452 3256 Sanetus
1462 3221 1560 3258 etiam
1573 3221 1713 3265 joannes
1736 3215 1991 3259 Chrysostomus
2012 3227 2111 3253 notus

1240 3272 1303 3306 fuit
1316 3272 1536 3309 &intantum
1560 3269 1736 3304 Doaorem
1754 3267 1935 3311 formatus,
1959 3266 2111 3302 unanimi

1240 3323 1329 3361 sensu
1341 3322 1439 3361 fuisse
1452 3321 1597 3355 locutum
1609 3318 1623 3351 ἓ
1648 3316 1739 3351 Idem
1750 3318 1915 3356 senserunt
1926 3316 2032 3364 plures
2052 3314 2112 3353 Pa·

1240 3383 1306 3408 tres
1320 3371 1432 3407 Latini
1446 3371 1480 3404 &
1491 3367 1593 3402 Graeci
1602 3391 1612 3404 ρ

1292 3420 1395 3461 Ροιτό
1406 3430 1465 3469 pro
1477 3418 1606 3453 adversa
1615 3426 1703 3461 parte
1715 3415 1842 3455 addua}
1862 3414 2029 3454 Gallicani
2050 3414 2111 3448 Ca-

1964 3475 2064 3500 nones

2133 1660 2207 1702 Cap·
2237 1669 2288 1698 49·

1226 1725 1349 1769 fugium
1364 1751 1370 1758 .
1383 1727 1570 1768 Quodnam?
1598 1729 1678 1768 Ejus
1690 1737 1811 1765 mortem
1821 1729 1982 1772 easpet‘la.
2010 1729 2117 1778 Qud
2178 1719 2184 1730 Ι
