2352 3736
352 152 471 216 *³32

318 640 515 675 Christianis
527 638 681 683 promissa
701 638 822 681 puritas
843 637 983 671 mentis.
1013 636 1069 674 An
1093 648 1202 672 autem

316 691 334 725 a
349 690 485 735 Judaico
498 688 532 723 &
547 690 707 723 fermento
718 688 752 722 ὅ(
762 698 880 731 azymo
894 689 1016 731 semper
1028 687 1127 721 libera
1141 689 1201 722 Ec·

315 741 410 775 clefia
422 751 502 775 tunc
514 741 548 775 in
565 739 629 775 hoc
641 750 696 773 aut
709 739 743 772 in
755 738 814 772 illo
830 737 959 774 offerret
979 738 1074 771 suum
1086 738 1200 773 sacrifi-

313 793 405 827 cium
417 815 429 832 ,
455 803 516 826 nec
528 801 627 835 negat
638 800 700 823 nec
713 789 852 823 affirmat
865 813 872 824 ,

365 842 463 879 Alter
473 841 617 886 ejusdem
627 840 739 884 magni
754 837 983 881 Chrysostomi
1003 837 1094 873 locus
1106 839 1149 872 est
1161 839 1197 873 in

311 893 468 938 vigesima
490 902 604 936 quarta
625 888 779 924 Homilia
802 891 893 932 super
914 889 1051 932 primam
1082 888 1196 933 episto-

310 944 379 977 lam
402 942 444 977 ad
469 940 684 978 Corinthios.
712 936 921 974 Eucharistiae
944 938 1062 972 nostrae
1084 940 1198 974 verita-

309 1003 377 1028 tem
388 1005 426 1028 ac
440 992 638 1038 dignitatem
660 989 766 1033 ample
786 989 926 1032 exponit
940 1013 950 1029 ‚
977 998 1073 1032 atque
1093 990 1195 1032 prose-

308 1047 446 1089 quitur:
476 1048 584 1084 Neque
604 1041 786 1085 solummodo
809 1043 923 1081 Corpus
942 1037 1027 1082 filum
1049 1041 1195 1074 Dominus

309 1098 396 1130 dedit
416 1120 426 1137 ,
448 1092 506 1137 sed
514 1098 656 1136 quoniam
663 1098 749 1134 prior
765 1097 863 1124 carnis
875 1099 988 1123 natura
998 1090 1013 1122 e*
1022 1097 1104 1123 terra
1108 1089 1194 1133 filla,

307 1148 328 1178 ἃ
336 1154 457 1188 peccato
474 1145 563 1187 prius
577 1152 642 1178 erat
652 1151 745 1175 morte
755 1140 860 1182 offella
873 1164 884 1180 ,
911 1141 946 1173 ab·
966 1145 1033 1173 vita
1039 1147 1171 1181 privata
1181 1166 1192 1181 ,

304 1198 399 1233 aliam
411 1220 423 1236 ,
448 1205 481 1229 ut
494 1200 538 1227 ita
550 1196 650 1227 dicam
664 1217 675 1232 ‚
694 1192 814 1236 maffam
826 1189 1048 1233 &fermentum
1061 1191 1192 1230 indum,

298 1244 390 1290 suam
403 1251 537 1280 Carnem
552 1269 563 1285 ,
589 1255 657 1287 quae
669 1252 782 1276 natura
794 1244 915 1285 quidem
935 1249 1003 1274 erat
1021 1242 1146 1282 eadem,
1171 1244 1191 1275 ἃ

286 1305 534 1338 ⁴peccatoautem
562 1295 657 1328 libera
672 1318 683 1334 ,
709 1295 744 1327 ὠ·
754 1298 822 1326 vita
828 1293 919 1334 plena
929 1316 936 1323 .
963 1294 1009 1326 Et
1029 1292 1114 1325 dedit
1124 1301 1190 1344 eam

303 1347 438 1380 omnibus
445 1346 692 1388 participandam
702 1368 713 1384 ,
739 1352 775 1376 ut
786 1354 820 1376 ea
830 1346 936 1375 nutriti
947 1364 958 1380 ,
975 1347 1071 1383 priori
1084 1365 1096 1382 ‚
1120 1347 1189 1385 quae

297 1406 365 1430 erat
378 1404 493 1433 mortua
506 1419 518 1436 ,
544 1392 692 1438 depofita‚
713 1392 858 1436 perhanc
883 1389 1014 1434 mensam
1036 1398 1069 1426 in
1090 1398 1189 1425 vitam

296 1449 495 1483 immortalem
505 1454 786 1487 contemperaremur
798 1468 806 1476 .
835 1442 978 1476 Carnem
1000 1443 1091 1477 suam
1111 1442 1188 1476 luci-

294 1491 337 1532 de
362 1499 503 1532 affirmat
523 1495 585 1530 esse
606 1496 820 1529 fermentum.
856 1492 1057 1535 Respondeo
1076 1492 1146 1525 illic
1169 1492 1186 1525 a

296 1546 538 1591 Chrysostomo
550 1544 714 1592 praedicari
737 1543 821 1577 duos
842 1541 1015 1580 homines,
1041 1541 1108 1575 duo
1129 1540 1185 1575 hu-

294 1598 386 1631 mani
398 1597 528 1642 generis
539 1594 685 1639 opposita
699 1594 807 1637 capita
818 1593 851 1626 &
863 1593 971 1625 fontes
983 1616 993 1632 ‚
1019 1591 1183 1625 Adamum

293 1650 327 1682 ὅ(
352 1647 522 1682 Christum
546 1645 755 1679 Dominum.
792 1642 943 1687 Utrique
964 1642 1102 1676 affirmat
1122 1641 1183 1673 esse

294 1701 390 1731 fuum
403 1707 521 1740 corpus
534 1694 665 1728 massam
675 1718 686 1734 ‚
713 1693 747 1725 δε
769 1690 901 1737 utrique
913 1689 1042 1731 corpori
1054 1700 1091 1722 ac
1105 1690 1184 1722 mas-

293 1751 334 1781 1ae
365 1747 456 1782 suam
489 1744 649 1780 unitatem
672 1767 682 1783 ,
709 1742 761 1775 seu
801 1739 936 1773 unionis
968 1739 1182 1773 fermentum.

296 1796 481 1832 Christiani
495 1794 642 1839 corporis
658 1795 711 1827 seu
723 1791 829 1825 maffae
842 1791 1037 1824 fermentum
1044 1789 1183 1844 affirmat

289 1848 355 1882 effe
385 1846 578 1889 assumptam
609 1843 628 1877 a
651 1841 805 1878 Domino
829 1840 971 1873 Carnem
996 1864 1006 1879 ,
1042 1838 1182 1894 ideoque

294 1897 400 1942 ipsam
412 1896 471 1931 sub
482 1894 667 1939 symbolice
679 1892 771 1936 panis
781 1891 947 1928 elemento
963 1889 1045 1923 sumi
1056 1890 1073 1922 a
1088 1888 1183 1928 nobis

291 1946 492 1982 omnibus&
509 1943 719 1979 manducari.
748 1941 793 1974 Et
816 1940 955 1984 exponit
979 1940 1072 1982 panis
1092 1940 1182 1982 Sym-

289 1995 407 2032 bolum
423 2010 430 2028 :
457 1994 611 2039 ,Quomodo
620 1997 713 2035 panis
725 2003 762 2025 ex
773 1992 875 2024 multis
885 1995 992 2034 granis
1013 1989 1180 2031 compositus

289 2047 328 2087 est
340 2053 461 2088 unitus,
470 2055 502 2079 ut
515 2042 664 2089 nusquam
676 2044 845 2084 appareant
853 2050 963 2090 grana,
972 2037 1108 2082 sedsunt
1121 2044 1182 2081 qui-

289 2101 358 2133 dem
368 2095 435 2142 ipsa
449 2121 461 2138 ,
487 2107 545 2131 non
556 2091 716 2135 manifesta
728 2101 829 2125 autem
835 2088 865 2132 fi
870 2088 997 2133 ipsorum
1010 2090 1040 2121 di
1065 2095 1182 2122 erentia

287 2157 414 2192 propter
426 2147 681 2189 conjunc‘lionem‚
705 2148 749 2179 ita
759 2148 851 2174 etiam
863 2147 943 2174 inter
964 2151 1016 2172 nos
1039 2140 1072 2172 (9¹
1094 2138 1183 2171 Chri-

282 2201 328 2242 sto
344 2202 548 2243 conjungimur
561 2220 568 2228 .
595 2195 678 2230 Non
690 2193 798 2236 itaque
810 2201 927 2234 panem
940 2215 950 2231 ‚
965 2190 999 2223 in
1012 2199 1078 2233 quo
1090 2187 1182 2223 Chri.

288 2251 376 2284 ssum
398 2249 626 2284 consecramus
651 2269 662 2285 ‚
688 2243 741 2278 sed
763 2243 863 2287 ipsam
880 2241 948 2284 ejus
972 2238 1181 2274 substantiam

287 2301 427 2334 affirmat
448 2300 512 2334 effe
533 2295 647 2331 nostrae
670 2294 774 2328 massae
795 2294 991 2327 fermentum
1007 2315 1014 2322 .
1051 2289 1181 2327 Vocem

290 2355 507 2389 Fermentum,
528 2346 680 2390 supponit
696 2346 730 2378 in
754 2356 794 2378 eo
818 2343 888 2386 ipso
907 2341 1018 2381 sensu,
1041 2351 1109 2396 quo
1136 2341 1182 2383 ip,

289 2403 358 2436 sam
370 2402 558 2445 supponunt
569 2394 748 2430 Pontifices
762 2391 968 2427 Melchiades
981 2416 992 2431 ,
1019 2391 1153 2425 Siricius
1171 2412 1182 2428 ,

291 2464 329 2485 ac
341 2450 556 2485 Innocentius
568 2474 578 2489 ‚
605 2458 664 2491 pro
678 2445 839 2489 principio
850 2443 1011 2481 efficiente
1033 2440 1174 2474 nostram

291 2513 369 2535 cum
381 2500 517 2536 Christo
529 2498 682 2532 Domino
694 2496 727 2529 &
740 2493 835 2528 nobis
848 2492 988 2528 invicem
1000 2491 1157 2524 unionem
1171 2512 1179 2520 .

292 2550 385 2584 Hinc
396 2548 486 2584 addit
500 2545 736 2582 Eucharistiam
751 2544 831 2578 sumi
856 2542 897 2576 ab
918 2541 1092 2579 omnibus:
1123 2539 1176 2574 Ut

293 2600 412 2644 nempe
433 2600 469 2632 fit
493 2598 583 2632 istius
608 2595 740 2629 unitatis
759 2606 797 2627 ac
821 2592 973 2626 fermenti
996 2591 1178 2623 Sacramen-

293 2662 365 2685 tum
375 2675 383 2683 .
417 2647 523 2697 Qod
536 2644 686 2683 fermenti
697 2644 772 2677 usus
784 2643 820 2676 fit
832 2639 1070 2684 antiquissimus
1093 2639 1177 2695 apud

294 2703 450 2740 Graecos,
476 2695 619 2732 omnino
639 2693 812 2738 profiteor:
855 2689 980 2726 Verum
1001 2690 1181 2746 antiquissi-

293 2764 347 2787 ma
375 2752 510 2785 Pati-um
535 2746 723 2782 testimonia
750 2743 814 2777 illis
839 2741 939 2776 etiam
968 2740 1110 2775 omnmo
1131 2740 1181 2774 de-

293 2805 366 2839 sunt
380 2827 388 2835 .
1086 2840 1093 2848 .

345 2851 459 2894 Objici
483 2847 580 2883 nobis
590 2846 685 2891 poffit
696 2843 796 2878 etiam
808 2844 943 2878 Sanstus
953 2839 1159 2898 Augustinus
1171 2865 1179 2875 .

299 2902 454 2945 Antiquae
465 2899 547 2944 legis
560 2896 711 2931 mandata
723 2895 861 2928 affirmat
871 2894 934 2926 effe
947 2901 1032 2925 varia
1045 2915 1056 2930 ,
1081 2891 1115 2924 δε
1128 2902 1180 2924 ex-

302 2952 413 2995 ponit:
441 2954 550 2983 Horum
558 2958 626 2990 quae
635 2945 770 2987 jubendo
782 2945 817 2977 (5
827 2943 956 2976 vetando
965 2940 1082 2985 scripta
1087 2938 1159 2982 sunt
1172 2965 1182 2981 ,

304 3003 366 3035 alia
373 3000 444 3044 sunt
455 3003 476 3034 5
477 3006 711 3034 aeramentorum
722 2995 825 3028 velata
835 2993 987 3033 mysteriis,
1010 3002 1077 3033 quae
1096 2991 1116 3050 a.
1134 2997 1183 3031 po-

305 3052 373 3092 pulo
382 3050 548 3091 Christiano
560 3058 638 3081 nunc
649 3057 705 3080 non
715 3044 793 3087 fiunt
806 3067 816 3083 ,
836 3041 894 3086 sed
914 3041 1117 3075 tantummodo
1137 3045 1181 3072 in-

311 3100 467 3142 telligenda
479 3102 615 3144 leguntur
633 3105 722 3139 atque
744 3094 936 3133 tradantur,
955 3090 1040 3133 ficuti
1059 3089 1098 3132 est
1116 3089 1186 3122 Sab-

312 3148 433 3181 bathum
444 3151 487 3181 ad
493 3149 633 3190 vifibilem
643 3152 831 3181 vacationem
841 3169 851 3185 ‚
876 3142 944 3183 licut
956 3153 1059 3182 azyma
1069 3147 1188 3197 inpane

306 3197 368 3245 fine
379 3202 554 3231 Fermento.
580 3194 794 3232 Fratricidam
815 3194 901 3228 Cain
924 3193 1037 3226 divina
1062 3191 1186 3235 Iustitia

302 3258 384 3286 tnon
396 3245 500 3279 solum
512 3247 593 3288 juffit
606 3259 673 3280 non
685 3245 793 3280 occidi
808 3256 817 3286 ;
843 3243 897 3277 sed
910 3243 1037 3286 insuper
1061 3243 1096 3275 in
1118 3241 1188 3283 ipso

304 3296 424 3342 posuit
434 3295 558 3338 fignum
574 3318 585 3333 ,
608 3307 674 3338 quo
687 3307 741 3338 per
752 3294 874 3328 alienas
897 3303 997 3332 terras
1017 3301 1117 3337 vagus
1136 3301 1189 3324 oe-

317 3345 385 3381 cidi
398 3356 463 3379 non
476 3344 562 3386 poffe
574 3344 787 3377 indicaretur.
817 3344 895 3376 Erat
907 3353 1065 3386 magnum
1077 3343 1189 3375 futurae

317 3396 365 3431 rei
377 3397 636 3430 Sacramentum.
663 3392 904 3425 Fratricidaille
926 3392 1117 3436 fignificavit
1141 3391 1190 3434 Ju—

316 3448 448 3484 daicum
468 3442 625 3488 populum
645 3464 656 3484 ,
694 3439 747 3486 qui
782 3441 857 3475 Deo
888 3442 1067 3487 placentem
1096 3443 1184 3476 suum

899 148 1582 201 D1sse‘1trnrlo‘

325 234 440 275 prime,
463 262 475 278 ‚
512 233 601 279 quod
624 233 794 268 Dominus
815 245 968 276 azymum
993 244 1069 268 curn
1091 234 1206 278 Judaeis

324 285 546 325 manducarit,
572 283 734 328 &inipso
748 283 870 318 Pascha
884 281 1071 319 celebrarit.
1100 285 1206 322 Diser—

325 338 452 373 teenim
464 333 645 377 exponit&
658 332 827 377 Judaicum
839 332 962 367 Pascha
974 356 985 371 ,
1008 335 1041 368 ὃ(
1053 332 1206 371 Christia-

323 400 402 426 num
417 412 424 421 .
451 385 602 424 Secundo
611 386 746 419 affirmat
756 383 846 427 quod
868 395 929 417 nos
950 395 1094 427 azymo,
1130 386 1205 421 licet

322 439 490 475 Dominus
508 435 692 474 servaverit,
704 443 770 467 non
783 434 879 467 fimus
891 433 1042 469 obnoxii.
1068 434 1207 477 Tertio,

320 489 411 535 quod
428 489 524 524 nobis
533 486 573 521 ab
597 483 763 528 Apostolo
787 482 991 528 praedicatum
1014 497 1052 519 ac
1076 485 1205 530 imposi-

318 550 390 575 tum
402 549 556 583 azymum
571 547 640 571 non
653 535 690 570 fit
703 534 795 580 panis
808 546 864 569 aut
887 536 968 579 quid
988 547 1181 584 corporeum
1193 562 1204 578 ,

317 593 373 626 sed
399 590 514 634 Judaeis
538 598 595 632 per
618 588 722 630 ipsum
742 585 983 631 praesignificata
1005 611 1016 628 ‚
1052 586 1086 620 &
1108 587 1204 622 nobis

1245 240 1409 299 {Fratrem
1431 239 1618 276 Dominum
1640 243 1800 279 'nostrum'
1819 220 2138 290 JEsUM-,CHRI-

1247 303 1250 334 Ι
1267 289 1326 323 ST
1330 289 1410 325 UM
1432 291 1576 325 occidit:
1604 291 1649 326 Et
1669 293 1803 337 quidem
1823 295 1923 332 etiam
1943 302 2135 343 efiswidia,

1266 339 1300 375 &
1322 341 1355 373 in
1378 351 1457 384 agro
1469 351 1560 375 extra
1584 353 1692 385 portas
1706 367 1714 375 .
1739 343 1847 387 Ipsum
1870 346 1970 381 etiam
1988 350 2137 396 castigari

1268 401 1323 432 per
1345 390 1534 426 Romanum
1556 392 1732 436 Imperium
1753 394 1838 436 justit
1855 396 1966 432 divina
1990 398 2137 442 Iustitia,

1267 449 1412 475 attamen
1424 452 1492 476 non
1508 442 1616 477 occidi
1634 468 1645 484 ,
1671 442 1724 477 sed
1733 442 1906 481 dumtaxat
1916 447 2054 493 dispergi
2065 458 2138 485 toto

1267 500 1419 525 terrarum
1430 491 1509 528 orbe
1521 516 1534 534 ,
1557 494 1592 529 ὃ(
1613 493 1744 538 quidem
1764 506 1841 530 cum
1863 497 1978 541 figno,
2002 509 2070 542 quo
2089 510 2139 534 vn·

1265 552 1307 585 ga
1330 551 1410 586 gens
1429 541 1666 578 demonstretur
1688 557 1756 579 non
1784 547 1877 589 posse
1909 548 2138 582 exterminari.

1265 591 1402 637 Signum
1425 590 1490 627 hoc
1509 596 1646 637 exponit
1669 596 1704 629 in
1726 596 1881 641 trigefimi
1902 597 1985 632 noni
2016 598 2139 635 Psalmi

1264 644 1499 677 commentario
1512 643 1660 679 laudatus
1683 646 1903 691 Augustinus:
1925 648 2046 692 Judaea
2058 656 2138 693 gens

1263 700 1362 726 manet
1373 705 1437 726 cum
1443 693 1524 738 figno
1529 693 1582 738 suo
1594 719 1605 735 ‚
1632 707 1696 728 cum
1709 695 1790 739 figno
1798 695 2046 739 Circumcifi'onis,
2071 709 2138 731 cum

1256 741 1337 785 signo
1347 755 1530 782 azymorum.
1557 748 1605 778 sic
1617 755 1737 779 manet.
1764 751 1837 782 Non
1847 747 1885 788 est
1903 747 2010 792 occisus
2037 752 2137 789 Cain,

1262 791 1469 837 habetfignum
1480 793 1581 837 suum.
1612 795 1714 843 Quod
1728 797 1833 840 ipsum
1845 797 1954 833 scribit
1975 799 2009 832 in
2031 799 2138 841 prima.

1262 841 1436 878 Contione
1485 845 1576 889 super
1620 846 1788 881 Psalmum
1833 847 2138 894 quinquagesimum

1259 894 1432 927 ostavum:
1457 898 1515 928 Hoc
1538 895 1575 936 est
1592 895 1710 940 fignum
1743 898 1826 939 quod
1859 897 1971 933 babent
1999 901 2134 943 Judaei-

1258 943 1371 976 Tenent
1408 947 1524 977 omnino
1560 947 1715 989 Reliquias
1749 948 1820 992 legis
1851 947 1917 990 suae
1938 974 1945 981 .
1980 954 2137 984 Circumci-

1258 992 1369 1025 duntur
1386 1017 1397 1034 ,
1436 994 1588 1028 Sabbatha
1613 995 1789 1038 observant,
1819 997 1937 1042 Pascha
1961 1001 2135 1039 immolant,

1257 1054 1359 1081 azyma
1383 1045 1552 1077 comedunt.
1580 1045 1733 1080 Affirmat
1746 1058 1862 1090 azyma
1888 1050 1954 1083 esse
1980 1050 2045 1093 jam
2082 1051 2136 1094 Ju-

1256 1093 1332 1126 daeis
1370 1105 1425 1137 per
1459 1094 1539 1129 novi
1574 1093 1781 1130 Testamenti
1817 1098 1953 1141 gratiam
1978 1101 2134 1134 conversa.

1256 1143 1291 1177 in
1317 1142 1439 1179 divinae
1475 1143 1711 1178 maledifflonis
1747 1145 1901 1190 signum,
1925 1148 2063 1192 ideoque
2097 1149 2134 1184 δε

1256 1203 1353 1238 negat
1377 1195 1395 1228 a
1423 1194 1617 1228 Christianis
1642 1194 1750 1230 usitari
1771 1220 1778 1227 .
1816 1196 2017 1240 Respondeo
2041 1199 2133 1233 aliud

1253 1245 1318 1277 esse
1339 1245 1448 1287 azymi
1471 1244 1704 1287 substantiam,
1730 1244 1818 1280 aliud
1842 1247 1940 1291 ipsius
1959 1246 2133 1292 Judaieum

1253 1294 1344 1327 usum
1356 1319 1363 1326 .
1394 1294 1476 1343 Qiae
1487 1293 1553 1329 duo
1565 1295 1722 1340 distingui
1734 1294 1854 1330 debent
1865 1297 1964 1332 etiam
1977 1299 2011 1332 in
2035 1299 2135 1343 ladluft

1251 1345 1298 1377 cis
1320 1345 1518 1389 agrestibus,
1545 1344 1695 1380 Paschali
1709 1345 1814 1391 Agno
1827 1371 1839 1387 ,
1864 1348 1998 1383 Ovibus
2011 1349 2046 1383 &
2066 1348 2132 1383 Bo·

1251 1392 1331 1435 bus,
1357 1393 1494 1438 aliisque
1516 1395 1726 1439 judaicorum
1747 1399 1920 1432 Sacrorum
1940 1399 2129 1433 elementis.

1251 1444 1332 1478 Non
1355 1444 1496 1487 ipsorum
1521 1445 1695 1481 substantia
1717 1457 1773 1481 aut
1803 1448 1874 1482 esus
1904 1446 2130 1489 Christianus,

1252 1494 1305 1528 sed
1320 1494 1405 1528 solus
1418 1495 1570 1538 judaicus
1592 1498 1667 1530 usus
1684 1496 1730 1530 est
1755 1497 1942 1532 demutatus
1961 1498 1994 1532 in
2007 1497 2130 1532 divinae

1250 1543 1486 1578 maledictionis
1498 1547 1622 1589 fignum
1644 1572 1654 1587 ‚
1667 1545 1805 1589 ideoque
1819 1548 2109 1583 nobisinterdiaus
2120 1573 2128 1580 .

1296 1594 1412 1636 Objici
1425 1594 1522 1628 nobis
1538 1596 1640 1638 potest
1664 1597 1762 1630 etiam
1785 1597 1946 1642 Ernulphi
1968 1598 2130 1633 Roff'enfis

1249 1643 1402 1686 Episcopi
1417 1655 1472 1686 per
1494 1645 1620 1679 Lucam
1642 1645 1843 1680 Dacherium
1864 1648 2046 1690 publicata,
2085 1648 2128 1682 ad

1246 1691 1460 1725 Lambertum
1472 1694 1628 1736 epistola.
1657 1695 1811 1731 Affirmat
1832 1696 2029 1739 Apostolos,
2057 1709 2127 1732 non

1245 1740 1286 1774 de
1313 1741 1440 1785 lapidea
1462 1752 1518 1775 aut
1541 1744 1730 1778 solemniter
1752 1747 1937 1780 consecrata
1959 1770 1969 1786 ,
2009 1747 2063 1781 sed
2087 1746 2128 1782 de

1247 1791 1378 1835 lignea,
1404 1801 1461 1826 aut
1476 1792 1584 1827 forsan
1606 1794 1702 1827 etiam
1729 1795 1819 1828 nulla
1839 1797 1949 1829 mensa
1970 1797 2128 1839 accepisse

1247 1839 1485 1876 Eucharistiam
1499 1867 1510 1882 ‚
1549 1854 1586 1876 ac
1607 1844 1726 1888 pergit:
1757 1844 1803 1877 Ibi
1821 1854 1920 1886 panes
1938 1847 2126 1887 quotidianos

1243 1893 1452 1932 comederunt,
1477 1894 1516 1925 de
1523 1899 1674 1937 genimine
1687 1899 1764 1927 vitis
1777 1895 1916 1929 biberunt
1927 1908 1934 1915 ·
1962 1896 2127 1940 Loquitur

1243 1952 1284 1975 ex
1295 1941 1468 1975 communi
1481 1943 1527 1976 sui
1542 1943 1699 1987 temporis
1711 1944 1800 1977 sensu
1813 1969 1824 1984 ,
1851 1945 2002 1988 adeoque
2013 1947 2127 1980 Eccle-

1243 1992 1284 2024 fia
1297 2001 1376 2025 tunc
1390 2002 1459 2025 non
1483 1993 1632 2027 censebat
1654 2004 1805 2037 azymum
1825 1995 1891 2029 esse
1912 1996 2123 2030 traditionem

1244 2040 1471 2084 Apostolicam
1493 2067 1501 2075 .
1542 2042 1690 2087 Eandem
1712 2045 1906 2078 sententiam
1925 2046 2068 2088 sequitur
2087 2045 2124 2080 in

1243 2093 1296 2124 sua
1309 2091 1477 2129 adversum
1502 2094 1563 2130 suae
1583 2093 1691 2138 gentis
1710 2104 1831 2127 errores
1849 2095 2012 2129 Invectiva
2038 2096 2124 2129 Isaac

1240 2140 1426 2175 Patr-iarcha
1455 2141 1693 2178 Armeniorum
1715 2168 1722 2175 .
1770 2144 1904 2178 Fatetur
1937 2144 2124 2180 Dominum

1240 2191 1419 2227 confecisse
1430 2191 1464 2225 in
1476 2204 1593 2236 azymo
1605 2218 1616 2234 ‚
1644 2193 1734 2228 addit
1745 2195 1861 2228 omnia
1871 2195 2016 2230 Domini
2043 2193 2125 2231 Asta

1241 2240 1337 2275 nobis
1347 2253 1416 2275 non
1430 2241 1611 2284 imitanda,
1637 2243 1772 2277 adducit
1784 2244 1934 2288 exempla
1957 2245 2056 2282 varia,
2091 2246 2126 2280 δε

1242 2291 1459 2335 prosequitur:
1487 2297 1559 2326 Non
1583 2302 1732 2336 tanquam
1757 2293 1873 2332 chria·
1897 2294 2125 2339 adversantur,
2142 2285 2211 2323 ΟΨ·
2235 2286 2260 2315 ⁸·

1240 2353 1275 2380 ‚ac
1308 2348 1335 2376 ei
1377 2341 1466 2382 hostes
1501 2343 1586 2387 effent
1599 2368 1610 2384 ,
1635 2342 1755 2386 ejusque
1788 2356 1837 2378 res
1873 2354 2066 2379 attenuarent
2091 2356 2126 2378 ac

1240 2393 1463 2434 deprImerent‚
1493 2392 1633 2438 universa
1658 2393 1721 2428 baec
1747 2394 1870 2436 Apostoli
1893 2396 1928 2429 Θ·
1955 2399 2066 2429 Patres
2091 2401 2125 2428 in

2146 1870 2229 1900 som.
2251 1874 2277 1902 ιζ

1240 2441 1367 2483 Ecclesia
1393 2444 1606 2486 tradiderunt,
1629 2443 1690 2487 sed
1707 2446 1810 2487 potius
1836 2455 1978 2489 augentes
2003 2447 2039 2480 θ
2062 2456 2124 2477 ma-

1239 2492 1442 2535 gnificantes,
1467 2493 1714 2537 extollentesque,
1740 2506 1775 2528 ac
1800 2494 1975 2528 honorantes
1996 2496 2123 2538 &glori-

1239 2543 1367 2585 ficantes
1392 2542 1523 2583 mysteria
1535 2569 1546 2584 ‚
1572 2554 1660 2586 atque
1685 2547 1730 2578 ad
1751 2547 1817 2586 ejus
1835 2546 1963 2589 gloriam
1997 2545 2031 2578 Θ
2059 2556 2123 2576 ma-

1239 2594 1442 2636 gnificentiam
1456 2618 1467 2634 ‚
1492 2594 1673 2638 nostramque
1693 2594 1819 2638 salutem
1833 2619 1844 2634 ‚
1870 2605 1904 2626 ac
1908 2594 2122 2636 gloriationem,

1244 2654 1292 2677 res
1319 2641 1487 2685 hujusmodi
1511 2644 1708 2684 constituentes
1735 2655 1770 2676 ac
1803 2642 1990 2685 disponentes
2010 2668 2016 2674 .
2057 2646 2124 2687 ,Qui

2258 2578 2280 2599 ξ’·

1245 2695 1311 2735 ergo
1333 2691 1458 2735 perfec‘li
1478 2700 1572 2735 panis
1597 2694 1790 2726 traditionem
1809 2691 1948 2734 respuunt
1962 2716 1973 2732 ‚
1998 2704 2050 2727 nec
2073 2705 2124 2726 vo-

1244 2743 1311 2775 lunt
1336 2744 1495 2776 admittere
1513 2765 1525 2782 ‚
1557 2751 1720 2784 panemque
1756 2753 1889 2781 azymum
1924 2748 1957 2774 in
1981 2743 2123 2787 sacrificio

1244 2793 1349 2826 volunt
1373 2791 1495 2831 offerre,
1521 2797 1614 2825 etiam
1638 2791 1801 2835 respiciant
1825 2803 1861 2825 ac
1886 2802 1990 2837 negent
2017 2792 2079 2827 baec
2101 2795 2122 2825 ἃ

1245 2840 1328 2875 nobis
1348 2840 1430 2873 dicia
1442 2864 1453 2881 ‚
1479 2853 1547 2884 quae
1566 2842 1688 2884 quidam
1709 2841 1841 2881 christus
1858 2850 1916 2884 per
1930 2841 2122 2886 semetipsum

1245 2893 1428 2932 nequaquam
1451 2893 1598 2930 tradidit,
1618 2890 1677 2934 sed
1694 2892 1970 2935 Apostolit'rsam‘ii
1991 2895 2120 2926 Patres.

1245 2939 1368 2973 Panem
1379 2941 1632 2982 fermentatum,
1659 2942 1735 2976 licet
1756 2942 1925 2977 Dominus
1946 2944 1980 2976 in
2003 2953 2120 2985 azymo

1246 2991 1441 3029 confecerit,
1468 2992 1606 3028 affirmat
1617 2992 1658 3026 ab
1670 2992 1839 3036 Apostolis
1849 2993 1945 3027 fuisse
1955 2992 2121 3032 usitatum,

1247 3052 1283 3074 ac
1299 3041 1486 3083 impositum
1502 3042 1664 3077 Ecclefiis.
1695 3042 1892 3087 Respondeo
1911 3041 2120 3086 Ernulphum

1248 3091 1313 3124 esse
1341 3091 1530 3125 duodecimi
1563 3093 1666 3128 saeculi
1702 3093 1899 3136 Episcopum
1922 3116 1932 3132 ,
1979 3090 2120 3136 ideoque

1252 3152 1319 3174 non
1330 3139 1444 3179 validae
1463 3142 1547 3181 circa
1569 3154 1616 3176 res
1638 3143 1721 3177 adeo
1743 3143 1889 3184 antiquas
1905 3142 2121 3178 austeritatis.

1252 3190 1419 3235 Azymum
1437 3193 1505 3227 esse
1538 3192 1761 3236 Apostolicam
1787 3191 1999 3227 traditionem
2038 3193 2120 3227 affin·

1251 3252 1341 3276 mant
1367 3242 1463 3276 multi
1486 3241 1581 3276 testes
1603 3241 1783 3275 authentici
1806 3266 1815 3281 ‚
1851 3242 1984 3285 quidam
2011 3251 2119 3277 tamen

1251 3295 1383 3325 censent
1406 3293 1473 3326 esse
1496 3292 1683 3326 Institutum
1706 3292 1810 3324 Sancti
1827 3292 2030 3330 Alexandri,
2062 3299 2119 3324 aut

1251 3342 1533 3385 SandiiSylvessri.
1561 3340 1630 3375 Alii
1643 3340 1760 3374 volunt
1770 3340 1809 3374 ab
1821 3342 1884 3376 illis
1906 3353 1973 3376 non
1996 3339 2120 3373 institu-

1252 3402 1345 3432 tum,
1373 3392 1425 3425 sed
1450 3392 1519 3434 post
1547 3391 1707 3425 extinctos
1734 3391 1906 3426 Ebionitas
1935 3389 2119 3423 redue'tum.

1257 3442 1320 3477 Res
1356 3442 1476 3477 incerta
1503 3442 1546 3478 est
1569 3467 1575 3473 .
1613 3442 1666 3476 De
1691 3440 1857 3484 Apostolls
1882 3441 1917 3474 in
1954 3437 2123 3522 Syntpdali-

2037 3499 2073 3523 us
