2352 3736
52 342 114 386 Lffi·
139 362 160 381 ι.
173 359 199 381 c.

57 398 98 422 16.

61 962 133 1002 Cap.
159 974 187 1002 9.

462 191 529 231 be
566 186 673 230 LA1
698 199 767 228 cit
804 183 1177 228 Auris-nrum
1211 191 1635 225 InvasrlruRA.

223 269 337 305 vestire
349 268 381 302 se
390 262 544 303 fateretur
556 291 567 307 ,
593 262 673 301 reete
693 265 728 298 in
746 263 833 298 illius
856 263 924 296 vita
942 258 1089 304 praedicat

220 319 336 354 ‘Abbas
348 316 529 352 Aldredus.
555 315 686 358 Nempe
708 314 785 348 ritui
807 313 859 346 isti
883 310 991 344 nescio
1012 305 1090 348 quid

222 368 340 403 veneni
351 368 448 402 inesse
460 365 641 405 Christiani
653 364 819 407 Principes
838 360 858 393 ὸ,
877 359 998 403 Spiritu
1017 358 1092 391 San-

223 422 276 453 ἑὶο
286 418 372 453 doni
383 420 505 461 semper
517 414 741 451 adverterunt·
820 459 826 466 .
917 458 925 466 ·
970 458 978 465 ²

273 468 421 517 Qaestio
432 467 477 502 est
489 467 530 501 de
537 463 675 500 exordio
686 487 694 495 .
722 459 862 495 Hennci
872 467 980 502 quinti
993 457 1094 501 Impe-

224 521 339 553 ratoris
350 518 390 552 ad
404 516 598 552 Paschalern
618 511 797 558 secundum
820 508 1039 546 Pontificem,
1062 506 1096 539 ὃς

223 567 470 611 componendas
489 565 546 600 has
565 564 638 596 lites
657 562 690 595 iu
713 559 858 594 Galliam
884 558 1008 603 legatio
1043 567 1097 606 per

227 619 416 653 Brunonern
428 612 654 650 Trevirenfem
666 610 962 653 Archiepiscopum
972 604 1098 641 asseruit

227 670 332 712 ipsum
343 669 405 702 effe
416 662 670 705 antiquissimum
684 660 816 704 Imperii
830 669 955 692 morem
977 658 996 690 ὲ
1017 667 1099 697 tem-

226 717 358 762 poribus
368 713 472 749 Sanffl
486 711 640 756 Gregorii
651 711 770 755 Magni
784 736 791 743 .
819 710 869 742 Ita
892 708 926 741 in
949 706 1015 739 vita
1036 705 1100 739 Lu-

224 767 335 803 ‘dovici
348 762 453 798 Groffi
465 763 664 795 Francorum
676 760 782 805 Regis
793 759 887 794 refert
908 755 1023 790 Abbas
1043 756 1099 789 Su-

226 817 331 865 gerins
351 836 359 845 .
396 813 435 846 ln
457 811 596 845 Henrici
618 811 724 855 quarti
752 808 977 852 Apologetico
1015 803 1099 838 libro

227 864 436 902 xvaltramus
446 860 728 905 Naumburgenfis
741 859 918 902 Episcopus
945 855 1014 889 vult
1037 855 1099 887 effe

224 913 325 958 §enge
344 912 561 955 antiquiorem
585 922 592 942 :
630 913 755 953 Legitur
775 914 808 941 in
825 907 910 941 libris
927 909 1040 948 Regum
1065 905 1100 938 Θ

226 963 463 997 Machabaeoeum
473 987 484 1003 ,
494 962 574 1004 quod
581 961 601 992 ἃ
608 960 740 1004 Regibus
751 957 919 991 Gentilibus
929 966 964 988 ac
967 959 999 1000 J
1001 956 1100 988 udaeis

222 1014 394 1047 Sacerdotes
413 1011 601 1051 investituras
621 1014 769 1051 accipiunt
791 1015 824 1041 in
843 1004 1010 1052 Judaismo
1029 1029 1036 1036 .
1076 1007 1100 1036 A

225 1067 420 1097 Petroautem
430 1059 519 1105 usque
529 1062 573 1094 ad
581 1059 755 1098 silvestrum
766 1084 777 1098 ,
803 1063 854 1100 qui
877 1055 1101 1105 Constantinum

222 1114 396 1155 baptizavit
406 1135 417 1151 ,
441 1116 634 1153 Imperatores
647 1113 776 1142 Romani
786 1115 872 1141 erant
884 1106 1018 1139 Gentiles
1029 1128 1040 1144 ,
1068 1105 1102 1137 (tt

225 1162 461 1203 christianorum
478 1159 672 1203 persecutores
691 1182 702 1198 ,
727 1159 804 1192 &in
819 1156 932 1198 fundis
954 1166 987 1188 ac
1006 1161 1038 1186 in
1060 1164 1103 1186 re-

225 1215 436 1254 buspauperes
461 1218 549 1244 erant
571 1207 725 1249 Ecclefiae,
751 1211 786 1243 ό·
804 1209 826 1240 ἆ
848 1210 996 1239 timoratis
1015 1202 1102 1236 Chri-

220 1262 332 1304 stianis
344 1286 356 1303 ,
372 1267 425 1304 qui
436 1269 505 1293 tunc
511 1264 602 1301 pauci
612 1266 702 1290 erant
711 1261 812 1290 Roma·
823 1256 856 1289 e·
868 1255 952 1294 alibi,
958 1252 1102 1293 constitue-

227 1313 338 1346 bantur
360 1308 522 1353 Episcopi.
550 1308 709 1349 Postquam
734 1317 831 1340 autem
855 1307 874 1337 ἃ
896 1302 1030 1344 silvestro
1046 1312 1102 1345 per

225 1361 412 1403 Christianos
423 1364 517 1403 Reges
536 1370 571 1391 ac
582 1363 777 1400 Imperatores
787 1357 900 1389 dotatae
914 1380 924 1396 ,
951 1355 1059 1386 ditatae
1069 1354 1102 1386 (⁰5

225 1413 375 1447 exaltatae
381 1408 454 1452 sunt
463 1406 594 1448 Ecclefiae
604 1412 636 1439 in
652 1406 762 1448 fundis
790 1407 825 1439 6·
843 1407 911 1438 aliis
928 1403 1103 1440 mobilibus,

226 1463 357 1506 &jura
368 1464 539 1492 Civitatum
549 1463 581 1490 in
594 1456 744 1489 Tbeloniis
757 1479 768 1494 ‚
795 1458 921 1487 Monens
934 1477 945 1493 ,
969 1452 1081 1486 Villicis
1093 1475 1103 1492 ,

227 1509 429 1546 &scabrum
458 1504 657 1540 comitatibus
668 1528 679 1544 ‚
705 1506 881 1537 advocatas
895 1528 904 1543 ,
915 1500 1103 1541 synodalibus

227 1560 339 1593 bannis
345 1566 402 1600 per
412 1561 507 1601 Reges
525 1556 663 1599 delegata
669 1552 742 1597 sunt
752 1556 782 1585 E
779 1551 910 1595 pisi-opis
922 1575 934 1592 ,
946 1562 1102 1595 congruum

213 1605 517 1650 suit&consequens
533 1629 542 1645 ‚
567 1614 603 1638 ut
613 1608 680 1637 Rex
692 1628 703 1644 ‚
729 1608 868 1645 quirinus
892 1601 930 1642 est
951 1607 983 1634 in
1000 1601 1105 1643 populo

225 1661 264 1693 θ
272 1665 364 1700 caput
367 1657 471 1699 populi
485 1680 495 1695 ,
521 1653 662 1694 investiat
671 1664 707 1686 ac
716 1652 898 1686 inthroniztt
908 1648 1084 1694 Episcopum
1095 1674 1106 1691 ‚

227 1708 263 1742 ὁ·
280 1718 382 1742 contra
405 1711 599 1747 irruptionem
620 1703 748 1743 Hostium
769 1701 842 1745 sciat
867 1725 877 1740 ‚
910 1707 956 1734 cui
982 1705 1105 1735 Civita-

228 1768 291 1792 tem
307 1755 395 1800 suam
418 1756 520 1790 credat
538 1779 548 1795 ,
585 1764 649 1787 cum
665 1755 721 1794 jus
739 1750 825 1795 suum
846 1757 879 1784 in
900 1752 1019 1784 domum
1043 1751 1106 1784 illo-

228 1819 300 1841 rum
319 1804 502 1845 transtulerit
527 1829 534 1836 .
567 1804 683 1848 Regiis
708 1803 742 1836 in
769 1801 925 1836 Ecclefias
946 1801 1107 1836 translatis

230 1855 340 1891 feudis
359 1855 429 1889 vult
438 1853 548 1888 deberi
570 1852 794 1887 investituram
819 1851 996 1896 Episcopi,
1022 1851 1109 1885 ideo-

232 1916 296 1947 que
305 1904 390 1940 hanc
399 1904 507 1939 statim
531 1903 550 1937 a
572 1903 704 1948 Magno
726 1902 948 1937 Constantino
967 1902 1105 1945 caepiffe.

231 1954 308 1989 Effe
318 1962 409 1998 putat
420 1963 547 1987 morem
562 1952 733 1996 Iudaicum
745 1953 764 1987 a
777 1952 1000 1986 Constantino
1011 1953 1110 1985 intro-

230 2004 366 2039 ductum
389 2004 424 2037 in
445 2001 605 2038 Ecclefias
625 2025 634 2036 .
675 2003 769 2036 Hinc
792 2002 944 2046 adjungit
963 2013 972 2034 ε
1014 2001 1111 2043 Longe·

230 2059 324 2089 etiam
333 2061 404 2087 ante
434 2056 590 2087 Decretum
614 2053 743 2086 Adriani
767 2054 884 2094 Papae,
909 2048 1025 2093 ejusque
1043 2053 1111 2084 Suc-

230 2106 386 2148 cefforum‚
412 2105 529 2146 Reges,
555 2107 707 2145 quierant
719 2101 799 2136 ualli
814 2126 824 2142 ,
849 2103 884 2136 ὀ·
907 2103 1038 2142 Majores
1062 2101 1110 2132 do-

232 2165 300 2187 mus
309 2152 498 2194 investituras
510 2150 721 2195 Episcoporum
734 2150 892 2193 fecerunt,
913 2148 1024 2194 scilicet
1049 2153 1109 2182 Da·

232 2202 370 2246 gobertus
381 2226 393 2243 ,
416 2202 575 2246 sigibertus
586 2225 597 2242 ‚
617 2201 809 2236 Theodericus
818 2225 829 2241 ,
843 2201 1006 2234 Hildericus
1017 2224 1028 2240 ,
1040 2202 1111 2241 Pip-

232 2258 324 2294 pinus
328 2253 408 2295 filius
429 2254 541 2296 Beggae
553 2254 573 2291 ,s
587 2253 792 2292 Majordomus
806 2275 817 2292 ‚
841 2250 1038 2284 Theobertus-
1067 2249 1110 2281 Ab

236 2299 284 2333 his
303 2299 499 2334 inthronizati
515 2299 588 2343 sunt
609 2302 765 2334 Remaclus
777 2306 798 2341 ‚¹
814 2300 969 2332 Amandur
982 2323 992 2339 ,
1019 2300 1110 2331 Audo-

237 2361 339 2383 marus
353 2373 364 2389 ‚
390 2354 552 2391 Antpertus
566 2373 576 2388 ,
602 2351 721 2394 Eligius
734 2375 744 2390 ‚
772 2349 949 2383 Lambertus
966 2373 975 2388 ,
1004 2348 1111 2391 aliique

233 2398 402 2443 sanblffmi
439 2397 585 2442 Praesules
611 2424 618 2431 .
660 2399 814 2440 Postquam
850 2408 948 2432 autem
983 2402 1111 2431 Romani

235 2447 428 2492 deftiverunt
437 2449 457 2481 a
468 2452 582 2482 Graecis
595 2450 826 2492 Imperatoribus
841 2473 851 2489 ‚
880 2451 969 2490 Papa
991 2447 1111 2489 stepha-

236 2509 294 2533 nus
305 2497 341 2531 ob
353 2498 566 2540 infestationem
578 2499 837 2541 Langobardorum
848 2504 933 2532 venit
961 2497 1085 2538 Parifios
1100 2523 1110 2538 ‚

237 2547 391 2592 &offensu
415 2552 614 2581 Romanorum
637 2550 671 2582 Θ
693 2552 876 2583 Francorum
893 2555 926 2581 in
947 2551 1056 2593 Regem
1077 2550 1110 2582 ό·

239 2600 447 2639 Imperatorem
469 2603 558 2631 unxit
576 2601 737 2641 Pippinum
758 2623 765 2630 .
792 2598 838 2630 Ibi
861 2599 897 2631 de
921 2597 1113 2638 investiendis

242 2645 396 2690 Epistopis
403 2656 458 2690 per
467 2651 563 2692 Reges
573 2655 730 2691 antiquam
756 2646 990 2691 consuetudinem
1014 2648 1115 2690 confir-

243 2700 340 2727 mavit
352 2720 359 2727 .
385 2697 609 2732 Investituram
619 2698 637 2732 a
650 2698 806 2732 Romano
818 2698 959 2741 Imperio
973 2698 1041 2731 vult
1063 2697 1115 2731 de-

242 2741 389 2786 migtass'e
398 2746 436 2778 ad
450 2746 678 2792 Merovingios
698 2749 898 2781 Francorum
922 2748 1052 2792 RegeS,
1077 2759 1113 2781 ac

242 2801 299 2833 pet
321 2791 521 2835 Stephanum
544 2797 721 2831 secundum
742 2797 938 2832 Pontificem
962 2797 1055 2831 fuisse
1079 2797 1111 2830 in

242 2839 386 2883 PiPPinO
408 2853 446 2875 ac
464 2843 533 2885 ejus
547 2847 680 2888 posteris
704 2848 874 2890 probatam
897 2846 1113 2882 &confirma-

242 2899 309 2924 tam
321 2915 328 2922 .

292 2939 418 2974 Verum
429 2940 573 2976 fabulosa
582 2943 615 2976 δε
627 2945 731 2987 palam
742 2945 818 2981 falsa
830 2947 874 2980 est
889 2957 1023 2988 utraque
1044 2948 1112 2989 opi-

244 2989 302 3023 nio
314 3014 321 3021 .
348 2990 476 3033 Opinio
483 2994 668 3025 communis
681 2996 814 3030 affirmat
827 2998 889 3030 effe
901 2996 1042 3029 Adriani
1055 2998 1112 3038 pri-

243 3039 288 3072 mi
301 3039 503 3084 privilegium
518 3065 528 3080 ‚
552 3041 664 3075 datum
679 3043 798 3077 Carolo
820 3047 965 3090 Magno.
996 3046 1112 3080 Scribit

244 3089 333 3122 enim
343 3089 526 3133 Sigebertus
537 3090 727 3125 Monachus
738 3092 991 3130 Gemblacenfis:
1022 3100 1113 3128 Caro-

245 3140 291 3171 lm
304 3141 426 3171 Rmam
436 3142 527 3173 rediit
537 3163 547 3178 2
572 3143 711 3179 synodum
728 3142 869 3180 constituit
891 3155 956 3176 cum
980 3147 1111 3178 Adriano

245 3190 334 3229 Papa
343 3212 353 3228 ,
366 3187 486 3231 aliisque
495 3199 610 3222 centum
621 3196 838 3234 quinquaginta
846 3192 941 3224 tribus
965 3195 1110 3236 Religiofis

245 3235 401 3280 Episcopis
414 3239 448 3271 Θ
462 3238 623 3272 Abbatibus
635 3265 645 3281 ‚
672 3247 706 3272 in
716 3252 775 3282 qua
786 3242 935 3274 Adrianus
950 3244 1038 3283 Papa
1047 3255 1112 3276 cum

243 3285 408 3330 universali
419 3288 526 3325 synodo
537 3289 619 3321 dedit
624 3292 680 3329 Jus
693 3292 819 3333 eligendi
831 3290 996 3331 Pontificem
1014 3294 1047 3324 (5·
1069 3304 1110 3325 or.

246 3337 372 3370 dinandi
380 3335 568 3379 Apostolicam
579 3340 691 3380 Sedm,
704 3341 879 3383 dignitatem
890 3351 1001 3383 quoque
1013 3343 1112 3375 Patri-

1855 187 1944 233 155

1152 269 1184 293 ut
1199 259 1276 301 nisit?
1288 263 1365 303 Rege
1375 259 1511 293 laudetur
1521 269 1556 291 ac
1564 256 1740 298 investiatur
1751 256 1927 301 Episcopus,
1938 257 1959 289 ἃ
1970 268 2021 291 ne-

1150 315 1228 342 mine
1244 308 1418 351 consecretur
1438 335 1444 341 .
1480 307 1643 350 Omnesque
1666 306 1731 340 huic
1757 311 1878 341 Decreto
1894 307 2020 341 rebelles

1150 357 1448 400 anathematizavit,
1471 361 1506 392 (vt
1516 357 1572 400 nisi
1581 355 1774 400 resipiscerent
1786 381 1797 397 ‚
1822 369 1919 390 eorum
1940 357 2021 391 bona

1148 407 1308 450 publicari.
1336 408 1555 455 Qodipsum
1567 408 1601 442 in
1613 406 1770 466 Sigeberti
1795 407 2022 449 supplemento

1152 458 1301 492 affeverat
1315 459 1479 492 Robertus
1492 457 1602 492 Abbas
1611 457 1794 492 Montenfis
1803 481 1814 497 ,
1838 456 1926 500 ajens
1936 456 2023 491 istud

1155 507 1292 541 Adriani
1314 508 1522 551 privilegium
1552 508 1643 541 fuisse
1665 508 1801 542 unicum
1824 507 1858 541 &
1883 505 2023 551 palmare

1155 558 1290 591 Henrici
1330 557 1436 600 quarti
1463 557 1667 599 Imperatoris
1691 557 1839 592 adversus
1863 556 2026 592 contraria

1155 607 1304 651 Gregorii
1322 606 1447 649 septimi
1467 606 1608 639 Decreta
1630 606 1878 641 fundamentum
1891 632 1898 639 .
1925 605 2026 650 Apud
2048 599 2082 627 Α·
2109 605 2192 625 ΗΠ·

1156 657 1299 690 Mariani
1312 655 1400 690 Scoti
1412 654 1675 689 continuatorem
1689 655 1851 690 Abbatem
1862 654 2029 691 Dodechi-

1156 718 1237 740 num
1249 707 1413 743 Henricus
1425 705 1468 738 V.
1478 704 1657 747 Imperator
1670 705 1860 747 protestatur
1873 707 1936 740 effe
1947 706 2029 740 anti-

1156 755 1342 799 quiffimurn
1355 779 1365 795 ‚
1377 754 1452 788 ante
1464 764 1567 788 annos
1579 755 1834 798 quadringentos
1846 756 1957 789 datum
1967 757 2031 791 Ca-

1157 806 1229 839 rolo
1240 805 1381 849 Magno,
1390 805 1424 838 &
1439 815 1493 847 pet
1509 804 1675 848 sexaginta
1688 813 1751 837 tres
1762 803 1933 839 Romanos
1945 806 2030 840 Pon-

1162 856 1264 889 tifices
1289 854 1521 889 continuatum
1547 854 1754 899 privilegium
1775 878 1786 894 ‚
1813 853 1950 897 ideoque
1977 866 2031 897 per

1159 905 1348 939 paschalem
1380 903 1557 938 secundum
1579 914 1649 938 non
1677 904 1765 948 poffe
1784 903 1920 938 auferri.
1947 904 2033 938 Mat-

1159 955 1260 989 thaeus
1284 953 1466 988 Parifienfis
1501 953 1742 997 aliquantulum
1761 953 1903 988 diffonat
1924 967 1935 987 .·
1961 954 2034 988 mic
2053 943 2087 971 Α·

1159 1007 1248 1040 enim
1262 1005 1429 1039 Henricus
1443 1005 1610 1049 Augustus
1619 1005 1665 1038 ait
1677 1004 1739 1039 esse
1749 1003 1954 1051 privilegium
1977 1014 2036 1038 tre-

1160 1066 1332 1090 centorum
1359 1055 1527 1088 dumtaxat
1553 1066 1717 1089 annorum
1755 1056 1941 1098 usurpatum
1977 1053 2037 1088 sub

1163 1104 1379 1140 Pontificibus
1387 1113 1515 1138 tantum
1528 1105 1709 1149 sexaginta.
1739 1104 1812 1138 Effe
1833 1105 1964 1140 interim
1991 1105 2038 1138 ait

1161 1167 1228 1190 non
1239 1154 1416 1200 gratuitum
1426 1179 1437 1195 ,
1450 1154 1502 1189 sed
1514 1156 1688 1189 onerosum
1702 1154 1910 1199 privilegium
1923 1179 1934 1195 ,
1945 1163 2040 1198 utpo-

2119 942 2207 970 1110.¹

1163 1206 1194 1239 te
1205 1202 1296 1247 quod
1307 1204 1446 1239 Carolus
1457 1205 1542 1246 quasi
1557 1205 1670 1239 emerit
1680 1205 1864 1240 donatione
1883 1204 2039 1248 plurimo·
2057 1210 2090 1238 A.
2121 1216 2163 1237 ω
2172 1216 2203 1244 13

1164 1267 1234 1290 rum
1245 1256 1436 1290 Ducaruum
1449 1278 1460 1293 ,
1471 1254 1761 1288 Marchionatuum
1773 1279 1784 1295 ‚
1794 1254 2041 1294 Comitatuum,

1163 1306 1368 1348 aliorumque
1383 1304 1603 1347 Imperialium
1615 1305 1785 1339 feudorum
1797 1328 1808 1344 ,
1835 1305 1955 1346 quibus
1965 1315 2043 1347 pau-

1164 1366 1253 1398 peres
1274 1353 1536 1388 tuncEcclesns
1557 1353 1683 1388 dotavit
1710 1365 1807 1397 atque
1842 1352 2019 1389 honoravit
2033 1379 2041 1385 .

1165 1404 1255 1439 Idem
1290 1404 1451 1438 affirmant
1475 1402 1669 1447 Radulphus
1688 1403 1730 1438 de
1753 1405 1897 1445 Dicem,
1923 1405 1958 1439 &
1984 1403 2043 1438 alii

1164 1454 1289 1498 antiqui
1316 1453 1421 1496 plures
1437 1476 1444 1483 .
1476 1453 1565 1486 Nam
1585 1455 1619 1486 δε
1638 1454 1815 1487 Gratianus
1839 1453 1975 1488 adducta
1999 1452 2046 1486 Si-

1163 1504 1285 1550 geberti
1299 1501 1415 1542 verba,
1441 1501 1490 1535 uti
1503 1501 1684 1548 legitimam
1705 1501 1900 1545 Synodum,
1926 1504 2047 1538 Decre-

1162 1566 1200 1588 to
1214 1555 1272 1586 suo
1283 1551 1417 1584 inseruit
1427 1575 1438 1591 ‚
1464 1551 1662 1595 subjungens
1672 1552 1706 1585 &
1719 1552 1818 1587 aliam
1830 1553 1953 1589 Leonis
1963 1556 2049 1588 οᾶι·

1164 1603 1198 1637 vi
1222 1601 1420 1641 pontificis,
1447 1599 1532 1635 istud
1554 1601 1658 1645 ipsum
1675 1602 1889 1639 concedentis
1913 1603 2049 1640 Othoni

1167 1654 1273 1697 primo
1294 1650 1505 1698 Imperatori:
1534 1648 1584 1688 Ad
1601 1655 1767 1697 exemplum
1790 1654 1870 1688 beati
1897 1657 2048 1694 Adriani,

1167 1704 1332 1747 Apostolicae
1358 1706 1442 1737 Sedis
1468 1704 1616 1745 Antistius
1643 1728 1655 1744 ‚
1696 1711 1749 1747 qui
1769 1708 1895 1740 Domino
1919 1707 2025 1739 Canio
2038 1729 2050 1746 ‚

1167 1753 1380 1797 vit‘loriofiffimo
1402 1757 1476 1797 Regi
1499 1758 1683 1789 Francorum
1706 1756 1740 1788 (5
1766 1756 2021 1799 Langobardorum
2036 1779 2050 1796 ‚

1170 1808 1349 1838 patriciatus
1378 1804 1559 1848 dignitatem
1585 1816 1620 1838 nc
1643 1805 1858 1839 ordinationem
1885 1806 2050 1849 Apostolicae

1168 1856 1274 1895 sedit,
1305 1855 1339 1888 δ’
1363 1854 1568 1895 investituram
1585 1852 1940 1897 Epiftoporumconceffit
1963 1880 1975 1897 ,
2001 1867 2052 1900 ego

1168 1916 1281 1948 quoque
1294 1907 1353 1938 Leo
1376 1903 1537 1947 Episcopus
1551 1929 1561 1945 ,
1578 1902 1686 1948 servus
1701 1903 1859 1947 servorum
1881 1908 1961 1947 Det,
1987 1917 2052 1939 cum

1169 1963 1228 1987 toto
1252 1954 1338 1988 clero
1350 1955 1384 1987 Θ
1395 1956 1524 1987 Romano
1531 1956 1637 1996 populo
1657 1978 1668 1995 ,
1692 1955 1891 1995 constituimus
1903 1958 1937 1991 ἀν
1948 1956 2048 1998 confir-

1171 2016 1306 2043 mamus,
1332 2005 1511 2038 concedimus
1525 2015 1613 2047 atque
1625 2006 1766 2048 largimur
1791 2008 1917 2040 Domino
1940 2006 2051 2040 Othoni

1172 2058 1245 2098 Regi
1256 2053 1514 2095 Theutonicorum,
1540 2052 1658 2097 ejusque
1679 2055 1876 2098 succefforibus
1888 2056 1977 2097 hujus
1991 2060 2051 2089 Re-

1165 2110 1222 2147 gni
1245 2104 1342 2137 Italiae
1365 2109 1400 2137 in
1418 2113 1615 2148 perpetuum,
1634 2104 1817 2146 facultatem
1835 2105 1960 2149 eligendi
1984 2106 2050 2140 Sue-

1170 2153 1298 2196 ctfforem
1316 2162 1407 2195 atque
1429 2157 1559 2188 Summae
1574 2156 1660 2186 sedis
1678 2154 1844 2195 Apostolicae
1868 2154 2042 2196 Pontificem

1171 2204 1333 2236 ordinandi
1345 2228 1355 2244 ,
1379 2213 1414 2236 ac
1431 2212 1485 2245 per
1496 2202 1547 2250 boc
1559 2201 1788 2246 Archiepifiopos
1797 2201 1821 2247 s
1817 2215 1851 2237 eu
1863 2203 2025 2248 Episcopos
2035 2230 2047 2246 ,

1170 2262 1203 2286 ut
1213 2252 1268 2295 ipfi
1273 2251 1311 2285 ab
1334 2263 1366 2286 eo
1387 2252 1592 2293 investituram
1614 2258 1784 2299 accipiant,
1809 2254 1843 2286 o·
1864 2253 2051 2297 consecratio·

1171 2314 1237 2336 nrm
1262 2303 1340 2336 unde
1364 2302 1470 2336 debent
1491 2327 1502 2343 ‚
1528 2308 1656 2344 exceptis
1676 2302 1723 2335 bis
1742 2328 1753 2343 ‚
1784 2315 1856 2344 quos
1883 2309 2048 2347 Imperator

1174 2352 1364 2394 Pontificibus
1385 2353 1420 2386 (θ’
1447 2351 1671 2394 archiepiscopis
1689 2354 1809 2393 oonceffit
1831 2379 1837 2385 .
1875 2356 1969 2398 Quod
1982 2355 2012 2398 si
2026 2357 2048 2388 ἃ

1174 2403 1261 2436 Clero
1273 2403 1415 2444 &populo
1424 2408 1492 2445 quis
1504 2403 1627 2446 eligatur
1638 2401 1801 2446 Epifiopus
1815 2428 1825 2444 ,
1851 2404 1909 2446 nifi
1915 2406 1935 2437 ἃ
1942 2403 2048 2448 supra·

1176 2452 1252 2486 dicio
1264 2455 1344 2496 Rege
1353 2454 1492 2486 laudetur
1504 2454 1538 2486 <¹2⁹
1549 2452 1721 2492 investiatur
1731 2478 1742 2493 ,
1768 2466 1824 2487 non
1845 2453 2026 2497 consecretur
2036 2480 2046 2489 .

1176 2501 1275 2545 Apud
1289 2501 1504 2535 Guilielmum
1517 2502 1832 2538 Malmesberiensem
1855 2505 1955 2539 etlam
1967 2506 2049 2540 Gre-

1174 2552 1284 2598 gorius
1309 2553 1417 2586 sextus
1437 2551 1593 2586 Pontifex
1617 2553 1652 2586 in
1674 2555 1789 2587 mortis
1811 2555 1894 2588 lecto
1914 2556 2048 2591 concio-

1176 2612 1274 2636 natur
1293 2602 1333 2635 ad
1355 2601 1491 2636 Clerum
1513 2602 1711 2645 &populum
1724 2602 1934 2640 Romanum:
1964 2610 2047 2642 Lau-

1175 2653 1266 2685 datus
1288 2651 1324 2691 est
1356 2652 1423 2684 olim
1450 2653 1656 2693 praedicandae
1677 2659 1823 2688 memoriae
1854 2657 2045 2699 Praedeceffor

1176 2701 1265 2740 noster
1286 2702 1439 2734 Adrianus
1457 2708 1576 2743 primus
1599 2727 1610 2742 ,
1648 2705 1728 2745 quod
1747 2704 1939 2746 Ecclefiarum
1959 2711 2045 2738 inve-

1169 2751 1295 2791 stituras
1321 2753 1425 2783 Carolo
1450 2754 1559 2794 Magno
1580 2754 1737 2794 concesserit
1758 2776 1768 2793 ‚
1817 2760 1862 2788 ita
1887 2763 1920 2788 ut
1944 2756 2045 2789 nullus

1161 2837 1163 2847 Ι
1176 2800 1299 2834 Electus
1311 2799 1523 2843 consecraretur
1543 2801 1582 2833 ab
1602 2801 1744 2844 Episcopo
1755 2828 1765 2843 ‚
1792 2803 1941 2846 nist'prius
1958 2806 1978 2837 ἆ
1989 2807 2046 2839 Re-

1169 2862 1208 2894 ge
1230 2849 1458 2894 insigniretur&
1477 2851 1586 2883 annulo
1607 2853 1640 2884 (τ
1662 2852 1777 2886 baculo.
1805 2857 1920 2887 Contra
1939 2854 2046 2886 lauda-

1160 2899 1224 2937 }tur
1234 2905 1267 2933 in
1279 2899 1363 2939 nostri
1378 2899 1478 2943 saeculi
1500 2901 1688 2943 Pontificibus
1703 2927 1712 2942 ‚
1738 2905 1820 2945 quod
1838 2903 1894 2935 bas
1913 2904 2048 2936 donatio,

1160 2962 1227 2983 nes
1246 2951 1366 2983 tulerint
1389 2951 1597 2990 Principibus.
1628 2954 1750 2986 Poterat
1769 2962 1837 2986 tunc
1856 2952 2046 2986 laudabiliter

1160 2993 1288 3048 {concedi
1302 3023 1312 3039 ‚
1330 3002 1409 3041 quod
1418 3011 1494 3032 nunc
1514 3000 1704 3033 laudabiliter
1716 3002 1800 3034 debet
1821 2998 1953 3043 auferri.
1980 3007 2044 3036 Cur

1160 3049 1235 3081 lita?
1248 3051 1341 3091 ,Quod
1349 3058 1415 3081 erat
1427 3056 1546 3082 animus
1559 3054 1662 3092 Magni
1673 3051 1773 3082 caroli
1783 3050 1929 3094 adversus
1939 3058 2042 3085 avari-

1160 3094 1246 3143 {tiam
1257 3098 1389 3129 invic‘lus
1404 3122 1413 3135 ‚
1441 3105 1492 3138 qui
1505 3098 1581 3130 nihil
1583 3107 1640 3139 per
1658 3105 1826 3132 avaritiam
1849 3100 2016 3143 disponeret
2030 3128 2042 3144 ,

1159 3157 1161 3173 ¹
1167 3146 1224 3191 sed
1229 3149 1324 3188 juxta
1341 3145 1428 3188 sacra
1449 3151 1602 3179 canonum
1620 3147 1698 3188 scita
1721 3149 1881 3192 Reltgiosas
1894 3150 2041 3194 personas

1173 3195 1302 3238 Ecclefiis
1314 3197 1527 3228 introduceret.
1556 3195 1701 3231 Adducit
1713 3199 1745 3231 ὅ(
1756 3195 1833 3233 alias
1853 3201 1993 3235 rationes
2003 3227 2014 3237 .

1223 3247 1261 3279 ln
1275 3246 1395 3280 Leonis
1417 3247 1520 3278 octavi
1546 3246 1686 3279 Decreto
1710 3250 1853 3284 notanda
1877 3252 1950 3285 sunt
1973 3250 2039 3286 haec

1172 3297 1267 3330 verba
1282 3309 1288 3327 ε
1316 3296 1454 3337 Eltgatur
1465 3294 1627 3337 Episcopus
1644 3321 1650 3328 .
1683 3297 1826 3333 Edicunt
1839 3300 2017 3344 Episcopos
2027 3325 2039 3341 ‚

1171 3346 1316 3385 aliosque
1329 3344 1500 3378 Antistites
1513 3345 1680 3380 Canonice
1691 3347 1876 3392 eligendos,
1902 3350 2040 3392 ideoque

245 3391 357 3419 cratus.
372 3385 496 3429 Insuper
509 3386 737 3431 archiepiscopos
749 3392 781 3423 (r
794 3388 1113 3433 Episcoposperfingu-
1157 3392 1374 3438 lnequaquam
1384 3395 1644 3429 nominationem
1656 3421 1666 3436 ,
1694 3398 1745 3430 sed
1770 3398 1870 3433 solam
1895 3398 2040 3442 legitime

245 3436 292 3469 las
305 3438 479 3470 Provincias
491 3436 529 3469 ab
539 3448 570 3470 eo
580 3437 782 3478 investituram
793 3446 917 3482 accipere
927 3440 1113 3483 definivit,&
1157 3431 1344 3480 leled'torum
1380 3444 1599 3479 investituram
1635 3447 1782 3491 Regibus
1819 3448 2006 3483 concedunt
2028 3469 2037 3482 .

345 3490 370 3518 C
373 3485 532 3528 hrist.Lup1·
542 3491 757 3530 Oper.T0m.1V.

1563 3494 1594 3528 V
1648 3507 1671 3533 2
1918 3496 1987 3530 No-

2058 3051 2120 3082 Fol.
2142 3059 2148 3082 2
2182 3074 2189 3081 .
