2352 3736
52 800 191 842 Epist-70·

56 1221 163 1262 Epist&
170 1231 193 1254 ι.

78 2584 193 2615 ἱοὶάζι.

511 159 600 191 DE
669 145 707 191 S.
785 146 1120 194 Luouls

223 229 375 265 triduana
395 227 538 263 Domini
560 227 718 272 sepultura
740 227 856 263 debeat
883 229 914 262 in
948 227 1110 271 baptismo

225 279 439 322 repraesentari
453 303 459 310 .
487 279 700 314 Demonstrat
714 278 779 313 hoc
793 279 878 312 vatia
893 278 1026 312 Patrum
1055 288 1108 311 au·

225 329 372 363 ctoritate·
382 353 393 369 ‚
419 329 572 374 variaque
582 330 709 365 ratione
719 354 730 371 ,
755 329 789 362 &
803 329 909 373 pergit
923 330 956 362 in
968 327 1112 373 sequenti

225 379 382 422 epistola.-
410 383 520 412 Nemo.
531 379 700 413 Catholicae
721 387 824 412 contra
835 378 967 420 Eccltss‘ae
991 379 1114 412 aution-

225 436 338 470 tatem,
366 440 448 462 nemo
454 428 572 472 sobrius
597 440 700 464 contra
726 429 908 462 rationalem
932 426 1116 471 consuetudi-

226 490 294 513 nem
304 503 315 519 ,
341 491 424 513 nemo
430 479 533 522 fidelis
545 490 649 512 contra
655 484 784 521 pietatis
798 479 1028 523 intelligentiam
1055 488 1114 511 cer-

226 538 292 563 tare
302 530 429 562 audeat.
455 532 503 562 Et
524 541 559 562 ne
567 528 772 572 schismaticus
789 534 963 570 inveniatur
974 553 984 569 ‚
1007 530 1041 562 (δ’
1054 539 1112 560 non

227 578 420 619 entheticus,
442 577 584 622 sequatur
593 579 826 620 probatiffimam
846 583 988 612 Romanae
1012 577 1114 609 Eccle-

205 629 274 672 fiae
286 629 488 662 audior-itatem
503 640 509 659 z
538 632 575 660 Ut
586 630 666 662 unde
678 628 841 662 Catholicae
847 630 923 672 fidei
933 632 1024 660 initia
1036 637 1111 658 acce—

225 685 347 722 pimus,
366 679 443 711 inde
451 680 632 720 exemplaria
638 677 749 721 salum
765 678 868 720 nostrae
880 677 902 716 Γ
897 685 996 719 emper
1006 674 1113 708 habea-

229 740 296 763 mus
307 754 314 761 .
338 733 391 762 Ne
400 728 532 763 membra
546 730 565 760 ὰ
575 734 672 771 capite
680 727 855 772 separentur
862 727 915 770 suo
925 751 935 767 ‚
961 737 997 758 ne
1010 727 1119 760 Clavi:

225 790 280 823 ger·
290 783 373 821 regni
381 778 498 818 coelestis
511 777 633 819 abjiciat
648 803 659 818 ‚
685 790 758 820 quos
777 776 870 821 cisuis
891 776 1016 819 deviaffe
1025 781 1056 807 in
1062 777 1112 809 tel-

228 832 296 872 ligii
305 827 448 861 doc‘lrinis
459 852 467 859 .
495 828 660 870 Epistolam
672 830 742 861 vero
764 851 774 866 ‚
800 837 892 868 quam
904 828 923 858 ἃ
936 827 1031 859 Beato
1045 829 1114 858 Gre—

227 884 310 923 gorio
335 879 372 911 de
385 877 491 919 fimpla
509 876 645 918 merfione
656 877 758 909 dicunt
777 876 828 919 effe
839 875 1030 919 conscriptam
1043 900 1053 916 ‚
1082 882 1115 909 in

232 928 378 971 epistolari
395 926 448 969 suo
458 926 552 965 libro,
577 931 629 968 qui
653 926 690 959 de
700 929 793 959 Roma
812 926 895 959 nobs's
924 927 1037 959 allatus
1053 925 1091 966 est
1106 950 1116 965 ‚

232 989 291 1013 uon
300 981 470 1009 invenimus
479 1000 486 1007 .
516 975 601 1008 Alias
612 987 681 1009 vero
691 986 789 1009 omnes
798 974 1013 1018 perspeximus
1039 982 1072 1008 in
1087 987 1117 1010 eo

230 1027 306 1062 libro
318 1050 329 1066 ‚
354 1037 439 1068 quem
464 1026 509 1058 ad
532 1027 763 1059 occidentalium
785 1033 922 1068 partium
956 1024 1094 1066 Ecclefias
1105 1050 1114 1066 ‚

234 1075 394 1118 Pontifices
406 1100 416 1116 ,
443 1077 497 1109 vel
507 1079 602 1119 Reges
612 1074 770 1118 scripserat
780 1101 787 1109 .
814 1076 882 1108 Ideo
894 1076 979 1108 dubii
989 1074 1094 1119 sumus
1106 1099 1117 1116 ‚

233 1139 276 1165 an
287 1127 364 1160 illius
370 1124 411 1167 fit
421 1149 432 1165 ,
442 1138 484 1158 an
494 1121 532 1158 ab
545 1127 644 1167 aliquo
652 1125 741 1168 hujus
755 1126 846 1159 Seeiae
858 1126 972 1163 auc‘lore
983 1124 1039 1168 sub
1051 1128 1116 1167 ejus

234 1182 351 1210 nomine
371 1174 488 1219 scripta
504 1174 540 1217 fit
554 1198 559 1204 -
588 1176 631 1208 Et
659 1176 692 1209 in
721 1175 837 1210 litteris
873 1176 913 1209 ad
942 1175 1117 1209 Paulinum

235 1225 395 1270 Aquilejae
406 1225 625 1259 Patriareham
639 1238 650 1258 .-
677 1230 768 1259 Nunc
782 1231 887 1259 iterum
901 1231 1043 1268 antiquus
1061 1223 1119 1267 scr-

230 1286 309 1320 pens
319 1276 356 1308 de
364 1276 462 1307 dumis
477 1273 631 1318 Hispanici
632 1278 717 1316 juris
729 1300 740 1315 ‚
764 1277 799 1309 (Ὗ
812 1277 848 1308 de
853 1274 1000 1318 speluncis
1034 1286 1118 1309 vene-

234 1335 318 1361 natae
325 1325 461 1368 perfidia
484 1330 640 1359 contritum
652 1348 663 1365 ,
689 1337 747 1359 non
762 1327 903 1360 Herculea
913 1348 924 1365 ,
945 1324 1003 1368 sed
1011 1329 1118 1358 Evan-

231 1377 327 1422 gelica
347 1376 439 1409 clava
452 1401 463 1416 ‚
477 1384 576 1418 -caput
601 1377 735 1409 relevare
760 1385 880 1410 conatur
892 1400 902 1416 ‚
927 1377 962 1410 Θ
970 1375 1120 1418 prioribus

235 1432 378 1470 nequitia
385 1427 495 1468 poculis
508 1436 587 1459 nova
598 1426 812 1459 maledidlionis
824 1432 923 1459 toxica
937 1424 1096 1469 immiscere
1113 1450 1120 1456 .

225 1468 298 1511 ’sed
312 1477 346 1510 Θ
353 1475 562 1520 frigidifflmus
579 1477 680 1519 Aquilo
690 1484 798 1510 ventus
821 1478 879 1509 alio
889 1477 926 1509 de
936 1476 1031 1508 latere
1045 1499 1054 1514 ,
1077 1473 1123 1517 so-

237 1527 331 1560 lidum
342 1524 475 1567 Ecclefiae
484 1527 640 1569 impellens
648 1532 797 1568 parietem
806 1550 817 1565 ,
840 1524 918 1567 sacri
931 1523 1122 1566 baptismatis

237 1576 402 1610 Catholicae
410 1574 628 1619 consuetudinis
639 1576 770 1616 regulam
776 1580 935 1606 immutare
947 1578 1047 1605 nitens
1063 1596 1073 1612 ,
1089 1573 1124 1605 (9

237 1625 295 1670 sub
320 1631 506 1659 invocatIone
526 1623 642 1666 sanilae
667 1626 829 1656 Trinitatis
851 1634 944 1655 unam
968 1622 1124 1665 asserentes

238 1686 301 1708 mer
312 1686 403 1708 sonem
421 1674 489 1715 fieri
503 1673 629 1713 debere,
656 1673 885 1712 triduanamque
897 1670 981 1709 nostri
990 1670 1126 1702 salvato-

239 1731 285 1758 ris
292 1723 479 1766 sepulturam
502 1728 534 1754 in
545 1721 692 1764 baptismo
714 1726 826 1753 imitari
837 1721 1013 1764 negligentes
1026 1743 1036 1759 ,
1062 1729 1126 1751 cum

243 1772 389 1816 Apostolus
401 1773 499 1804 dicas:
529 1770 726 1814 Consepulti
738 1769 814 1804 estis
839 1782 914 1803 cum
930 1766 1062 1803 Christo
1089 1768 1125 1801 in

242 1822 422 1866 baptismo.
449 1822 590 1855 Aluvero
623 1825 735 1854 trinam
746 1822 877 1853 volente]-
895 1819 1000 1861 facere
1020 1815 1128 1858 mes-fio-

240 1883 310 1907 nem
327 1897 338 1913 ,
363 1873 397 1906 &
406 1870 463 1915 sub
478 1882 656 1914 unaquaque
677 1869 808 1911 merfione
828 1874 1042 1903 invocationem
1053 1864 1127 1911 san-

241 1924 300 1956 e‘lae
312 1925 472 1955 Trinitatis
482 1945 493 1961 ‚
521 1932 555 1954 ac
560 1931 616 1962 per
629 1920 679 1953 hoc
692 1929 769 1953 totas
782 1928 843 1954 tres
863 1917 1005 1962 personas
1024 1927 1070 1952 ter
1081 1930 1127 1951 no·

242 1977 360 2005 minare
364 1970 519 2012 studentes
536 1995 547 2011 ,
573 1973 643 2003 dum
653 1969 719 2013 ipsa
732 1975 848 2003 veritas
855 1974 1015 2011 praecipiat
1029 1982 1040 2002 .·
1066 1968 1126 2008 Ite,

239 2024 359 2056 docete
369 2032 486 2054 omnes
499 2031 612 2066 gentes
625 2045 634 2059 ‚
662 2020 861 2063 baptizantes
872 2031 928 2053 eos
942 2020 976 2052 in
992 2018 1128 2054 nomine

242 2070 371 2110 Patris,
396 2070 429 2102 &
451 2070 527 2103 Filii
542 2093 553 2110 ‚
580 2071 614 2104 &
640 2071 777 2113 Spiritus
805 2070 929 2104 Sansti.
957 2070 1047 2112 ,Quid
1057 2076 1129 2110 opus

241 2121 280 2163 est
291 2123 377 2153 tertio
388 2119 529 2162 replicare
540 2144 550 2160 ,
577 2121 655 2162 quod
662 2119 755 2163 semel
762 2119 872 2153 dic'ium
879 2118 987 2162 sufficit
998 2121 1011 2152 ?
1036 2118 1130 2152 Prior

245 2169 399 2215 periodus
420 2181 513 2204 notat
537 2169 578 2204 de
589 2169 712 2204 Christi
726 2170 866 2204 Domini
893 2169 1071 2212 adoptione
1096 2168 1130 2202 δε

246 2221 398 2257 servitute
412 2217 551 2253 haerefim
567 2244 576 2259 ‚
603 2220 769 2255 inductam
795 2221 813 2254 ὲ
835 2220 946 2253 Felice
961 2218 1131 2264 Urgelita-

245 2282 294 2305 no
306 2270 472 2314 Episcopo
483 2294 494 2310 ,
519 2281 556 2303 ac
570 2270 734 2312 Elipando
756 2269 901 2303 Primate
912 2268 1084 2303 Toletano
1096 2293 1105 2301 .

298 2319 400 2369 Quod
425 2321 511 2354 trina
531 2322 690 2354 mersione
715 2329 843 2354 utentes
866 2318 1007 2363 Hispani
1030 2319 1132 2353 sacro-

247 2372 389 2405 sanctam
402 2369 606 2404 Trinitatem
616 2371 715 2405 etiam
727 2370 826 2404 tertio
848 2369 1052 2404 nominarint
1064 2393 1075 2408 ‚
1100 2369 1134 2402 &

248 2421 289 2455 ad
300 2419 442 2465 singulas
453 2420 627 2455 mersiones
645 2421 849 2459 invocarint‚
876 2430 975 2454 nemo
996 2419 1133 2453 affirmat

249 2470 405 2513 antiquus
417 2470 506 2505 testis
521 2495 528 2503 .
542 2469 702 2504 Attamen
715 2469 807 2504 Beati
823 2468 960 2504 Alcuini
973 2469 1069 2504 fidem
1080 2479 1135 2502 no-

249 2521 285 2554 lo
311 2519 467 2555 devocare
495 2521 530 2554 in
554 2520 711 2555 dubium.
739 2521 795 2555 Est
819 2519 860 2553 ab
879 2522 1016 2563 antiquo
1036 2519 1134 2553 etiam

249 2570 410 2604 Romano
421 2568 536 2603 ordine
546 2571 721 2606 damnatus
745 2570 879 2604 abusus:
908 2569 1071 2608 Presbyteri
1087 2567 1138 2601 ba-

251 2626 372 2661 ptizent
382 2617 438 2662 sub
449 2625 531 2652 trina
542 2619 672 2662 mersione
685 2645 696 2661 ‚
718 2620 855 2664 sanblam
868 2622 1051 2653 Trinitatem
1071 2628 1137 2652 tan-

253 2667 416 2710 tiamsemel
425 2674 598 2703 invocantes
611 2695 618 2702 .
649 2671 692 2704 Et
704 2670 773 2713 jure
785 2668 921 2704 merito.
951 2670 1086 2704 Etenim
1097 2668 1137 2702 ad

254 2718 393 2762 primam
407 2717 464 2750 sub
475 2719 533 2751 tali
546 2720 756 2754 invocatione
784 2721 976 2754 mersionem
999 2719 1142 2763 comple·

253 2778 306 2802 tus
316 2768 362 2801 est
381 2766 578 2809 baptismus,
606 2769 746 2814 ideoque
759 2768 897 2804 secunda
911 2769 1140 2803 istiusmodi&

254 2818 351 2852 tertia
365 2816 499 2856 mersio,
513 2816 589 2850 licet
600 2817 794 2861 baptizantis
807 2821 976 2863 personam
987 2820 1020 2854 <Sc
1033 2820 1139 2853 astum

255 2866 472 2911 exprimentia
500 2866 594 2900 verba
615 2867 894 2910 praetermittantur
906 2894 917 2910 ‚
945 2882 1015 2904 non
1041 2868 1140 2914 longe

256 2917 374 2952 absunt
385 2918 403 2951 *a
415 2916 611 2960 rebaptismo
624 2941 631 2948 .
659 2917 794 2951 Etenim
805 2917 898 2951 verba
911 2917 977 2952 haec
1012 2919 1053 2952 ad
1078 2921 1141 2953 for-

256 2979 316 3002 mae
326 2967 494 3002 essentiam
512 2977 581 3001 non
602 2967 723 3010 requiri
747 2968 944 3001 censuerunt
966 2967 1047 3001 olim
1073 2980 1142 3014 gra·

258 3017 379 3052 viffimi
389 3017 552 3051 Dossores
566 3042 572 3049 .
600 3017 644 3050 Et
655 3016 732 3055 iste,
757 3016 779 3049 si
792 3017 925 3058 quidem
940 3028 1020 3051 tunc
1033 3017 1141 3060 fuerit,

261 3065 451 3102 Gothorum
478 3067 596 3101 abusus
619 3067 762 3101 omnino
782 3067 906 3102 suffecit
922 3092 932 3108 ,
958 3077 994 3101 ut
1009 3069 1141 3103 Sanctus

259 3116 409 3151 Leander
435 3118 569 3151 unicam
590 3118 784 3151 mersionem
804 3116 989 3151 induceret.
1017 3117 1140 3152 Verum

260 3165 352 3201 nulla
377 3165 465 3200 illius
486 3167 532 3201 est
554 3177 621 3201 tam
643 3168 767 3202 vetusta
789 3168 947 3201 memoria
975 3192 983 3200 .
1010 3166 1141 3203 Interim

261 3217 382 3250 Beatus
400 3217 499 3251 eriam
523 3216 705 3258 Alcuinus‚
733 3218 813 3251 dum
835 3218 953 3262 Magni
989 3216 1140 3262 Gregorii

260 3265 302 3299 ad
326 3266 422 3299 istum
450 3265 570 3301 litteras
581 3268 718 3302 devocat
745 3268 778 3301 in
793 3267 904 3310 spuriae
916 3268 1143 3310 suppositionis

259 3315 477 3359 suspicionem
492 3340 502 3355 ‚
528 3318 667 3359 graviter
679 3318 826 3352 excedit.
854 3317 939 3361 lpsas
964 3316 1054 3350 enim
1080 3318 1143 3352 lau·

262 3366 339 3403 dat,
368 3377 436 3399 non
461 3365 567 3399 solnm
592 3376 703 3409 quarta
717 3367 882 3402 Toletana
894 3366 1063 3409 Synodus,
1090 3369 1141 3403 sed

262 3416 362 3451 ctiam
390 3416 425 3449 in
453 3415 626 3452 illustrium
640 3417 783 3451 virorum
806 3418 970 3463 catalogo
997 3418 1144 3453 oculatus

365 3465 471 3506 Christ.
487 3469 565 3508 Lupi
574 3471 661 3508 Oper.
673 3469 803 3500 Tom.1V.

1189 143 1422 192 Nou!
1492 147 1789 193 A-crxs.
1872 145 1966 208 '395

1176 228 1312 270 ipsarum
1335 228 1425 262 testis
1446 228 1580 262 Sanstus
1590 228 1748 263 Isidorus:
1775 232 1930 274 Gregorius
1959 233 2045 273 Papa

1168 276 1283 320 firipfit
1294 276 1440 321 quasdam
1454 278 1588 320 epistolas
1598 280 1643 312 ad
1652 280 1824 313 Leandrum
1845 279 2023 323 Episcopum
2035 305 2046 321 ,

1174 328 1190 360 ἑ
1202 328 1307 368 quibus
1317 340 1377 361 una
1388 330 1528 371 eloquitur
1549 329 1586 361 de
1609 327 1743 371 merfione
1763 328 1950 373 baptismatis
1963 351 1982 364 .-
2000 331 2048 366 Et

1175 377 1307 411 adducit
1332 378 1424 421 ipsius
1445 379 1595 422 capitalia
1624 377 1737 413 verba.
1764 378 1860 412 Plura
1885 379 2047 423 ejusdem,

1176 438 1271 470 quem
1282 428 1583 463 excellentissimum
1598 430 1776 463 Doctorem
1792 438 1886 463 vocat
1899 454 1909 468 ‚
1936 430 2050 465 Ponti⁴

1175 478 1243 511 ficis
1277 479 1390 522 scripta
1417 479 1526 512 laudat
1552 479 1586 511 in
1611 480 1670 513 suo
1687 480 1786 514 etiam
1800 477 1964 523 Catalogo
1976 481 2052 514 San-

1174 529 1239 561 &us
1250 527 1495 570 Hildephonsus
1508 528 1694 563 Toletanus
1710 528 1981 572 Archiepiscopus
1995 554 2005 569 ‚
2017 530 2051 564 δε

1175 578 1263 611 addit
1280 592 1289 611 :
1316 580 1461 619 Exceptis
1471 576 1611 621 opusculis
1626 602 1634 620 ,
1663 581 1700 612 dc
1711 579 1816 621 quibus
1827 576 1949 620 ffldorus
1975 591 2054 611 men-

1176 627 1380 668 tionemfacit.
1414 628 1459 661 Et
1483 629 1515 661 in
1530 627 1692 670 publicata
1712 639 1767 672 per
1782 629 1908 663 Lucam
1922 629 2054 663 Dache·

1176 679 1259 711 rium
1271 677 1406 720 epistola
1421 675 1461 709 ad
1478 677 1584 720 ipsum
1594 677 1760 721 Magnum
1773 678 1971 723 Gregorium
1983 679 2056 712 scri-

1176 726 1225 760 bit
1247 726 1513 769 supralaudatus
1535 724 1746 770 Carthaginis
1767 728 1945 772 Episcopus
1958 728 2055 762 Luci-

1176 776 1293 810 nianus
1308 788 1316 808 :
1342 774 1477 817 Scripfisti
1492 776 1632 808 Leandro
1644 774 1788 819 Episcopo
1798 778 1835 808 de
1847 783 1930 809 trina
1941 779 2057 810 sinilia-

1178 826 1233 860 ne'.
1261 825 1429 872 roirca
1444 825 1484 859 de
1496 826 1652 870 legitimis
1674 827 1764 860 istius
1786 826 1929 868 epistolae
1946 827 2059 859 natali·

1178 876 1238 910 bus
1262 887 1328 911 non
1355 875 1401 909 est
1422 873 1661 911 dubitandum.
1691 875 1923 910 Nihilominus
1938 877 2057 909 trinam

1178 926 1369 960 mersionem
1392 926 1546 969 profiteor
1572 927 1633 960 effe
1653 926 1844 960 Institutum
1870 938 1909 960 ac
1930 926 2059 960 manda-

1179 987 1250 1010 tum
1264 975 1515 1019 Apostolicum.
1547 974 1648 1010 Addo
1658 977 1755 1010 etiam
1772 975 1978 1020 Apostolicas
2000 976 2060 1009 Le-

1179 1037 1236 1071 ges
1247 1027 1335 1070 poffe
1346 1025 1387 1059 ab
1400 1025 1541 1060 Ecclesia
1550 1037 1618 1060 non
1630 1026 1735 1063 solum
1746 1024 1921 1069 dispensari
1934 1037 1974 1059 ex
1988 1037 2060 1060 cau-

1179 1077 1234 1115 sis,
1258 1075 1311 1109 sed
1334 1075 1433 1110 etiam
1461 1075 1511 1110 vel
1536 1076 1570 1109 in
1593 1084 1701 1110 totum
1729 1076 1778 1111 vel
1792 1087 1849 1120 pro
1868 1087 1957 1119 parte
1969 1075 2058 1109 abro-

1180 1126 1267 1171 gari.
1293 1125 1428 1160 Etenim
1440 1125 1648 1169 Apostolicus
1663 1137 1770 1160 canon
1783 1124 1915 1161 mandat
1927 1137 2061 1160 omnem

1183 1175 1373 1211 Sacerdotio
1400 1185 1458 1210 aut
1468 1175 1667 1211 Diaconatui
1679 1176 1802 1219 applica
1809 1177 1910 1210 ndum
1925 1178 1986 1210 effe
1998 1177 2063 1209 fine

1183 1226 1338 1266 crimine,
1365 1227 1418 1260 seu
1444 1227 1509 1260 sine
1522 1236 1659 1261 externo
1682 1227 1813 1261 mortali
1826 1236 1977 1270 peccato.
2006 1225 2064 1258 Ri-

1183 1287 1242 1320 gor
1253 1275 1308 1310 hic
1324 1276 1410 1320 apud
1422 1287 1555 1310 omnem
1572 1275 1630 1311 sub
1643 1277 1727 1311 coelo
1743 1276 1921 1310 Ecclesiam
1942 1276 1986 1310 est
2000 1275 2065 1318 jam

1185 1326 1309 1370 pridem
1333 1325 1590 1361 circumcinetus.
1619 1326 1830 1370 Apostolicus
1855 1337 1962 1360 canon
1976 1336 2069 1359 man-

1185 1377 1241 1411 dat
1255 1376 1454 1421 Episcopum
1468 1388 1579 1412 coram
1592 1376 1691 1411 Clero
1719 1377 1753 1411 δι
1778 1377 1900 1420 populo
1921 1375 2000 1420 eligi
2026 1374 2069 1407 ab

1186 1426 1356 1470 Episcopis
1373 1440 1380 1459 :
1408 1428 1530 1461 Omnis
1541 1426 1600 1461 sub
1612 1427 1695 1461 coelo
1710 1427 1851 1460 Ecclesia
1865 1425 1928 1468 jam
1941 1425 2068 1459 dudum

1187 1476 1279 1510 aliter
1289 1476 1382 1520 eligit
1392 1499 1399 1509 .
1427 1475 1639 1520 Apostolicus
1651 1475 1771 1510 Canon
1787 1487 1887 1509 omne
1900 1475 2070 1517 Illyricum

1189 1525 1347 1558 Romano
1361 1549 1371 1564 ‚
1394 1537 1532 1559 omnem
1545 1527 1718 1560 Orientem
1730 1526 1864 1568 subjecit
1890 1522 2074 1558 Antioche-

1190 1585 1235 1607 no
1259 1573 1452 1607 Patriarchae
1473 1587 1480 1606 :
1507 1573 1674 1608 Posterior
1698 1575 1836 1608 Ecclesia
1865 1573 1934 1607 haec
1960 1573 2074 1606 omnia

1190 1624 1349 1656 mutavit.
1376 1623 1475 1656 Plura
1499 1624 1576 1657 sunt
1596 1623 1778 1658 istiusmodi
1789 1624 1957 1667 exempla.
1983 1622 2074 1656 Nam

1189 1672 1223 1705 &
1243 1671 1634 1714 Constantinopolitanus
1662 1672 1903 1706 Patriarchatus
1915 1681 2075 1716 repugnat

1193 1720 1397 1765 Apostolicis
1410 1720 1622 1755 Canonibus.
1650 1721 1745 1756 Hinc
1758 1733 1838 1767 ergo
1864 1722 2006 1756 Ecclesia
2030 1731 2078 1755 et·

1191 1770 1256 1806 iam
1269 1771 1388 1804 trinam
1401 1771 1592 1805 mersionem
1612 1772 1720 1815 potuit
1733 1783 1856 1806 mutare
1870 1772 1901 1805 in
1919 1773 2052 1806 unicam
2067 1795 2075 1803 .

1192 1820 1351 1855 Attamen
1376 1820 1439 1857 hoc
1462 1820 1579 1855 fastum
1602 1821 1647 1855 est
1670 1832 1730 1865 pro
1756 1822 1823 1856 sola
1848 1821 2009 1865 Hispania
2035 1831 2077 1854 ex

1190 1871 1283 1905 dictis
1295 1870 1477 1905 rationibus
1490 1896 1497 1902 .

1240 1921 1294 1954 De
1308 1932 1372 1963 qua
1394 1920 1537 1964 relonge
1549 1921 1666 1954 melius
1690 1922 1726 1955 ἅτ
1748 1923 1957 1966 temperatius
1972 1922 2080 1965 loqui-

1191 1981 1243 2005 tur
1253 1969 1453 2004 Walafridus
1468 1970 1600 2004 Strabo.
1628 1970 1747 2015 Magni
1771 1972 1925 2015 Gregorii
1950 1972 2079 2006 litteras

1191 2021 1340 2065 agnoscit
1350 2020 1412 2054 effe
1425 2021 1589 2065 legitimas
1602 2045 1611 2060 ‚
1636 2022 1723 2054 fastae
1737 2022 1932 2055 mutationis
1942 2020 2079 2056 adducit

1193 2071 1334 2104 rationes
1347 2094 1358 2110 ,
1385 2070 1418 2103 &
1431 2071 1557 2115 pergit:
1587 2071 1831 2115 ,Quaefingularis
1852 2071 1949 2113 mersio
1975 2084 2082 2114 quam-

1192 2126 1242 2154 vis
1254 2129 1326 2152 tunc
1333 2126 1378 2153 ita
1389 2119 1538 2162 Hispanis
1552 2122 1724 2162 complacuit
1736 2147 1745 2162 ‚
1771 2122 1935 2155 dicentibus
1963 2129 2077 2155 trinam

1193 2169 1356 2210 mersionem
1382 2171 1443 2202 ideo
1469 2173 1632 2203 vitandam
1649 2196 1659 2211 ‚
1692 2177 1762 2213 quia
1789 2177 1930 2205 Haeretici
1954 2175 2078 2213 quidam

1193 2221 1337 2260 diffimiles
1364 2224 1397 2257 in
1419 2223 1569 2253 Trinitate
1585 2219 1768 2264 substantias
1797 2225 1999 2266 dogmatizare
2019 2222 2079 2264 fint

1194 2269 1256 2311 aust
1264 2295 1273 2310 ‚
1302 2279 1403 2303 tamen
1429 2276 1572 2312 antiquus
1598 2270 1841 2314 ususpraevaluit
1856 2297 1866 2312 ,
1891 2274 2008 2305 &ratio
2029 2271 2080 2315 su-

1190 2319 1351 2363 pradic‘la.
1383 2319 1513 2363 Utique
1537 2322 1733 2364 significatio
1756 2322 1911 2357 triduanae
1924 2323 2081 2355 Domini·

1194 2382 1237 2405 cae
1252 2371 1434 2414 sepulturae.
1461 2373 1583 2404 sienim
1609 2378 1707 2404 omnia
1724 2371 1882 2415 deserimus
1895 2398 1905 2412 ,
1931 2385 1998 2414 quae
2012 2376 2081 2404 ΗΑ·-

1194 2426 1278 2454 retici
1298 2419 1426 2462 insuam
1447 2420 1667 2462 perverfitatem
1686 2431 1866 2463 traxerunt,
1895 2423 1974 2455 nihil
1994 2423 2078 2455 nobis

1195 2470 1332 2511 restabit.-
1361 2474 1437 2502 Cum
1453 2472 1496 2503 illi
1511 2477 1542 2503 in
1553 2470 1614 2514 ipso
1634 2477 1695 2505 Deo
1711 2482 1844 2506 errantes
1856 2497 1865 2513 ,
1892 2478 1991 2504 omnia
2017 2483 2083 2514 quae

1195 2522 1241 2553 ad
1247 2522 1312 2560 eJ’us
1324 2521 1435 2552 cultum
1456 2528 1603 2561 pertinere
1614 2521 1681 2563 visa
1689 2520 1759 2564 sunt
1768 2521 1834 2565 suis
1848 2522 1992 2555 erroribus
2002 2521 2087 2562 quasi

1191 2575 1319 2612 propria
1345 2571 1529 2610 applicarint
1555 2596 1561 2603 .
1602 2572 1802 2606 Walafridus
1829 2573 1970 2615 sequitur
1997 2571 2082 2605 hanc

1197 2620 1305 2654 Sanffl
1324 2618 1502 2664 Augustini
1518 2623 1550 2654 in
1566 2620 1656 2654 libris
1674 2620 1714 2654 de
1731 2623 1878 2655 sermone
1892 2622 2030 2655 Domini
2046 2622 2080 2653 in

1198 2678 1311 2703 monte
1326 2671 1468 2713 regulam
1482 2682 1488 2701 ε
1514 2674 1596 2704 Oves
1607 2683 1665 2702 non
1685 2672 1792 2704 debent
1799 2673 1892 2712 pelles
1913 2669 1983 2712 suas
1995 2672 2082 2711 depo-

1198 2730 1267 2752 nere
1285 2743 1294 2757 ,
1313 2716 1345 2760 fi
1352 2720 1513 2760 aliquando
1525 2725 1566 2752 eis
1578 2722 1641 2761 lupi
1648 2719 1681 2762 se
1693 2729 1848 2763 contegant
1860 2746 1866 2752 .
1896 2720 2006 2753 Etiam
2020 2721 2083 2753 Or-

1197 2767 1379 2803 thodoxum
1404 2770 1524 2809 ritum,
1552 2768 1626 2803 licet
1648 2771 1694 2802 illi
1707 2771 1798 2804 suum
1823 2770 1907 2803 virus
1920 2769 2081 2803 subintru-

1198 2819 1300 2852 fiffent
1313 2818 1447 2859 Ariani,
1474 2820 1583 2853 censet
1593 2819 1634 2853 ab
1647 2820 1801 2863 Hispanis
1819 2831 1885 2853 non
1909 2821 2003 2854 fuisse
2027 2820 2082 2853 de-

1200 2868 1370 2903 serendum
1383 2892 1391 2900 .
1418 2869 1524 2903 Addit
1540 2870 1645 2912 ipsum
1669 2869 1710 2903 ab
1725 2870 1790 2904 illis
1802 2870 1866 2912 jam
1889 2871 1952 2903 esse
1964 2871 2081 2903 resum-

1200 2930 1290 2963 ptum
1311 2943 1317 2951 .
1342 2919 1507 2953 Alcuinus
1528 2920 1615 2953 enim
1640 2920 1772 2954 Flaccus
1785 2920 1948 2962 Hispanos
1973 2920 2080 2964 arguit

1199 2970 1239 3003 de
1250 2978 1392 3013 quatuor
1414 2969 1588 3005 excessibus
1603 2983 1610 3002 ;
1639 2971 1690 3004 De
1702 2971 1865 3004 Feliciana
1877 2968 1990 3003 -haerefi
2003 2993 2014 3009 ,
2039 2969 2080 3003 de

1201 3017 1414 3053 Eucharistici
1439 3021 1530 3061 panis
1553 3021 1614 3053 sale
1642 3030 1698 3053 aut
1725 3020 1908 3058 fermento,
1933 3018 1974 3052 de
1994 3019 2078 3052 facto

1201 3069 1239 3103 ad
1254 3068 1663 3112 constantinopolitanum
1677 3068 1865 3113 symbolum
1879 3068 2078 3103 additamen-

1201 3130 1236 3153 to
1248 3143 1258 3159 ‚
1285 3130 1322 3151 ac
1335 3119 1375 3152 de
1390 3119 1485 3152 unica
1500 3119 1655 3152 mersione
1667 3144 1674 3151 .
1702 3120 1745 3153 Et
1758 3118 1846 3163 quod
1857 3120 1916 3153 tria
1944 3116 2009 3152 haec
2024 3130 2077 3161 po-

1201 3169 1330 3202 steriora
1343 3169 1443 3202 solius
1454 3168 1630 3211 disciplina:
1643 3170 1721 3203 vitia
1735 3170 1786 3203 isti
1808 3169 1911 3203 haerefi
1925 3169 2077 3212 adjunge-

1201 3227 1307 3252 rentur
1319 3243 1329 3259 ,
1355 3221 1467 3252 omnia
1480 3228 1618 3261 quatuor
1629 3220 1801 3262 appellavit
1816 3218 1973 3253 haerefim.
2002 3220 2076 3251 Hae-

1201 3268 1289 3303 refim
1306 3267 1400 3310 plene
1411 3270 1569 3304 exstinxit
1582 3269 1876 3304 Francofordienfis
1903 3267 2053 3311 Synodus
2065 3290 2074 3298 .

1201 3319 1287 3352 Nam
1305 3317 1467 3361 quidquid
1495 3318 1531 3351 fit
1558 3319 1598 3352 de
1612 3321 1791 3364 stequenter
1812 3319 1933 3361 relapso
1943 3316 2051 3349 Felice
2064 3339 2075 3354 ‚

1199 3367 1282 3402 certe
1292 3367 1471 3411 Elipandus
1480 3367 1753 3412 Archiepiscopus
1762 3369 1856 3403 rediit
1868 3368 1905 3399 ad
1917 3368 2075 3408 integram

1202 3419 1427 3462 poenitentiam
1453 3419 1486 3452 ὅ(
1513 3419 1682 3453 sanitatem
1709 3444 1716 3451 .
1745 3415 1958 3453 Eucharistici
1982 3416 2075 3455 panis

1505 3468 1539 3501 D
1565 3468 1587 3502 d
1613 3469 1634 3502 d
1685 3479 1708 3506 2
1931 3464 2028 3498 salem

2101 2060 2172 2098 Cap.
2188 2064 2237 2090 26.
