2352 3736
699 165 740 209 S.
814 165 1145 210 Ltonls

263 262 359 297 tegtae
368 251 460 286 famae
475 274 485 290 ,
511 250 545 284 &
557 247 598 284 de
606 250 675 294 ejus
686 250 767 283 recia
780 247 844 283 fide
857 259 926 286 non
942 245 1147 281 dubitatum?

262 302 336 336 Nec
347 302 437 335 enim
460 299 679 336 orthodoxus
689 300 846 343 Princeps
867 297 1069 332 Haereticum
1092 303 1149 329 aut

262 350 515 386 Schismaticum
536 376 547 392 ‚
585 352 635 385 vel
658 351 700 385 de
722 349 817 385 simili
842 349 929 391 lepra
951 346 1150 391 suspestum,

263 401 370 446 Regia
396 402 472 442 sua,
499 412 569 444 quaes
590 399 724 446 vigebat
746 397 1062 441 Constantinopoli,
1096 407 1152 430 no·

262 452 447 487 minatione
457 452 638 486 exaltasset.
669 451 732 484 Per
757 449 869 483 decem
891 459 997 482 annos
1021 446 1076 480 ille
1099 457 1153 480 oc-

261 502 398 537 cultavit
414 502 581 546 p‘effimam
596 511 742 535 mentem
757 511 764 532 z
793 498 866 532 Nec
880 497 938 532 nifi
952 497 1152 540 quinquage-

262 553 344 587 fimo
355 552 453 587 tertio
464 552 556 586 istius
566 550 667 587 saeculi
682 560 770 584 anno
795 548 892 592 coepit
907 549 943 582 in
962 548 1152 585 Romanam

262 613 301 636 ac
311 613 447 637 omnem
459 601 614 636 Latinam
637 599 812 633 Ecclesiam
828 598 968 632 insanire
984 622 991 629 .
1018 594 1151 630 Etenim

263 653 327 686 isto
353 653 423 695 ipso
443 662 534 686 anno
555 649 596 684 ad
618 648 752 683 Petrum
775 647 1013 683 Orthodoxum
1034 643 1152 679 Antio-

262 701 348 736 chiae
357 698 581 735 patriarcham
591 699 749 744 rescripsit
770 699 904 733 Sanctus
927 698 998 732 Leo
1021 706 1130 729 nonus
1148 707 1155 727 ε

264 753 358 785 Porri
383 751 463 793 quod
485 751 507 783 ἃ
535 749 618 783 nobis
641 749 744 793 causas
783 747 934 789 divifionis
973 743 1153 788 universalis

262 799 398 842 Ecclefiae
424 801 630 843 compatiendo
655 804 783 842 requiris
798 822 811 839 ‚
831 797 970 839 fatemur
990 805 1053 829 tuae
1087 796 1154 829 reli-

250 849 350 896 *giosae
359 851 554 884 sollicitudini
580 862 631 883 nos
657 849 778 889 adbuc,
806 850 932 880 Domino
969 845 1130 890 miserante
1144 870 1155 886 ‚

258 900 418 944 firmiffime
443 906 566 934 retinere
593 899 745 932 vinculum
766 895 885 940 santiae
913 901 1049 933 Unitatis
1062 920 1072 936 ‚
1107 907 1156 930 nec

260 952 404 984 videmus
432 961 484 983 nos
510 948 618 982 alicubi
644 949 794 993 incurriffi’
821 949 967 982 damnum
987 946 1158 991 Schismatis

262 1011 335 1042 quos
363 1005 521 1043 integritas
546 1000 707 1033 concordiae
733 1024 745 1039 ,
782 999 817 1032 &t
838 999 991 1041 plenitudo
1020 996 1161 1039 Ecclefia-‘

255 1048 339 1091 sticae
364 1047 532 1092 disciplinae
553 1048 749 1091 indesinenter
770 1053 863 1091 regit.
891 1048 979 1089 Isto,
1006 1048 1157 1092 inquam,

259 1110 355 1134 anno
381 1110 554 1143 promotus
580 1100 615 1132 in
643 1098 866 1133 Patriarcham
895 1098 1011 1133 Petrus
1045 1099 1157 1132 conse-

261 1151 449 1184 crationem
477 1151 567 1183 suam
593 1160 635 1183 ex
662 1149 747 1184 avita
776 1149 1016 1182 consuetudine
1042 1148 1159 1182 retule-

241 1205 314 1234 'rat
341 1199 382 1233 ad
410 1199 527 1234 Sedem
553 1197 807 1242 Apostolicam,
833 1199 964 1241 ejusque
1001 1198 1157 1242 supplica-

261 1259 356 1285 verat
381 1251 671 1284 confirmationem
699 1274 706 1280 .
747 1248 822 1282 Hac
857 1249 1028 1282 occasione
1055 1249 1157 1283 etiam

264 1309 436 1343 rogaverat
448 1298 648 1333 Pontificem
659 1324 670 1341 ‚
691 1310 733 1334 an
746 1299 883 1334 novello
909 1298 986 1333 huic
999 1296 1158 1332 Schisma-

264 1349 293 1383 ti
307 1349 463 1384 Romana
484 1350 626 1384 Ecclesia
649 1348 786 1383 dedisset
806 1349 932 1391 aliquid
957 1349 1155 1384 occafionis.

266 1397 374 1433 Periit
384 1409 440 1433 aut
454 1400 531 1433 latet
543 1400 633 1434 Petri
645 1399 795 1444 Epistola
805 1423 813 1430 .
843 1399 982 1435 Interim
998 1410 1067 1434 tota
1079 1400 1157 1433 San—

265 1449 310 1485 eii
321 1449 445 1483 Leonis
457 1449 639 1493 Responsio
650 1450 772 1484 clamat
782 1447 930 1483 Schisma
954 1460 1034 1482 tunc
1066 1448 1157 1482 fuiffe

265 1500 455 1534 novellum.
485 1498 601 1533 Exstat
611 1498 753 1541 ejusdem
775 1498 864 1532 Petri
889 1499 930 1533 ad
953 1497 1154 1533 Michaelem

266 1548 476 1583 cerularium
496 1547 562 1584 haec
584 1548 730 1591 Epistola
756 1561 763 1580 :
791 1549 948 1582 Praetereci
967 1546 1030 1590 ipse
1048 1558 1158 1589 quoque

263 1597 332 1642 sum
358 1598 437 1639 testis
462 1598 702 1641 irrefragabilis,
742 1598 778 1631 ό*
810 1597 864 1629 alii
890 1608 1002 1630 mecum
1023 1598 1157 1639 plerique

264 1657 305 1680 ex
328 1647 534 1689 Ecclefiasticis
556 1646 744 1681 Primatibus
759 1671 770 1687 ,
792 1645 848 1690 fi‘b
867 1648 1034 1687 Beatiffimo
1057 1648 1155 1679 Patri*

263 1696 359 1730 archa
383 1697 558 1731 Antiocheno
590 1695 713 1731 Domino
741 1699 770 1740 J
776 1707 871 1731 oanne
901 1696 1073 1738 Pontificem
1104 1699 1159 1727 Ro-

267 1758 391 1781 manum
410 1771 421 1788 ‚
449 1751 607 1792 Joannem
629 1749 664 1781 (9¹
689 1746 787 1790 ipsum
807 1754 1031 1787 nuncupatum,
1057 1751 1089 1778 in
1109 1742 1159 1787 sa-

266 1802 328 1830 cris
350 1797 493 1839 dyptichis
516 1801 731 1830 commemorari
754 1821 760 1828 .
797 1799 842 1829 Et
865 1804 938 1829 ante
957 1796 1159 1838 quadraginta

267 1848 305 1881 6·
325 1852 452 1889 quinque
473 1847 755 1888 Constantinopolim
787 1846 938 1888 appellens
970 1843 1023 1888 sub
1050 1847 1158 1878 Beatae

250 1911 252 1914 ’
265 1902 416 1930 memoriae
430 1896 612 1930 patriarcha
625 1899 723 1940 Sergio
729 1898 802 1937 jam
814 1894 928 1928 diatim
939 1898 1057 1937 Papam
1080 1901 1160 1927 inter

261 1944 354 1990 [acra
365 1947 517 1989 Msffarum
522 1945 667 1990 solemnia
677 1958 742 1981 cum
754 1947 823 1978 aliis
838 1946 1027 1978 Patriarcbis
1039 1956 1160 1978 comme-

265 2001 379 2030 morari
389 1997 515 2030 audivi.
544 1998 697 2039 ,Quomodo
720 1998 792 2029 vero
811 1995 909 2037 posted
934 1994 1064 2038 ejusdem
1087 2006 1158 2028 com-

265 2050 437 2081 memoratio
440 2045 635 2088 fueriterasa
646 2071 656 2087 ,
678 2047 810 2088 &quam
821 2045 854 2078 ob
863 2043 980 2088 causam
992 2069 1003 2085 ‚
1031 2051 1130 2088 ignoro
1150 2069 1156 2076 .

265 2095 399 2139 Nempe
421 2093 568 2129 Michael
591 2096 727 2130 Petrum
750 2094 792 2130 ad
816 2093 1006 2129 Schismatis
1025 2096 1159 2128 societa-

268 2156 336 2180 tem
364 2146 398 2178 &
435 2145 617 2179 radendum
652 2145 749 2189 Papae
785 2156 909 2179 nomen
948 2144 1159 2183 sollicitam,

267 2206 307 2229 ac
318 2194 482 2238 respondit
495 2195 609 2230 Petrus
623 2195 770 2231 novellas
781 2193 912 2229 effehas
939 2195 1032 2234 lites,
1060 2194 1094 2228 &
1114 2194 1157 2228 le-

268 2245 422 2289 gitimam
445 2245 520 2289 ipfis
542 2245 645 2280 deesse
665 2247 794 2280 causam
807 2270 817 2285 ‚
844 2253 899 2279 aut
914 2245 986 2278 sane
1001 2244 1113 2278 hanc&
1128 2246 1158 2277 se

267 2294 431 2340 ignorari.
457 2296 513 2328 An
526 2293 856 2337 Michaelfitprimus
880 2293 974 2338 hujus
999 2293 1157 2328 Schisma-

268 2345 313 2379 tis
325 2343 452 2378 Auctor
463 2369 473 2384 ,
504 2344 596 2389 supra
607 2345 653 2379 est
666 2345 864 2388 disputatum
882 2370 888 2377 .
917 2343 1093 2392 Qidquid
1108 2345 1159 2384 fit,

269 2395 376 2437 ipsum
390 2394 472 2429 recte
482 2405 519 2429 ac
529 2394 641 2439 paffim
653 2404 787 2430 vocatur
813 2393 958 2430 Schisma
982 2393 1159 2429 Michaelis

262 2444 452 2479 Cerularii.
926 2459 930 2466 ·

317 2494 431 2542 Qam
446 2494 603 2537 perduelli
616 2494 648 2528 in
662 2497 736 2530 suos
748 2493 934 2539 Superiores
956 2495 1071 2539 spiritu
1094 2495 1158 2529 fue·

262 2543 311 2578 ‘rit
322 2542 494 2585 Michael,
520 2545 722 2581 demonstrat
733 2545 800 2589 ejus
810 2557 880 2580 non
904 2545 1012 2579 solum
1034 2545 1070 2579 in
1092 2545 1159 2578 Mi-

265 2591 414 2629 chaelem
427 2592 674 2639 Paphlagonem
689 2621 699 2636 ,
725 2595 780 2630 sed
792 2596 892 2631 etiam
916 2596 949 2628 in
974 2596 1153 2639 Imperato-

266 2651 339 2676 rem
359 2643 560 2679 Michaelem
584 2645 808 2680 Stratioticum
842 2644 977 2680 rebellio
1003 2671 1009 2678 .
1055 2643 1156 2693 Quod

269 2701 347 2726 cum
364 2693 430 2726 suis
440 2695 591 2738 cognatis
614 2696 649 2729 δι
673 2694 859 2730 Theodoro
880 2693 1065 2730 Patri-archa
1090 2695 1158 2728 An-

269 2738 433 2775 tiocheno
458 2743 561 2786 ipsum
584 2743 698 2779 dolose
721 2746 862 2788 Imperio
883 2745 1012 2788 ejecerit
1040 2770 1051 2786 ,
1088 2756 1156 2779 om-

268 2802 350 2824 nem
362 2790 692 2836 Constantinopolim
702 2795 883 2840 impleverit
897 2795 1037 2830 caedibus
1057 2796 1092 2830 δε
1115 2806 1159 2829 ra·

268 2840 382 2884 pinis,
406 2852 444 2874 ac
457 2841 614 2876 isaacium
624 2843 1014 2880 Comnenumintruserit
1040 2845 1074 2879 in
1098 2846 1157 2879 Im·

265 2890 398 2934 perium
412 2913 422 2930 ,
446 2890 593 2933 pluribus
615 2892 758 2928 ostendit
778 2894 944 2938 Georgius
969 2894 1156 2930 Cedrenus.

266 2939 319 2975 Et
329 2940 371 2975 de
383 2939 473 2974 istius
490 2940 603 2974 Isaacii
631 2941 773 2985 Imperio
790 2946 896 2988 pergit
918 2945 1057 2987 joannes
1080 2948 1153 2988 Scy-

270 2989 351 3025 litza
372 3002 380 3021 ε
422 2990 601 3024 patriarcha
630 2992 800 3032 inexplebili
835 2995 1039 3027 benevolentia
1051 2995 1156 3036 fretus

271 3043 488 3081 Iinperatoris,
513 3051 616 3074 contra
635 3040 732 3084 ipsum
753 3044 849 3077 elatus
878 3042 936 3084 est,
963 3055 1020 3077 non
1038 3051 1158 3086 petitio-

273 3089 362 3124 m'bus
373 3092 459 3124 modti
473 3091 771 3125 &admonitionibus
791 3101 877 3126 utens
890 3116 900 3132 ‚
919 3092 950 3135 fi
966 3095 1084 3136 quando
1105 3097 1156 3128 ali-

270 3138 360 3179 qu'us
370 3142 459 3174 rei&
465 3149 522 3182 pro
534 3143 630 3184 aliquo
652 3143 822 3185 indigeret,
848 3143 953 3176 verum
970 3143 1054 3186 saepe‘
1073 3151 1157 3178 mini-

272 3189 324 3221 m&
335 3193 401 3222 voti
411 3198 523 3231 compos
531 3199 654 3233 propter
658 3192 831 3234 frequentes
843 3193 877 3226 &⁸
905 3193 1020 3235 odiosas
1040 3199 1155 3234 petitio-

275 3249 330 3272 nes
352 3263 363 3278 ‚
398 3244 495 3271 minas
517 3243 552 3275 (η’
572 3240 717 3284 absurdas
739 3247 951 3284 increpationes
970 3242 1151 3285 adhibebat,

273 3299 310 3323 ac
322 3286 500 3330 nilr'pareret
511 3313 523 3330 ‚
549 3294 671 3332 Imperii
683 3294 854 3333 amiffionem
872 3292 1067 3333 minabatur,
1092 3295 1155 3327 vul-

271 3340 509 3382 gare&tritum
519 3338 854 3384 haedinumprcfisrens
868 3367 881 3383 ,
903 3353 953 3386 ego
964 3350 993 3375 te
1015 3345 1153 3386 condidi,

266 3387 386 3432 farne,
412 3390 547 3432 ego&te
565 3391 712 3431 dejciam.
735 3394 884 3436 Aggreffus
908 3392 946 3434 est
969 3398 1060 3426 etiam
1081 3405 1153 3427 cocco

274 3437 373 3472 rinna
383 3440 504 3472 induere
514 3441 713 3474 calceamenta
725 3465 735 3481 ‚
761 3447 877 3485 antiqui
898 3444 1058 3478 sacerdotii
1079 3443 1153 3479 hunc

379 3488 571 3533 chrisi.Lupt
582 3493 801 3533 oper.T0m.1V.

541 180 630 210 DE

1217 162 1823 208 N0N1Acrts.
1931 160 2031 219 305⁴

1208 256 1319 279 morem
1330 247 1455 288 afferens
1467 268 1477 286 ‚
1507 245 1683 286 &oportere
1701 239 1751 276 his
1773 248 1820 277 uti
1842 253 1955 277 novum
1976 254 2085 287 quoque

1210 295 1460 337 Arcbiepiscopum
1472 309 1482 329 :
1511 298 1598 328 Nam
1610 299 1690 328 inter
1700 296 1900 327 Sacerdotium
1912 294 2089 338 &Regnum

1208 344 1285 378 nihil
1293 346 1420 389 intereffe
1431 370 1442 386 ‚
1451 347 1503 380 vel
1510 345 1667 378 admodum
1675 353 1782 387 parum
1796 368 1807 384 ,
1834 345 1868 377 Θ·
1879 347 1911 376 in
1928 344 2014 378 rebus
2021 354 2094 388 pre·

1209 394 1361 437 tiosoribus
1375 396 1505 438 amplius
1515 395 1683 438 fortasse&
1703 399 1799 439 magis
1824 394 1974 427 colendum
1994 396 2091 430 Sacer-

1210 448 1339 482 dotium.
1369 447 1412 481 Et
1425 444 1537 480 hucin
1551 446 1690 489 antiquo
1704 444 1817 479 Latini
1827 455 1865 479 ac
1886 444 1991 479 Graeci
2013 445 2094 480 Dia-

1211 498 1313 539 logo,
1351 497 1481 539 respicit
1505 496 1645 529 Latinus
1668 494 1887 530 Interlocutor
1915 506 1923 526 ε
1959 496 2022 528 Sed
2042 505 2095 528 nos

1210 546 1382 581 Michaelem
1395 547 1581 580 cerularium
1587 544 1770 587 posteriorem
1785 543 1843 588 sub
1853 543 1978 587 Imperio
1998 548 2096 577 Mono-

1212 597 1307 630 machi
1318 598 1446 630 dicimus
1462 598 1583 638 Papam
1607 607 1644 628 ex
1667 600 1932 628 commemoratione
1954 594 2095 638 dypticha-

1213 659 1276 680 rum
1303 646 1458 689 delevisse,
1493 646 1575 688 quod
1606 644 1732 679 ambiret
1757 645 1842 678 indui
1866 649 2000 679 coccineis
2036 645 2097 679 cal-

1214 702 1271 729 ceis
1285 722 1294 737 ,
1321 698 1356 731 <2²
1382 699 1535 730 Romanus
1563 694 1705 735 Pontifex
1732 695 1888 736 impediret
1911 720 1922 736 ,
1959 706 2026 729 cum
2050 697 2097 729 ille

1209 745 1288 789 solus
1302 745 1422 779 haberet
1426 745 1608 787 facultatem
1620 744 1678 776 illis
1685 741 1717 786 se
1730 746 1881 784 ornandi,
1912 756 1963 778 nec
1976 744 2031 786 fas
2056 743 2098 788 es-

1210 795 1255 839 set
1269 797 1336 829 aliis
1350 794 1538 828 Patriarcbis
1551 793 1731 836 hocfacere.
1761 792 1888 827 Verum
1900 794 2037 829 Latinus
2060 795 2096 828 il·

1215 846 1421 880 lelabiturin
1434 854 1598 888 tempore.
1629 845 1702 878 Nec
1712 842 1803 878 enim
1830 842 1887 876 sub
1909 841 2096 878 Constanti-

1217 908 1260 930 no
1274 895 1504 935 Monomacho
1520 920 1530 935 ,
1557 895 1609 929 sed
1626 894 1682 928 sub
1695 894 1817 927 Isaacio
1830 892 2008 928 Comneno
2019 893 2100 928 illud

1216 944 1361 980 Michael
1384 946 1580 985 attentavit,
1607 954 1705 989 atque
1726 945 1771 978 ita
1794 942 1908 986 nequit
1929 940 1984 977 hic
2008 942 2102 978 fuisse

1215 997 1437 1041 fons&origo
1449 1006 1612 1039 concepta:
1634 996 1652 1029 a
1674 993 1846 1029 Cerulario
1869 991 2016 1028 adversus
2042 993 2102 1028 Pa-

1216 1059 1289 1091 pam
1305 1047 1355 1080 irae
1366 1048 1399 1080 &
1412 1045 1599 1080 Schismatis
1612 1071 1619 1077 .
1649 1043 1746 1079 Certe
1757 1043 1816 1078 sub
1837 1044 1961 1078 lsaacio
1973 1069 1984 1086 ‚
2012 1043 2102 1087 quod

1216 1099 1322 1141 ipsum
1332 1096 1482 1131 elevafl‘et
1494 1095 1535 1130 ad
1555 1095 1732 1140 Regnum,
1757 1093 1964 1138 praesumebat
1974 1094 2102 1137 omnia,

1217 1160 1284 1192 quae
1295 1145 1352 1181 sub
1364 1146 1587 1182 Constantino
1603 1156 1662 1179 nec
1673 1142 1863 1189 cogitasset.
1893 1144 2020 1185 Graeci,
2046 1144 2104 1187 qui

1218 1208 1393 1241 purpureos
1404 1208 1479 1231 com
1485 1207 1586 1242 pagos
1599 1195 1725 1240 negata
1738 1192 1905 1228 Michaele
1916 1194 2106 1237 assumptos,

1217 1249 1252 1282 in
1268 1248 1385 1282 eodem
1397 1246 1546 1291 Dialogo
1559 1246 1662 1288 lapsus
1674 1245 1717 1279 est
1732 1243 1832 1289 longe
1845 1245 1974 1289 gravior
1988 1256 1994 1276 :
2009 1245 2106 1287 Joan-

1218 1299 1269 1332 nis
1293 1299 1382 1332 enim
1399 1291 1549 1341 Scylitzae
1570 1297 1603 1330 in
1619 1294 1680 1331 hac
1703 1306 1735 1330 re
1758 1295 1946 1336 testificatio
1968 1293 2013 1328 est
2033 1295 2107 1328 irre-

1218 1347 1402 1393 fragabilis.

1244 1403 1246 1405 '
1269 1397 1394 1433 Verum
1409 1397 1487 1441 quid
1503 1398 1560 1432 fibi
1575 1397 1690 1432 volunt
1704 1395 1771 1431 haec
1783 1393 1961 1430 Michaelis
1986 1394 2082 1429 verba
2096 1418 2107 1437 ‚

1219 1452 1339 1490 Oportet
1349 1448 1395 1480 his
1407 1453 1570 1479 utinm-um
1594 1458 1706 1489 quoque
1736 1445 2009 1488 Arcbiepiftopum?
2038 1444 2107 1477 Cur

1217 1500 1249 1531 se
1259 1523 1270 1539 ,
1297 1498 1353 1541 qui
1368 1507 1448 1531 tunc
1460 1496 1713 1539 quatuordecim
1729 1495 1825 1529 annis
1838 1492 1960 1528 sederat
1972 1494 2110 1527 Patriar-

1218 1544 1300 1586 cha,
1328 1545 1438 1580 titulat
1452 1556 1576 1580 novum
1605 1544 1933 1588 Archiepiscopum?
1963 1543 2111 1586 Respon-

1205 1594 1283 1642 1deo
1295 1596 1448 1639 respicere
1460 1594 1503 1629 ad
1525 1595 1754 1639 excogitatum
1777 1594 1860 1627 olim
1880 1594 1898 1627 a
1922 1591 2112 1628 Schismatis

1205 1643 1349 1679 'austore
1359 1645 1483 1679 Photio
1493 1669 1503 1684 ‚
1525 1646 1625 1679 etiam
1639 1644 1656 1678 a
1670 1646 1702 1679 se
1716 1645 1917 1688 resumptum
1942 1654 2114 1678 commen-

1202 1661 1313 1752 itum‚
1341 1693 1429 1737 quod
1456 1694 1707 1737 afferitPapalia
1718 1693 2108 1738 Privilegiaadnefflim·

1206 1743 1416 1788 penalibus,
1446 1744 1585 1788 ideoque
1596 1742 1795 1788 jamdudum
1821 1743 1932 1777 Roma
1955 1744 2113 1788 migrasse

1221 1794 1575 1837 Constantinopolim.
1630 1794 1762 1828 Etenim
1786 1793 1886 1827 etiam
1906 1791 2056 1827 Michael
2079 1793 2113 1826 se

1220 1845 1351 1879 aflerere
1373 1845 1472 1887 coepit
1493 1842 1717 1878 patriarcham
1740 1843 1990 1879 OEcumenicum
2004 1866 2014 1882 ‚
2042 1853 2113 1876 non

1221 1906 1275 1938 per
1301 1897 1372 1929 suas
1400 1895 1573 1929 dumtaxat
1597 1895 1766 1929 Dioeceses
1783 1918 1793 1934 ,
1818 1893 1871 1927 sed
1902 1904 1957 1937 per
1977 1903 2114 1926 omnem

1206 1945 1279 1979 *sub
1307 1944 1403 1978 Coelo
1429 1945 1543 1978 orbem
1570 1957 1577 1976 :
1608 1955 1706 1988 atque
1733 1945 1776 1976 ita
1814 1945 1848 1977 δε
1887 1953 2011 1976 novum
2049 1941 2112 1976 Ar-

1220 1993 1465 2038 chiepiscopum
1493 2020 1499 2026 .
1538 1994 1640 2040 Quod
1669 2003 1786 2036 nempe
1815 1993 1850 2026 in
1880 2000 2018 2026 veterem
2044 1992 2114 2027 Ro-

1221 2046 1310 2079 mani
1338 2055 1394 2087 per
1432 2043 1678 2088 privilegiorum
1716 2042 1964 2077 translationem
2002 2042 2114 2086 degra-

1221 2095 1289 2129 dati
1318 2092 1568 2139 Archiepiscopi
1597 2094 1710 2128 locum
1738 2094 1866 2128 noviter
1901 2092 2110 2127 succeffiffet.

1220 2145 1313 2179 Hinc
1336 2155 1422 2178 nova
1445 2169 1456 2185 ,
1494 2155 1550 2187 per
1570 2142 1733 2178 Photium
1755 2154 1935 2189 numquam
1960 2152 2111 2183 tentata,

1220 2194 1357 2229 audacia
1370 2195 1533 2238 affumpfit
1547 2205 1722 2238 purpureos
1735 2204 1934 2238 compagOS,
1963 2193 2023 2227 soli
2045 2192 2112 2226 Au-

1220 2244 1316 2289 gusto
1330 2245 1477 2287 Principi
1502 2245 1535 2278 &
1557 2244 1706 2288 supremo
1725 2244 1828 2279 totius
1853 2242 2115 2277 Christianitatis

1220 2295 1377 2329 Pontifici
1424 2294 1582 2338 privative
1629 2295 1793 2338 proprium
1842 2304 2076 2328 ornamentum
2105 2318 2111 2324 .

1221 2346 1314 2378 Hinc
1341 2344 1440 2379 etiam
1468 2344 1509 2378 de
1535 2344 1703 2379 Michaele
1731 2344 1923 2390 Palaeologo
1950 2369 1960 2384 ,
1986 2354 2112 2388 magno

1221 2396 1317 2429 Duce
1341 2420 1352 2435 ,
1388 2407 1425 2429 ac
1464 2395 1687 2438 impuberibus
1728 2395 1937 2438 Imperatoris
1975 2393 2116 2438 Joannis

1220 2445 1364 2480 Lascaris
1377 2445 1554 2484 Praeferf'co,
1584 2445 1725 2488 ideoque
1736 2447 1837 2479 totius
1851 2444 1985 2488 Imperii
2003 2442 2115 2477 mode-

1219 2504 1322 2530 ratore
1333 2520 1343 2535 ,
1373 2507 1433 2529 nec
1446 2507 1512 2528 non
1530 2496 1564 2529 ὃ(
1577 2494 1618 2529 de
1631 2494 1772 2529 Arsenio
1788 2494 1977 2529 Patriarcha
2001 2493 2113 2527 scribit

1220 2546 1385 2589 Georgius
1418 2544 1639 2588 pachymeres
1663 2558 1669 2577 :

1217 2596 1372 2639 longiffime
1385 2596 1510 2636 proceffit
1520 2595 1661 2636 ovaam‚
1691 2595 1767 2628 nibil
1774 2596 1817 2627 ad
1822 2594 1972 2638 summam
1984 2604 2045 2626 tum
2071 2606 2114 2627 er-

1213 2658 1256 2690 ga
1273 2645 1504 2685 patriarcham,
1531 2654 1595 2678 tum
1605 2657 1676 2689 erga
1692 2644 1812 2688 sacrum
1840 2645 1998 2688 Collegium
2021 2655 2111 2677 vene-

1219 2701 1364 2728 rationem
1378 2694 1434 2736 fibi
1463 2697 1571 2737 reliqui
1587 2696 1728 2736 faciens.
1758 2697 1881 2738 ,Quippe
1902 2700 1951 2736 qui
1979 2693 2109 2735 pedibus

1219 2747 1355 2778 incedens
1372 2769 1383 2785 ‚
1409 2751 1534 2785 correpti
1543 2757 1635 2778 manu
1657 2747 1749 2785 muli,
1777 2756 1833 2786 quo
1856 2742 2037 2776 Patriarcba
2059 2755 2110 2776 ve·

1219 2795 1366 2835 bebatur,
1394 2794 1517 2826 habenis
1533 2819 1543 2834 ,
1569 2807 1635 2828 eum
1656 2794 1745 2837 usque
1767 2800 1850 2827 intra
1872 2795 2027 2826 Palatium
2053 2797 2107 2826 Re-

1215 2857 1285 2890 gum
1295 2847 1427 2886 praejens
1441 2845 1529 2877 duxit
1544 2870 1549 2876 .
1574 2844 1669 2888 Papoe
1679 2846 1852 2878 dumtaxat
1868 2844 2014 2877 debitum
2025 2845 2109 2877 Stra-

1219 2896 1298 2930 toris
1307 2895 1454 2928 officium
1469 2893 1619 2928 exhibuit
1635 2893 1842 2929 Patriarchae.
1868 2895 1911 2927 Et
1923 2893 1963 2927 de
1975 2893 2108 2927 Andro-

1221 2946 1296 2979 nico
1328 2946 1505 2979 Comueno
1533 2969 1542 2984 ‚
1592 2945 1655 2987 jam
1689 2946 1885 2987 imperatore
1915 2943 2106 2988 designato,

1218 2995 1307 3037 quod
1331 3007 1440 3029 coram
1464 2994 1551 3038 Papa
1576 2995 1766 3029 Theodosio
1789 2994 1925 3027 Tiarim
1951 2993 2106 3037 deposue-

1219 3047 1259 3078 rit
1271 3070 1282 3084 ‚
1311 3056 1408 3087 atque
1421 3045 1453 3077 in
1467 3056 1573 3088 genua
1584 3046 1623 3079 acl
1636 3045 1711 3088 equi
1724 3045 1817 3077 illum
1830 3042 1979 3077 vehentis
2003 3053 2107 3086 ungu·

1220 3096 1264 3128 las
1275 3095 1453 3132 ceciderit,
1481 3095 1617 3127 testatur
1637 3095 1670 3127 in
1686 3094 1808 3128 Alexio
1821 3094 1990 3128 Manuelis
2004 3093 2106 3127 Com-

1220 3145 1295 3177 neni
1323 3143 1395 3176 silio
1432 3143 1567 3177 Nicetas
1606 3143 1786 3178 Choniates
1809 3168 1819 3184 ‚
1859 3144 1893 3178 &
1928 3142 2102 3187 adjungit:

1220 3195 1312 3227 Paula
1318 3192 1381 3235 post
1394 3193 1532 3236 assurgit,
1561 3195 1595 3227 (θ’
1610 3194 1934 3236 Patriarcbaeplantas
1956 3192 2103 3236 deoscula-

1218 3254 1286 3277 tur.
1322 3243 1415 3276 Dum
1442 3243 1631 3278 Barlaamus
1651 3245 1845 3287 Gyracenfis
1867 3244 2048 3287 Episcopus
2068 3244 2101 3275 δι’
2123 3259 2196 3297 Cap*
2215 3269 2258 3288 n·

1218 3293 1397 3338 Gregorius
1418 3292 1566 3328 Palamas
1593 3294 1634 3328 de
1655 3294 1783 3329 Divino
1806 3291 1929 3328 Christi
1955 3292 2098 3327 Domini

1217 3344 1250 3378 in
1276 3352 1390 3379 monte
1412 3341 1530 3378 Tabor
1548 3345 1769 3389 transfigurati
1795 3344 1920 3378 lumine
1943 3342 2099 3382 discepta-

1216 3402 1311 3434 rent,
1339 3393 1678 3438 JoannesPatriarcha
1700 3405 1776 3429 cum
1789 3395 1843 3429 sua
1864 3391 2002 3435 synodo
2027 3401 2098 3423 non

1215 3443 1372 3480 convenit
1383 3445 1420 3479 in
1432 3444 1568 3479 eandem
1583 3446 1776 3481 sententiam
1789 3469 1800 3487 ‚
1825 3443 1888 3477 fuit
1899 3443 1933 3475 in
1947 3439 2103 3484 degrada-

1617 3496 1692 3542 (ζῆ
1989 3489 2051 3524 tio-

1708 2545 1889 2588 Palaeologus
1914 2553 1985 2577 ante
2012 2555 2113 2577 omnes
2135 2552 2154 2581 L
2177 2557 2292 2583 1.e.26.
