2352 3736
357 168 465 227 *78

155 481 226 516 CaP·
243 492 266 509 2.

153 524 223 559 cap.
247 527 288 557 ιβ.

318 749 432 776 catione
457 744 575 777 Sandlae
594 743 726 785 Ecclesiae
746 745 863 786 aliquid
884 751 996 787 exigere
1012 744 1198 788 prasumat.

320 796 385 837 ,Qui
400 793 524 834 fecerit,
548 793 700 827 conuiuas
722 798 880 827 Canonicae
898 794 1052 837 fitbjaceat
1072 794 1199 838 discipli-

320 856 369 877 nae
384 867 391 875 .
420 844 463 878 Et
475 845 509 877 in
522 843 703 878 Canonicis
713 843 752 877 ad
763 844 991 878 Hedenulfum
1003 844 1198 879 Laudunen·

319 895 356 927 sis
368 894 517 927 Ecclesiae
527 894 674 927 Elestum
687 893 802 928 litteris
813 895 1015 929 Hincmarus
1027 896 1197 938 Metropo-

318 943 375 978 lita
391 944 556 980 Remenfis
566 942 700 978 damnat
712 945 831 988 quaevis
843 944 1078 988 Episcoporum
1091 946 1193 989 turpia

317 993 405 1028 lucra
420 1019 430 1034 ,
458 994 655 1029 nominatim
676 1006 743 1037 quae
761 1001 917 1037 capiuntur
943 997 981 1028 de
1003 995 1194 1037 Ecclefiarum

315 1042 524 1086 consecratione
539 1069 547 1076 .
577 1043 729 1078 Eundem
753 1046 924 1080 articulum
945 1044 1102 1080 Widonis
1122 1045 1193 1079 Me-

313 1093 510 1129 diolanenfis
549 1093 795 1139 Archiepiscopi
833 1096 1019 1140 juramento
1057 1097 1190 1130 inseruit

313 1145 445 1177 Sanctus
454 1143 570 1179 Petrus
581 1145 756 1182 Damiani.
786 1147 829 1180 Et
849 1146 1043 1180 Tholosana
1065 1145 1121 1180 sub
1135 1145 1191 1178 Vi-

312 1195 397 1228 store
408 1194 547 1229 secundo
571 1193 683 1229 habita
706 1196 883 1239 Synodu's:
910 1198 1114 1230 Dedicationes
1134 1197 1192 1229 Ec-

310 1243 570 1288 clest'arumsantfla
582 1247 709 1284 synodus
719 1254 776 1288 per
787 1253 929 1289 pecunias
940 1247 1103 1280 nullatenus
1123 1245 1191 1287 fieri

311 1298 406 1328 voluit
417 1321 424 1328 .
439 1295 480 1330 Et
488 1307 546 1339 vper
559 1295 750 1330 Cardinales
761 1298 921 1340 Joannem
932 1309 969 1331 ac
981 1296 1190 1332 Benediflum

307 1344 466 1379 celebrata
494 1346 594 1389 prima
622 1346 774 1388 synodus
801 1347 1008 1380 Pistavienfis
1030 1359 1037 1379 ε
1077 1348 1189 1380 Nullus

308 1393 474 1436 Episcopus
480 1403 537 1436 pro
555 1393 649 1438 sacris
671 1397 853 1430 orationibus
868 1422 878 1437 ‚
906 1398 958 1431 vel
972 1405 1029 1438 pro
1050 1396 1188 1436 Eecleſsa·

306 1456 372 1477 rum
381 1445 634 1478 benedidliombus
646 1457 753 1478 munus
768 1453 910 1488 accipiat.
938 1446 1070 1481 Taliter
1091 1448 1190 1484 saihs

307 1494 474 1528 Altarium
488 1495 537 1527 vel
562 1494 776 1528 Ecclefiarum
796 1495 1058 1529 consecrationes
1080 1496 1120 1530 de
1141 1497 1190 1531 Si-

306 1544 419 1578 monia
432 1544 613 1578 damnatio
635 1545 840 1578 Lateranenfi
863 1546 1000 1587 Synodo
1023 1544 1183 1579 Innocen-

307 1594 372 1628 tius
384 1594 540 1628 secundus
551 1619 558 1626 .
584 1593 693 1627 Etiam
706 1595 741 1629 in
757 1595 907 1629 Remensi
921 1595 1071 1629 Calixtus
1083 1598 1191 1630 secun·

305 1644 390 1690 dus,
416 1645 449 1678 ὃς
475 1646 511 1678 in
538 1642 737 1678 Londinenfi
764 1644 905 1687 Ioannes
931 1645 1122 1680 Cardinalis
1147 1646 1187 1680 de

307 1694 445 1728 Gfema.
474 1695 516 1727 Et
528 1694 561 1727 in
574 1694 636 1727 alia
650 1694 847 1729 Londinensi
859 1694 1042 1729 Richardus
1053 1692 1188 1729 Archie-

305 1743 724 1787 piscopusCantuarienfis:
754 1749 819 1777 Nec
824 1753 882 1786 pro
900 1746 1081 1784 dedicatione
1102 1746 1187 1787 quid-

306 1806 397 1837 quam
409 1800 565 1838 exigatur.
594 1796 627 1827 51·
638 1800 706 1837 quis
727 1794 776 1827 boc
787 1794 897 1836 fecerit
913 1819 924 1836 ,
951 1794 1110 1829 anathema
1126 1794 1167 1836 fit
1179 1820 1186 1826 .

306 1845 420 1878 Exstat
433 1845 518 1887 apud
531 1844 700 1888 Rogerum
713 1844 943 1879 Hovedense'm
956 1870 963 1878 .
991 1845 1035 1878 Et
1045 1844 1111 1888 ejus
1124 1845 1187 1879 suc·

304 1894 625 1929 cefforHubertusid
650 1896 882 1929 confirmavit.
909 1896 1001 1929 Hinc
1016 1895 1050 1929 in
1074 1895 1187 1929 Gerar-

303 1946 383 1979 dum
395 1944 677 1989 Engolismensem
689 1945 888 1988 Episcopum
900 1970 910 1986 ‚
932 1945 1031 1979 Petro
1042 1946 1184 1980 Leonini

303 1996 455 2032 adversus
467 1995 700 2029 Innocentium
714 1994 889 2029 secundum
898 1994 1085 2029 Schismatis
1099 1995 1185 2039 peffi-

305 2057 398 2080 mum
433 2046 594 2079 fautorem
618 2070 628 2085 ,
667 2045 889 2090 infignemque
924 2045 1149 2082 Simoniacum
1172 2069 1182 2085 ‚

304 2094 424 2130 merito
449 2093 617 2129 invehitur
638 2094 797 2129 Arnulfus
817 2095 1026 2130 Lexoviensis
1052 2093 1185 2138 Episco-

304 2156 385 2190 pusz
414 2143 607 2187 Basilicarum
628 2146 824 2180 dedicationes
841 2147 876 2180 (τ
898 2146 1107 2179 ὂεπεᾰίὲἶὶοηω
1134 2146 1186 2179 ΑΙ.

305 2201 416 2230 tartum
425 2195 543 2234 eodem,
569 2206 625 2238 quo
635 2205 763 2236 cetera,
788 2207 865 2230 more
884 2195 1016 2235 tradi‘asti
1028 2221 1040 2237 ,
1065 2204 1100 2230 ut
1117 2196 1184 2237 pla·

127 1868 160 1906 f·
180 1878 247 1910 543>-

125 2139 193 2179 Cap
221 2147 252 2172 1¹·

307 2248 344 2281 ne*
355 2245 432 2279 nibil
433 2245 608 2287 faciendum
616 2254 741 2287 putares
753 2271 763 2287 ,
789 2246 867 2289 quod
884 2257 940 2279 non
962 2247 1087 2288 alicujus
1109 2256 1180 2280 emo·

303 2298 429 2331 lamenti
439 2294 599 2338 auspicatio
607 2302 791 2337 pra-veniret
804 2321 811 2329 .
836 2296 891 2330 De
902 2308 968 2340 quo
980 2297 1064 2331 vitio
1091 2305 1182 2331 nota-

302 2348 332 2382 n'
355 2347 389 2381 ἀ
411 2346 608 2380 Hartuicum
630 2346 833 2380 Bremensem
864 2346 1158 2390 Archiepiscopum
1172 2371 1183 2387 ,

304 2409 343 2433 ac
353 2397 392 2431 de
403 2397 548 2440 opposita
560 2397 677 2430 virtute
688 2395 938 2431 Theodericum
961 2395 1181 2431 Lubecensem

307 2447 504 2491 Episcopum
529 2471 539 2487 ,
564 2448 654 2491 supra
673 2446 858 2481 audivimus
879 2446 926 2482 ab
942 2445 1096 2481 Arnoldo
1116 2446 1184 2480 Ab·

306 2496 379 2531 bate
391 2496 566 2531 Lubecensi
578 2520 585 2528 .
613 2495 718 2530 Addit
728 2506 837 2531 tamen
852 2498 885 2530 in
899 2497 1015 2531 litteris
1027 2496 1067 2532 ad
1089 2497 1184 2541 Vigi-

304 2542 442 2587 Iiensem
463 2546 662 2588 Episcopum
682 2570 694 2586 ‚
727 2547 813 2589 apud
838 2547 1034 2590 Gregorium
1055 2558 1182 2581 nonum

309 2595 527 2636 exstantibus,
553 2595 741 2630 Alexander
751 2597 885 2630 tertius:
910 2596 1004 2629 Nihil
1016 2605 1073 2639 pro
1083 2597 1183 2629 Eccle-

135 2650 167 2679 L
187 2656 216 2683 ς.
238 2648 277 2677 tit
301 2652 414 2690 fiarum
425 2645 632 2689 consecratiene
638 2654 723 2687 potes
734 2648 786 2680 vel
804 2646 891 2679 debes
909 2655 1024 2688 prater
1044 2655 1184 2688 procura-

137 2696 165 2724 3-
194 2697 225 2718 C·
247 2697 291 2718 ³0·
310 2703 418 2730 tionem
448 2702 565 2739 exigere
588 2721 595 2728 .
626 2696 773 2730 Ecclefiae
796 2696 886 2735 enim
913 2698 1112 2731 consecratio
1136 2697 1181 2730 est

309 2746 453 2791 quae-dam
464 2745 657 2780 vilicationis
679 2747 818 2790 species.‚
845 2747 897 2780 cui
919 2747 1010 2789 juxta
1028 2747 1183 2791 antiquos

307 2798 408 2831 etiam
419 2796 572 2830 Canones
582 2796 741 2831 debentur
754 2797 844 2831 istius
856 2798 921 2834 diei
933 2798 1087 2832 alimenta
1101 2808 1185 2841 ,que

310 2848 420 2891 paffim
442 2846 582 2881 dicimus
607 2848 870 2890 procurationes.
900 2847 1025 2882 Verum
1048 2849 1111 2881 esse
1131 2847 1183 2880 de·

311 2897 406 2931 beam
425 2895 580 2930 alimenta
603 2896 779 2940 simplicia,
806 2909 844 2931 ac
864 2897 938 2931 vere
959 2896 1161 2940 Episcopalia
1175 2920 1185 2936 ‚

311 2959 376 2980 non
389 2947 476 2982 lauta
489 2947 524 2981 &
545 2947 733 2990 sumptuosa
754 2947 927 2986 convivia,
949 2946 1049 2990 longe
1075 2944 1185 2980 minus

313 2997 555 3031 comessationes
567 2996 705 3039 ,quibus
715 2995 819 3031 fidelis
829 2996 918 3040 plebs
931 2995 1164 3030 scandalizetur
1177 3019 1188 3035 ‚

316 3043 350 3076 δε
364 3055 514 3087 pauperes
535 3046 745 3081 Rusticorum
767 3048 843 3091 pagi
867 3045 908 3080 ad
927 3046 1088 3081 miseriam
1108 3045 1189 3079 redi·-

314 3103 433 3137 gantur
445 3117 452 3124 .
469 3095 635 3136 Eiusmodi
646 3096 884 3139 procurationes
893 3096 927 3130 in
939 3095 1036 3131 Petro
1047 3096 1169 3130 Leonis
1178 3119 1188 3136 ‚

317 3141 426 3175 adhuc
451 3142 616 3178 Cardinali
638 3146 795 3181 Romanae
813 3147 1040 3187 Ecclefiae,.&
1061 3147 1188 3191 Legato

317 3203 373 3238 per
395 3192 496 3225 varias
515 3191 703 3229 Provincias
725 3221 736 3236 ,
772 3197 940 3242 insigniter
970 3196 1117 3241 depingit
1150 3207 1188 3230 ac

316 3241 453 3275 damnat
464 3240 609 3277 laudatus
622 3243 801 3288 Episcopus
812 3246 972 3280 Arnulfus
981 3273 988 3279 .

323 3313 325 3315 -
366 3290 471 3324 Porro
483 3290 516 3322 in
524 3290 825 3333 Presbyteromm&
837 3297 974 3331 aliorum
986 3295 1189 3331 Clericorutn

320 3340 531 3376 ordinatione
543 3338 663 3382 aliquid
673 3342 799 3384 exigere
810 3346 1096 3387 estantiquiffimus
1107 3345 1191 3379 Grae·

318 3401 433 3425 eorum
458 3389 690 3432 Episcoporum
712 3390 826 3432 abusus
848 3418 855 3424 .
896 3395 1027 3429 Etenim
1046 3396 1192 3430 Ponticae

319 3439 514 3480 Dioeceseos.
526 3438 698 3489 Episcopi,
723 3451 804 3487 quos
815 3442 969 3484 Simoniae
989 3446 1093 3493 arguit
1114 3446 1192 3482 San-

144 3259 220 3296 cap.
241 3265 268 3293 3.

590 167 879 211 ,SECUNDA
916 167 1315 212 PRoo-EMIALJS
1351 168 1778 230 D1ssnar.A·r'10,

333 254 362 284 to
371 260 473 283 munus
486 247 607 289 aliquod
614 249 634 279 ἃ
639 248 805 289 fundatore
815 253 969 290 requirant
980 269 992 285 ‚
1010 242 1033 287 s
1029 246 1069 277 ed
1067 242 1211 288 siquidem

330 301 446 342 aliquid
452 309 488 330 ex
494 296 548 340 suo
561 305 627 330 voto
650 298 786 331 obtulerit
799 322 806 329 .
833 300 864 330 si
884 297 955 328 verb
975 304 1028 326 aut
1045 303 1210 338 paupertas

330 351 411 382 illum
424 372 434 387 ,
447 356 499 380 aut
510 348 651 388 nea-efficat
663 353 790 381 retinent
800 369 811 385 ,
837 344 915 376 m‘hil
929 345 1052 386 penitus
1072 351 1209 389 exigatur

329 398 367 430 ab
378 398 436 429 illo.
446 396 606 431 Mendosa
616 396 661 431 est
674 396 740 429 haec
753 394 861 433 lectio,
871 394 1047 438 supplenda
1062 407 1104 429 ex
1119 395 1208 430 habi·

328 455 360 479 ra
387 445 445 480 sub
456 446 605 481 Adriano
616 443 757 479 secundo
780 443 920 485 Synodo
944 443 1206 480 VVormatienfi:

327 500 363 530 ΣΙ
373 497 491 538 aliquid
498 509 535 530 ex
539 495 593 539 suo
613 502 680 527 voto
700 492 857 533 obtulerit,
878 506 935 527 non
956 493 1129 537 respuatur.
1157 496 1200 528 Et

325 546 467 581 secunda
489 544 640 587 synodus
660 542 884 581 cabilonensis
907 557 916 576 :
944 547 1005 577 Pro
1026 546 1204 579 dedicandis

329 595 464 638 ,Bafilicis
483 593 562 626 nibil
574 594 771 634 accipiendum
787 593 826 635 est
849 618 857 626 .
886 594 929 628 Et
951 594 1008 629 sub
1029 595 1203 635 Ludovico

325 648 382 690 pio
393 644 500 678 habita
513 643 649 677 secunda
663 643 816 686 synodus
831 645 1095 688 Aquisgxanenfis
1107 657 1113 676 :
1126 646 1204 682 Nul-

321 697 366 728 lus
380 691 588 736 Episcoporum
607 694 664 726 vel
682 694 879 735 Ministrorum
901 694 1026 737 ipsorum
1045 703 1101 737 pro
1121 697 1202 728 dedi·-

1268 249 1335 281 &us
1358 247 1494 282 Basilius
1515 273 1526 290 ,
1562 261 1766 296 nequaquam
1791 255 1881 289 inito
1909 255 2001 299 padio
2029 255 2144 292 vende·

1269 297 1348 331 bant
1384 299 1497 333 Sacros
1529 299 1674 334 Ordines
1692 323 1705 340 ,
1729 304 1782 338 sed
1806 302 1974 340 dumtaxat
1992 316 2113 349 paucos
2130 332 2144 348 ,

1267 347 1384 390 quibus
1420 360 1534 383 tenues
1559 351 1688 384 suarum
1727 352 1939 390 Ecclesiarum
1967 366 2143 398 proventus

1269 398 1466 439 pedetentim
1488 410 1643 444 augerent
1662 425 1673 442 ,
1699 404 1886 439 nummulos
1902 405 1924 437 a
1942 405 2060 449 quovis
2081 408 2143 442 Or-

1265 445 1378 482 dinato
1389 449 1593 492 accipiebant
1604 475 1612 482 .
1627 451 1734 487 Etiam
1743 451 1836 487 Ibam
1849 453 2040 489 Edeffenum
2052 455 2142 498 Epis·

1263 508 1384 540 copum
1397 497 1432 532 in
1451 498 1559 543 Tyria
1577 512 1615 534 ac
1636 501 1798 543 Berytensi
1819 502 2140 545 Synodoaccusavic

1263 546 1381 581 Clerus
1391 549 1431 581 de
1441 546 1505 589 hoe
1515 550 1652 593 articulo
1663 563 1670 583 ε
1698 552 1735 584 de
1757 552 2004 586 ordinationibus
2012 560 2119 597 accipit
2130 580 2140 588 .

1246 596 1377 648 jQiod,
1393 597 1498 642 plures
1529 609 1610 634 tunc
1638 601 1794 645 Episcopi
1819 603 2003 636 laborarent
2021 603 2138 647 eadem

1245 646 1390 687 {scabie,
1416 648 1514 685 docet
1525 649 1681 684 secundus
1702 651 1820 685 Canon
1843 647 2139 689 Chalcedonensis,

1263 696 1336 730 Nee
1361 697 1451 731 enim
1469 699 1618 733 adversus
1637 700 1741 734 unicae
1758 702 1904 745 Ecclesiae
1924 703 2059 737 abusum
2080 702 2137 744 ill·

1261 749 1452 783 emanasset.
1479 749 1585 792 Ipsum
1596 750 1740 785 etiamin
1763 751 1919 797 AEgypto
1940 752 2032 786 fuisse
2050 750 2140 798 grass-

1261 798 1362 831 satum
1372 798 1558 832 audivimus
1569 801 1658 843 supra
1679 799 1720 834 ab
1741 801 1865 845 'Isidoro
1885 802 2066 837 Pelusiota.
2089 803 2137 839 Et

1259 858 1380 881 morem
1390 848 1557 892 peffimum
1581 849 1729 885 laudatus
1752 852 1871 886 Canon
1898 863 1966 886 non
1990 854 2103 887 evulsit
2121 865 2135 886 a

1256 898 1377 932 etenim
1420 909 1505 937 nova
1528 899 1622 934 illum
1645 900 1781 944 Synodo
1807 901 1998 946 impugnare
2019 903 2139 937 debuit.

1256 946 1387 982 Sanetus
1414 948 1601 984 Patriarcha
1627 950 1847 986 Gennadius.
1875 951 1931 987 An
1958 952 2133 994 evulstrit,

1257 996 1394 1041 ign0r03
1421 999 1579 1043 quidquid
1592 1001 1629 1034 sit
1644 1025 1654 1040 ‚
1681 1000 1751 1044 post
1774 1003 1990 1045 compositum
2011 1001 2136 1038 Aeacii

1254 1045 1387 1082 schisma
1410 1049 1663 1087 Ecclefiasticam
1685 1049 1892 1095 disciplinam
1913 1063 2062 1096 reparans
2080 1053 2135 1097 Ju-

1254 1096 1410 1132 stinianus
1428 1098 1618 1144 Augustus,
1646 1100 1679 1133 in
1704 1100 1846 1140 Novella
1865 1101 1907 1136 ad
1927 1102 2061 1137 Petrum
2082 1103 2134 1138 οῖ’

1252 1145 1402 1180 ficiorum
1414 1147 1612 1192 Magistrum
1623 1149 1694 1193 lege
1706 1149 1780 1183 istas
1803 1150 1904 1185 dandi
1920 1153 1955 1186 δε
1974 1151 2135 1197 exigendi

1253 1197 1502 1232 consuetudines
1512 1198 1641 1243 reliquit
1662 1199 1815 1233 intactas.
1843 1201 2001 1235 Novella
2015 1202 2057 1236 de
2079 1203 2133 1236 Sa*

1251 1248 1314 1281 eris
1337 1248 1431 1282 rebus
1455 1249 1564 1293 leges,
1591 1247 1666 1283 lieet
1686 1248 1858 1292 justiniani
1880 1250 2136 1294 nomenpraesoa

1253 1306 1345 1337 rant,
1372 1299 1446 1332 sunt
1466 1302 1575 1332 tamen
1596 1299 1874 1342 doctiffimorum,
1901 1311 1988 1343 quos.
2005 1310 2062 1343 per
2082 1300 2136 1334 inr

1252 1358 1356 1392 tegi-as
1368 1347 1563 1391 quandoque
1582 1350 1692 1382 noctes
1703 1345 1780 1383 cum
1792 1350 1861 1392 ipso
1882 1349 1925 1384 de
1941 1349 2008 1385 istis
2020 1350 2137 1384 ‚caufiz

1253 1397 1426 1432 lucubrasse
1437 1398 1588 1433 adfirmat
1602 1398 1626 1431 P
1635 1399 1786 1441 rocopius
1796 1398 1999 1434 casamentis
2012 1423 2023 1439 ‚
2049 1410 2132 1434 tune

1252 1447 1286 1480 in
1300 1448 1437 1482 Oriente
1450 1448 1642 1490 Episporum
1653 1460 1751 1491 opus.
1779 1449 1911 1483 Norant
1921 1447 1956 1482 hi
1974 1448 2134 1494 Collega,

1251 1498 1344 1537 suos,
1374 1496 1593 1541 videbantque
1614 1498 1688 1531 istas
1710 1499 1961 1533 consuetudines
1980 1499 2049 1533 fine
2061 1509 2133 1536 mn*

1250 1549 1323 1592 gnis
1343 1547 1614 1582 contentionibus
1634 1559 1701 1582 non
1724 1548 1811 1592 posse
1831 1547 1979 1592 abrumpi
2002 1573 2009 1580 .
2035 1548 2133 1584 Hinc

1250 1596 1375 1631 easdem
1398 1598 1607 1632 confirmavit
1630 1622 1640 1638 ‚
1676 1599 1710 1632 δι’
1729 1598 1768 1632 ad
1790 1609 1912 1633 certam
1938 1609 2046 1634 raxam
2073 1598 2131 1633 clo-2

1249 1646 1343 1680 duxit
1366 1647 1546 1690 Imperator
1565 1648 1702 1682 lsaacius
1730 1649 1945 1689 Comnenus,
1974 1648 2127 1691 istiusque

1250 1697 1330 1741 legis
1351 1695 1436 1731 hanc
1459 1708 1583 1740 partem
1606 1699 1669 1732 suis
1688 1696 1728 1732 ad
1745 1697 1858 1733 Photii
1886 1698 2128 1734 Nomo-Cauo-

1251 1757 1325 1780 nem
1362 1745 1503 1781 Scholiis
1528 1748 1661 1782 inseruit
1693 1746 1895 1783 Theodorus
1921 1749 2097 1784 Balsamon
2115 1760 2124 1781 ε
2145 1770 2235 1802 Tim.
2253 1772 2282 1804 α

1247 1797 1358 1829 statuit
1375 1801 1572 1839 Imperatoria
1591 1809 1656 1831 mea
1676 1797 1817 1838 Majestas
1828 1822 1840 1839 ,
1865 1807 1899 1833 ut
1916 1805 2009 1832 etiam
2028 1804 2061 1832 in
2075 1810 2126 1836 ,on-
2147 1819 2197 1850 34„

1248 1847 1398 1880 dinatione
1433 1849 1616 1881 sacerdotum
1641 1849 1675 1881 (9·
1701 1853 1856 1882 coronariis
1889 1849 2014 1882 tribuas*
2038 1856 2127 1883 vetut

1240 1896 1343 1937 forma
1362 1896 1567 1931 auHorttatem
1599 1898 1731 1931 obtineat
1753 1922 1764 1938 ,
1799 1900 1834 1933 ἐν
1862 1897 1943 1932 nibil
1958 1904 1991 1932 in
2009 1899 2129 1935 ordina·

1245 1951 1320 1979 tione
1348 1944 1511 1989 Episcopus
1534 1972 1544 1988 ,
1570 1953 1620 1991 qui
1641 1949 1780 1986 ordinae,
1815 1949 1944 1989 amplius
1962 1954 2089 1990 accipiat
2111 1972 2126 1990 2

1245 1998 1335 2038 quam
1352 1996 1574 2039 praeaeflimatae
1595 2006 1718 2032 monetae
1740 2007 1812 2029 meae
1833 2001 2038 2039 Imperatoria
2060 2000 2127 2030 Ma-

1221 2091 1223 2093 >
1244 2046 1361 2088 jestatis
1385 2045 1499 2090 septem
1524 2058 1626 2080 aureos
1653 2058 1783 2080 nummos
1809 2048 1968 2079 dumtaxat
1987 2071 1998 2087 ,
2031 2057 2128 2086 unum

1247 2096 1384 2129 videlicet
1408 2098 1528 2138 quando
1552 2097 1750 2131 ordinandum
1771 2096 1853 2140 facit
1873 2095 2048 2139 simplicem,
2063 2099 2127 2133 Po

1242 2153 1317 2187 pam
1331 2144 1394 2187 five
1431 2147 1580 2180 Lellorem
1603 2171 1614 2187 ,
1651 2147 1852 2189 tresquando
1867 2148 1994 2180 ,ordinat
2018 2150 2127 2182 Diaco-

1247 2207 1334 2234 num,
1359 2197 1464 2230 alteros
1474 2205 1534 2231 tres
1555 2197 1673 2239 quando
1696 2198 1880 2230 sacerdotem
1897 2196 1952 2241 seu
1975 2195 2126 2234 Presbyte·

1245 2257 1311 2280 rum
1319 2246 1435 2289 perficit
1445 2271 1453 2279 .
1481 2247 1525 2281 Et
1535 2248 1611 2290 quia
1626 2244 1717 2282 hasce
1726 2246 1910 2281 exafflones
1921 2246 2054 2290 quidam
2069 2256 2127 2278 no-

1245 2295 1360 2333 tabant
1382 2296 1422 2331 de
1448 2296 1596 2330 Simonia
1616 2321 1627 2337 ,
1654 2297 1757 2341 pergit
1777 2297 1878 2330 dictus
1899 2295 2128 2333 Theodorus:

1246 2351 1322 2379 Cum
1334 2345 1389 2379 hac
1410 2357 1497 2380 aurea
1518 2348 1610 2380 Bulla
1621 2347 1768 2387 confeHus
1791 2345 1829 2386 est
1840 2352 1933 2379 etiam
1944 2347 1964 2377 ἃ
1985 2343 2127 2384 sanctim-

1245 2408 1289 2429 mo
1317 2396 1494 2430 Patriarcba
1520 2400 1642 2429 Domino
1667 2397 1789 2429 Nicolao
1812 2396 1957 2434 synodalis
1987 2404 2126 2429 commm-

1245 2456 1342 2480 tartus
1353 2471 1364 2487 ,
1390 2452 1440 2489 qui
1446 2447 1533 2487 jubet
1544 2456 1577 2480 ut
1584 2445 1744 2491 secundum
1757 2446 1832 2480 banc
1854 2456 1976 2478 auream
1999 2443 2131 2477 Rullum

1244 2502 1394 2530 coronaria
1402 2497 1534 2538 tributa,
1553 2507 1589 2530 ac
1605 2498 1853 2539 preordinacione
1866 2494 2029 2536 darisolita
2050 2493 2125 2528 den·

1245 2557 1312 2580 tur.
1338 2546 1503 2581 Adfirmat
1524 2548 1592 2589 ipsa
1613 2557 1681 2579 non
1703 2546 1765 2579 effe
1785 2542 1989 2583 simoniaca,
2014 2542 2047 2575 δε
2069 2540 2123 2576 ad·

1243 2597 1350 2642 jungit
1361 2598 1506 2631 causam:
1533 2600 1642 2637 Neque
1660 2600 1738 2627 enim
1759 2603 1867 2626 merces
1889 2591 1946 2632 est,
1973 2592 2053 2634 quod
2066 2591 2124 2624 ali·

1245 2656 1406 2682 mentorum
1430 2650 1533 2690 gratia
1570 2644 1704 2686 Pontifici
1725 2645 1841 2676 datur.
1881 2642 1985 2688 Qod
2009 2652 2121 2676 tamen

1247 2710 1314 2731 non
1326 2695 1471 2740 probavit
1494 2695 1777 2738 LatinuslAuc'tor
1794 2691 1912 2726 eruditi
1933 2691 1974 2725 ad
1995 2691 2122 2726 versum

1247 2748 1378 2780 Graecos
1389 2748 1538 2780 tractatus
1551 2759 1561 2778 .-
1587 2743 1705 2787 lnsorte
1715 2746 1840 2776 simonis
1849 2744 1933 2784 Magi
1942 2743 2053 2781 dejure
2064 2748 2123 2782 po·

1247 2798 1337 2830 nenda·
1344 2794 1416 2838 sunt
1428 2798 1594 2834 Graecorum
1609 2793 1763 2834 Pontifices
1776 2818 1786 2834 ‚
1801 2796 1853 2834 qui
1863 2794 1882 2824 5
1883 2803 1965 2823 acro:
1979 2791 2120 2831 ordines..

1247 2853 1298 2889 qui
1303 2851 1402 2891 gratis
1416 2839 1520 2878 debent
1531 2847 1600 2878 dari
1610 2867 1621 2885 ,
1647 2841 1703 2884 nist*
1709 2855 1815 2876 manus
1827 2853 1921 2876 eorum
1927 2849 2121 2884 aeregraven·

1248 2907 1296 2930 tur
1307 2921 1318 2937 ‚
1332 2907 1398 2929 snon
1409 2894 1544 2928 tribuunt
1557 2919 1564 2926 .

1297 2944 1390 2980 Dure
1399 2945 1531 2989 quidem
1543 2969 1555 2986 ,
1581 2944 1634 2980 sed
1645 2954 1750 2979 tamen
1766 2942 1912 2986 loquitur
1920 2941 2008 2984 juxta
2031 2948 2123 2973 vetu-

1249 2996 1328 3031 stam
1342 2995 1466 3031 Latinae
1482 2995 1627 3029 Ecclesiae
1636 2994 1837 3037 disciplinam
1850 3017 1862 3032 ,
1874 3003 1927 3025 „ex
1949 3000 2013 3044 qua
2036 2989 2119 3021 fimi-

1252 3047 1340 3081 lesin
1363 3045 1459 3079 variis
1480 3045 1662 3079 Provinciis
1686 3044 1858 3089 grassantes
1872 3037 2119 3072 exastionesde

1250 3097 1396 3131 Simonia
1407 3095 1618 3129 damnavitin
1641 3095 1735 3128 variis
1749 3089 1908 3134 Epistolis
1929 3087 1963 3120 &
1985 3088 2121 3143 Sani-{us

1251 3146 1428 3190 Gregorius
1448 3145 1610 3189 Magnus.
1636 3145 1734 3179 Suam
1754 3138 1901 3183 regulam
1925 3149 2033 3183 vigere
2058 3138 2120 3180 Juss·

1251 3197 1286 3230 sit
1305 3198 1402 3230 etiam
1427 3195 1462 3228 in
1482 3194 1702 3229 patriarchatu
1724 3188 1973 3241 Alexandrino,
2001 3187 2121 3225 Antio·

1252 3245 1359 3280 cheno
1374 3270 1385 3285 ,
1395 3245 1699 3288 Hierosolymitano
1708 3265 1719 3281 ‚
1732 3239 1766 3272 ὃς
1776 3237 2118 3280 (bnstantinopolita-

1253 3308 1296 3330 no
1320 3322 1327 3328 .
1355 3295 1427 3328 Nec
1446 3293 1659 3329 dubitandum
1682 3314 1693 3330 ‚
1718 3290 1798 3333 quin
1818 3290 1853 3322 in
1876 3288 1961 3322 datis
1978 3287 2019 3320 ad
2041 3287 2120 3322 istos

1252 3345 1450 3380 patriarchas
1468 3343 1582 3383 litteris
1601 3364 1612 3382 ‚
1637 3339 1714 3373 licet
1737 3350 1805 3373 non
1827 3338 2007 3382 exprimat,
2027 3345 2120 3370 notet

1252 3394 1502 3431 consuetudines
1522 3401 1631 3424 recens
1651 3400 1729 3423 tunc
1753 3388 1901 3433 probatas
1920 3387 1938 3420 a
1962 3385 2122 3428 Principe

1255 3446 1451 3491 Iustiniano-
1478 3439 1640 3486 Regulam
1650 3440 1748 3475 edicit
1759 3440 1793 3479 in
1813 3438 1928 3478 litteris
1948 3436 1987 3471 ad
2005 3435 2122 3492 ‘Ianua-

1989 3497 2074 3525 num
