<?xml version="1.0" encoding="UTF-8"?>
<!DOCTYPE html PUBLIC "-//W3C//DTD XHTML 1.0 Transitional//EN"
    "http://www.w3.org/TR/xhtml1/DTD/xhtml1-transitional.dtd">
<html xmlns="http://www.w3.org/1999/xhtml" xml:lang="en" lang="en">
 <head>
  <title>
</title>
<meta http-equiv="Content-Type" content="text/html;charset=utf-8" />
  <meta name='ocr-system' content='tesseract 3.04.00' />
  <meta name='ocr-capabilities' content='ocr_page ocr_carea ocr_par ocr_line ocrx_word'/>
</head>
<body>
  <div class='ocr_page' id='page_1' title='image "./operaomniastudio04lupuuoft/operaomniastudio04lupuuoft_0374.png"; bbox 0 0 2352 3736; ppageno 0'>
   <div class='ocr_carea' id='block_1_1' title="bbox 119 681 276 800">
    <p class='ocr_par' dir='ltr' id='par_1_1' title="bbox 119 681 276 800">
     <span class='ocr_line' id='line_1_1' title="bbox 119 681 257 718; baseline -0.043 -5"><span class='ocrx_word' id='word_1_1' title='bbox 119 681 203 718; x_wconf 76' lang='lat' dir='ltr'><em>Epist.</em></span> <span class='ocrx_word' id='word_1_2' title='bbox 232 692 257 716; x_wconf 87' lang='lat'><em>7.</em></span> 
     </span>
     <span class='ocr_line' id='line_1_2' title="bbox 122 722 257 758; baseline -0.015 -6"><span class='ocrx_word' id='word_1_3' title='bbox 122 722 209 758; x_wconf 73' lang='lat' dir='ltr'><em>Epist.</em></span> <span class='ocrx_word' id='word_1_4' title='bbox 230 732 257 758; x_wconf 90' lang='lat'><em>9.</em></span> 
     </span>
     <span class='ocr_line' id='line_1_3' title="bbox 122 761 276 800; baseline -0.013 -8"><span class='ocrx_word' id='word_1_5' title='bbox 122 761 210 800; x_wconf 76' lang='lat' dir='ltr'><em>Epist.</em></span> <span class='ocrx_word' id='word_1_6' title='bbox 233 771 276 799; x_wconf 82' lang='lat'><em>13.</em></span> 
     </span>
    </p>
   </div>
   <div class='ocr_carea' id='block_1_2' title="bbox 127 1029 274 1070">
    <p class='ocr_par' dir='ltr' id='par_1_2' title="bbox 127 1029 274 1070">
     <span class='ocr_line' id='line_1_4' title="bbox 127 1029 274 1070; baseline 0 -8"><span class='ocrx_word' id='word_1_7' title='bbox 127 1029 212 1070; x_wconf 50' lang='lat' dir='ltr'><em>Epist&amp;</em></span> <span class='ocrx_word' id='word_1_8' title='bbox 227 1041 274 1069; x_wconf 81' lang='lat'><em>99·</em></span> 
     </span>
    </p>
   </div>
   <div class='ocr_carea' id='block_1_3' title="bbox 118 1922 249 1959">
    <p class='ocr_par' dir='ltr' id='par_1_3' title="bbox 118 1922 249 1959">
     <span class='ocr_line' id='line_1_5' title="bbox 118 1922 249 1959; baseline 0 -9"><span class='ocrx_word' id='word_1_9' title='bbox 118 1922 192 1959; x_wconf 59' lang='lat' dir='ltr'><em>Cap.</em></span> <span class='ocrx_word' id='word_1_10' title='bbox 202 1923 249 1957; x_wconf 74' lang='lat'><em>46,</em></span> 
     </span>
    </p>
   </div>
   <div class='ocr_carea' id='block_1_4' title="bbox 117 2272 272 2306">
    <p class='ocr_par' dir='ltr' id='par_1_4' title="bbox 117 2272 272 2306">
     <span class='ocr_line' id='line_1_6' title="bbox 117 2272 272 2306; baseline -0.013 -5"><span class='ocrx_word' id='word_1_11' title='bbox 117 2272 272 2306; x_wconf 82' lang='lat' dir='ltr'><em>1..5.c21.</em></span> 
     </span>
    </p>
   </div>
   <div class='ocr_carea' id='block_1_5' title="bbox 126 2503 278 2539">
    <p class='ocr_par' dir='ltr' id='par_1_5' title="bbox 126 2503 278 2539">
     <span class='ocr_line' id='line_1_7' title="bbox 126 2503 278 2539; baseline -0.02 -3"><span class='ocrx_word' id='word_1_12' title='bbox 126 2503 187 2536; x_wconf 83' lang='lat' dir='ltr'><em>Lib.</em></span> <span class='ocrx_word' id='word_1_13' title='bbox 213 2513 278 2539; x_wconf 82' lang='lat'>107.</span> 
     </span>
    </p>
   </div>
   <div class='ocr_carea' id='block_1_6' title="bbox 283 116 1185 1641">
    <p class='ocr_par' dir='ltr' id='par_1_6' title="bbox 283 116 1185 1338">
     <span class='ocr_line' id='line_1_8' title="bbox 372 116 469 168; baseline -0.01 -7"><span class='ocrx_word' id='word_1_14' title='bbox 372 119 394 161; x_wconf 79' lang='lat'><strong>3</strong></span> <span class='ocrx_word' id='word_1_15' title='bbox 404 116 469 168; x_wconf 70' lang='lat'><em>64</em></span> 
     </span>
     <span class='ocr_line' id='line_1_9' title="bbox 285 183 1182 231; baseline -0.004 -11"><span class='ocrx_word' id='word_1_16' title='bbox 285 188 458 223; x_wconf 66' lang='lat' dir='ltr'><em>,herbarum</em></span> <span class='ocrx_word' id='word_1_17' title='bbox 468 192 501 223; x_wconf 59' lang='lat' dir='ltr'><em>er</em></span> <span class='ocrx_word' id='word_1_18' title='bbox 509 191 651 231; x_wconf 81' lang='lat' dir='ltr'><em>foliorum</em></span> <span class='ocrx_word' id='word_1_19' title='bbox 657 183 885 228; x_wconf 61' lang='lat' dir='ltr'><em>summitatibus</em></span> <span class='ocrx_word' id='word_1_20' title='bbox 898 188 1026 217; x_wconf 75' lang='lat' dir='ltr'><em>contenti</em></span> <span class='ocrx_word' id='word_1_21' title='bbox 1049 187 1159 217; x_wconf 75' lang='lat' dir='ltr'><em>erimus</em></span> <span class='ocrx_word' id='word_1_22' title='bbox 1171 208 1182 224; x_wconf 89' lang='lat'><strong>,</strong></span> 
     </span>
     <span class='ocr_line' id='line_1_10' title="bbox 295 234 1183 285; baseline -0.008 -13"><span class='ocrx_word' id='word_1_23' title='bbox 295 240 345 272; x_wconf 73' lang='lat' dir='ltr'><em>’ad</em></span> <span class='ocrx_word' id='word_1_24' title='bbox 364 245 503 285; x_wconf 68' lang='lat' dir='ltr'><em>exiguam</em></span> <span class='ocrx_word' id='word_1_25' title='bbox 523 240 558 271; x_wconf 62' lang='grc' dir='ltr'><em>Θ</em></span> <span class='ocrx_word' id='word_1_26' title='bbox 577 237 699 275; x_wconf 60' lang='lat' dir='ltr'><em>minime</em></span> <span class='ocrx_word' id='word_1_27' title='bbox 721 236 936 268; x_wconf 68' lang='lat' dir='ltr'><em>redundantem</em></span> <span class='ocrx_word' id='word_1_28' title='bbox 967 234 1138 269; x_wconf 83' lang='lat' dir='ltr'><em>alimoniam</em></span> <span class='ocrx_word' id='word_1_29' title='bbox 1148 245 1183 269; x_wconf 78' lang='lat' dir='ltr'><em>ac</em></span> 
     </span>
     <span class='ocr_line' id='line_1_11' title="bbox 299 283 1180 325; baseline -0.008 0"><span class='ocrx_word' id='word_1_30' title='bbox 299 296 383 324; x_wconf 63' lang='lat' dir='ltr'><em>vires</em></span> <span class='ocrx_word' id='word_1_31' title='bbox 396 314 403 321; x_wconf 92' lang='lat'><em>.</em></span> <span class='ocrx_word' id='word_1_32' title='bbox 431 292 483 321; x_wconf 83' lang='lat' dir='ltr'><em>sin</em></span> <span class='ocrx_word' id='word_1_33' title='bbox 496 295 596 320; x_wconf 83' lang='lat' dir='ltr'><em>autem</em></span> <span class='ocrx_word' id='word_1_34' title='bbox 618 285 681 323; x_wconf 63' lang='lat' dir='ltr'><em>bac</em></span> <span class='ocrx_word' id='word_1_35' title='bbox 699 285 930 320; x_wconf 67' lang='lat' dir='ltr'><em>imbecillitatem</em></span> <span class='ocrx_word' id='word_1_36' title='bbox 951 283 1078 325; x_wconf 84' lang='lat' dir='ltr'><em>nostram</em></span> <span class='ocrx_word' id='word_1_37' title='bbox 1100 295 1180 318; x_wconf 83' lang='lat' dir='ltr'><em>exce-</em></span> 
     </span>
     <span class='ocr_line' id='line_1_12' title="bbox 295 337 1183 379; baseline -0.005 -7"><span class='ocrx_word' id='word_1_38' title='bbox 295 342 378 374; x_wconf 74' lang='lat' dir='ltr'><em>-dant</em></span> <span class='ocrx_word' id='word_1_39' title='bbox 391 363 400 376; x_wconf 90' lang='lat'><em>,</em></span> <span class='ocrx_word' id='word_1_40' title='bbox 427 347 491 370; x_wconf 90' lang='lat' dir='ltr'><em>tum</em></span> <span class='ocrx_word' id='word_1_41' title='bbox 502 339 667 379; x_wconf 81' lang='lat' dir='ltr'><em>neceffltatt&#39;s</em></span> <span class='ocrx_word' id='word_1_42' title='bbox 679 341 775 370; x_wconf 85' lang='lat' dir='ltr'><em>omnis</em></span> <span class='ocrx_word' id='word_1_43' title='bbox 788 360 799 376; x_wconf 84' lang='lat'><em>‚</em></span> <span class='ocrx_word' id='word_1_44' title='bbox 825 343 890 368; x_wconf 88' lang='lat' dir='ltr'><em>tum</em></span> <span class='ocrx_word' id='word_1_45' title='bbox 901 345 937 367; x_wconf 85' lang='lat' dir='ltr'><em>ra</em></span> <span class='ocrx_word' id='word_1_46' title='bbox 942 340 1031 368; x_wconf 88' lang='lat' dir='ltr'><em>tionis</em></span> <span class='ocrx_word' id='word_1_47' title='bbox 1046 337 1183 374; x_wconf 78' lang='lat' dir='ltr'><em>vivendi,</em></span> 
     </span>
     <span class='ocr_line' id='line_1_13' title="bbox 302 384 1181 431; baseline -0.003 -9"><span class='ocrx_word' id='word_1_48' title='bbox 302 401 336 425; x_wconf 76' lang='lat' dir='ltr'><em>ac</em></span> <span class='ocrx_word' id='word_1_49' title='bbox 345 386 537 430; x_wconf 66' lang='lat' dir='ltr'><em>peffec‘lionis</em></span> <span class='ocrx_word' id='word_1_50' title='bbox 546 386 750 431; x_wconf 77' lang='lat' dir='ltr'><em>adipiscendae</em></span> <span class='ocrx_word' id='word_1_51' title='bbox 757 385 863 429; x_wconf 85' lang='lat' dir='ltr'><em>forma</em></span> <span class='ocrx_word' id='word_1_52' title='bbox 873 384 958 418; x_wconf 88' lang='lat' dir='ltr'><em>nobis</em></span> <span class='ocrx_word' id='word_1_53' title='bbox 974 397 1008 419; x_wconf 86' lang='lat' dir='ltr'><em>ac</em></span> <span class='ocrx_word' id='word_1_54' title='bbox 1029 386 1130 431; x_wconf 87' lang='lat' dir='ltr'><em>regula</em></span> <span class='ocrx_word' id='word_1_55' title='bbox 1143 384 1181 427; x_wconf 88' lang='lat' dir='ltr'><em>fit</em></span> 
     </span>
     <span class='ocr_line' id='line_1_14' title="bbox 301 436 1182 482; baseline -0.008 -10"><span class='ocrx_word' id='word_1_56' title='bbox 301 440 380 482; x_wconf 83' lang='lat' dir='ltr'><em>quod</em></span> <span class='ocrx_word' id='word_1_57' title='bbox 390 438 517 480; x_wconf 79' lang='lat' dir='ltr'><em>Antt&#39;stes</em></span> <span class='ocrx_word' id='word_1_58' title='bbox 529 437 671 481; x_wconf 80' lang='lat' dir='ltr'><em>censuerit</em></span> <span class='ocrx_word' id='word_1_59' title='bbox 684 445 773 481; x_wconf 86' lang='lat' dir='ltr'><em>atque</em></span> <span class='ocrx_word' id='word_1_60' title='bbox 782 441 938 478; x_wconf 81' lang='lat' dir='ltr'><em>imperarit</em></span> <span class='ocrx_word' id='word_1_61' title='bbox 951 461 958 468; x_wconf 91' lang='lat'><strong><em>.</em></strong></span> <span class='ocrx_word' id='word_1_62' title='bbox 999 436 1124 470; x_wconf 76' lang='lat' dir='ltr'><em>Denuo</em></span> <span class='ocrx_word' id='word_1_63' title='bbox 1138 437 1182 469; x_wconf 88' lang='lat' dir='ltr'><em>af-</em></span> 
     </span>
     <span class='ocr_line' id='line_1_15' title="bbox 297 483 1184 531; baseline -0.001 -10"><span class='ocrx_word' id='word_1_64' title='bbox 297 490 407 523; x_wconf 86' lang='lat' dir='ltr'><em>firmat</em></span> <span class='ocrx_word' id='word_1_65' title='bbox 419 490 568 524; x_wconf 60' lang='lat' dir='ltr'><em>Sanctum</em></span> <span class='ocrx_word' id='word_1_66' title='bbox 580 489 740 531; x_wconf 84' lang='lat' dir='ltr'><em>Joannem</em></span> <span class='ocrx_word' id='word_1_67' title='bbox 754 486 933 530; x_wconf 82' lang='lat' dir='ltr'><em>Baptistam</em></span> <span class='ocrx_word' id='word_1_68' title='bbox 944 497 985 521; x_wconf 85' lang='lat' dir='ltr'><em>ex</em></span> <span class='ocrx_word' id='word_1_69' title='bbox 1015 485 1091 523; x_wconf 88' lang='lat' dir='ltr'><em>solis</em></span> <span class='ocrx_word' id='word_1_70' title='bbox 1115 483 1184 522; x_wconf 73' lang='lat' dir='ltr'><em>her-</em></span> 
     </span>
     <span class='ocr_line' id='line_1_16' title="bbox 298 534 1182 580; baseline -0.005 -6"><span class='ocrx_word' id='word_1_71' title='bbox 298 538 348 574; x_wconf 88' lang='lat' dir='ltr'><em>bis</em></span> <span class='ocrx_word' id='word_1_72' title='bbox 359 540 536 580; x_wconf 67' lang='lat' dir='ltr'><em>victitasse,</em></span> <span class='ocrx_word' id='word_1_73' title='bbox 563 538 608 572; x_wconf 88' lang='lat' dir='ltr'><em>ita</em></span> <span class='ocrx_word' id='word_1_74' title='bbox 628 537 840 574; x_wconf 67' lang='lat' dir='ltr'><em>victitandum</em></span> <span class='ocrx_word' id='word_1_75' title='bbox 865 537 959 571; x_wconf 89' lang='lat' dir='ltr'><em>omni</em></span> <span class='ocrx_word' id='word_1_76' title='bbox 984 534 1158 571; x_wconf 86' lang='lat' dir='ltr'><em>Monacho</em></span> <span class='ocrx_word' id='word_1_77' title='bbox 1172 560 1182 577; x_wconf 90' lang='lat'>,</span> 
     </span>
     <span class='ocr_line' id='line_1_17' title="bbox 296 586 1182 630; baseline -0.005 -6"><span class='ocrx_word' id='word_1_78' title='bbox 296 602 335 624; x_wconf 90' lang='lat' dir='ltr'><em>ac</em></span> <span class='ocrx_word' id='word_1_79' title='bbox 349 592 448 625; x_wconf 86' lang='lat' dir='ltr'><em>etiam</em></span> <span class='ocrx_word' id='word_1_80' title='bbox 461 589 595 624; x_wconf 88' lang='lat' dir='ltr'><em>infirmo</em></span> <span class='ocrx_word' id='word_1_81' title='bbox 611 589 690 622; x_wconf 89' lang='lat' dir='ltr'><em>citra</em></span> <span class='ocrx_word' id='word_1_82' title='bbox 704 587 850 622; x_wconf 71' lang='lat' dir='ltr'><em>Praefesti</em></span> <span class='ocrx_word' id='word_1_83' title='bbox 875 587 1033 630; x_wconf 85' lang='lat' dir='ltr'><em>judicium</em></span> <span class='ocrx_word' id='word_1_84' title='bbox 1061 586 1102 620; x_wconf 90' lang='lat' dir='ltr'><em>ab</em></span> <span class='ocrx_word' id='word_1_85' title='bbox 1125 587 1182 620; x_wconf 84' lang='lat' dir='ltr'><em>ista</em></span> 
     </span>
     <span class='ocr_line' id='line_1_18' title="bbox 295 637 1183 685; baseline -0.003 -10"><span class='ocrx_word' id='word_1_86' title='bbox 295 642 464 675; x_wconf 69' lang='lat' dir='ltr'><em>sanffltate</em></span> <span class='ocrx_word' id='word_1_87' title='bbox 480 650 548 673; x_wconf 91' lang='lat' dir='ltr'><em>non</em></span> <span class='ocrx_word' id='word_1_88' title='bbox 560 638 777 675; x_wconf 89' lang='lat' dir='ltr'><em>recedendum</em></span> <span class='ocrx_word' id='word_1_89' title='bbox 791 664 798 671; x_wconf 88' lang='lat'><strong>.</strong></span> <span class='ocrx_word' id='word_1_90' title='bbox 826 638 931 685; x_wconf 86' lang='lat' dir='ltr'><em>Qod</em></span> <span class='ocrx_word' id='word_1_91' title='bbox 944 639 1048 681; x_wconf 90' lang='lat' dir='ltr'><em>ipsum</em></span> <span class='ocrx_word' id='word_1_92' title='bbox 1062 638 1095 672; x_wconf 89' lang='lat' dir='ltr'><em>in</em></span> <span class='ocrx_word' id='word_1_93' title='bbox 1111 637 1183 680; x_wconf 87' lang='lat' dir='ltr'><em>Epi-</em></span> 
     </span>
     <span class='ocr_line' id='line_1_19' title="bbox 294 688 1182 732; baseline -0.006 -7"><span class='ocrx_word' id='word_1_94' title='bbox 294 691 378 725; x_wconf 83' lang='lat' dir='ltr'><em>stola</em></span> <span class='ocrx_word' id='word_1_95' title='bbox 402 690 441 725; x_wconf 89' lang='lat' dir='ltr'><em>ad</em></span> <span class='ocrx_word' id='word_1_96' title='bbox 467 691 591 726; x_wconf 84' lang='lat' dir='ltr'><em>Laetam</em></span> <span class='ocrx_word' id='word_1_97' title='bbox 604 715 614 731; x_wconf 91' lang='lat'>,</span> <span class='ocrx_word' id='word_1_98' title='bbox 642 691 675 724; x_wconf 93' lang='lat' dir='ltr'><em>in</em></span> <span class='ocrx_word' id='word_1_99' title='bbox 702 689 849 732; x_wconf 85' lang='lat' dir='ltr'><em>Epistola</em></span> <span class='ocrx_word' id='word_1_100' title='bbox 870 688 910 722; x_wconf 91' lang='lat' dir='ltr'><em>ad</em></span> <span class='ocrx_word' id='word_1_101' title='bbox 932 688 1096 722; x_wconf 87' lang='lat' dir='ltr'><em>Salvinam</em></span> <span class='ocrx_word' id='word_1_102' title='bbox 1112 713 1121 728; x_wconf 93' lang='lat'>‚</span> <span class='ocrx_word' id='word_1_103' title='bbox 1148 688 1182 721; x_wconf 91' lang='lat' dir='ltr'><em>in</em></span> 
     </span>
     <span class='ocr_line' id='line_1_20' title="bbox 294 738 1183 784; baseline -0.006 -9"><span class='ocrx_word' id='word_1_104' title='bbox 294 740 443 784; x_wconf 84' lang='lat' dir='ltr'><em>Epistola</em></span> <span class='ocrx_word' id='word_1_105' title='bbox 455 741 495 774; x_wconf 82' lang='lat' dir='ltr'><em>ad</em></span> <span class='ocrx_word' id='word_1_106' title='bbox 507 741 640 774; x_wconf 81' lang='lat' dir='ltr'>Furiam</span> <span class='ocrx_word' id='word_1_107' title='bbox 651 763 662 779; x_wconf 92' lang='lat'>,</span> <span class='ocrx_word' id='word_1_108' title='bbox 675 741 710 774; x_wconf 90' lang='lat' dir='ltr'><em>in</em></span> <span class='ocrx_word' id='word_1_109' title='bbox 724 738 871 783; x_wconf 87' lang='lat' dir='ltr'><em>Epistola</em></span> <span class='ocrx_word' id='word_1_110' title='bbox 883 738 924 772; x_wconf 84' lang='lat' dir='ltr'><em>ad</em></span> <span class='ocrx_word' id='word_1_111' title='bbox 936 740 1090 773; x_wconf 65' lang='lat' dir='ltr'><em>SanClum</em></span> <span class='ocrx_word' id='word_1_112' title='bbox 1105 738 1183 774; x_wconf 89' lang='lat' dir='ltr'><em>Pau.</em></span> 
     </span>
     <span class='ocr_line' id='line_1_21' title="bbox 294 788 1183 834; baseline -0.006 -8"><span class='ocrx_word' id='word_1_113' title='bbox 294 792 401 826; x_wconf 87' lang='lat' dir='ltr'><em>linum</em></span> <span class='ocrx_word' id='word_1_114' title='bbox 413 815 424 831; x_wconf 90' lang='lat'>‚</span> <span class='ocrx_word' id='word_1_115' title='bbox 451 791 487 824; x_wconf 89' lang='lat' dir='ltr'><em>in</em></span> <span class='ocrx_word' id='word_1_116' title='bbox 501 790 647 834; x_wconf 85' lang='lat' dir='ltr'><em>Epistola</em></span> <span class='ocrx_word' id='word_1_117' title='bbox 661 790 702 825; x_wconf 84' lang='lat' dir='ltr'><em>ad</em></span> <span class='ocrx_word' id='word_1_118' title='bbox 716 788 933 831; x_wconf 79' lang='lat' dir='ltr'><em>Eustochium</em></span> <span class='ocrx_word' id='word_1_119' title='bbox 951 814 961 830; x_wconf 89' lang='lat'>‚</span> <span class='ocrx_word' id='word_1_120' title='bbox 986 801 1024 823; x_wconf 92' lang='lat' dir='ltr'><em>ac</em></span> <span class='ocrx_word' id='word_1_121' title='bbox 1044 789 1115 822; x_wconf 87' lang='lat' dir='ltr'><em>aliis</em></span> <span class='ocrx_word' id='word_1_122' title='bbox 1138 789 1183 822; x_wconf 90' lang='lat' dir='ltr'><em>lo-</em></span> 
     </span>
     <span class='ocr_line' id='line_1_22' title="bbox 294 839 1183 885; baseline -0.007 -8"><span class='ocrx_word' id='word_1_123' title='bbox 294 843 342 877; x_wconf 87' lang='lat' dir='ltr'><em>cis</em></span> <span class='ocrx_word' id='word_1_124' title='bbox 363 842 498 875; x_wconf 71' lang='lat' dir='ltr'><em>Santstus</em></span> <span class='ocrx_word' id='word_1_125' title='bbox 521 842 752 885; x_wconf 86' lang='lat' dir='ltr'>Hieronymus</span> <span class='ocrx_word' id='word_1_126' title='bbox 772 864 782 880; x_wconf 90' lang='lat'>‚</span> <span class='ocrx_word' id='word_1_127' title='bbox 816 840 917 879; x_wconf 80' lang='lat' dir='ltr'><em>¹variis</em></span> <span class='ocrx_word' id='word_1_128' title='bbox 939 839 1018 876; x_wconf 82' lang='lat' dir='ltr'><em>item</em></span> <span class='ocrx_word' id='word_1_129' title='bbox 1044 839 1077 872; x_wconf 90' lang='lat' dir='ltr'><em>in</em></span> <span class='ocrx_word' id='word_1_130' title='bbox 1103 839 1183 875; x_wconf 87' lang='lat' dir='ltr'><em>locis</em></span> 
     </span>
     <span class='ocr_line' id='line_1_23' title="bbox 293 888 1183 937; baseline -0.003 -11"><span class='ocrx_word' id='word_1_131' title='bbox 293 893 437 937; x_wconf 57' lang='lat' dir='ltr'><em>{oannes</em></span> <span class='ocrx_word' id='word_1_132' title='bbox 450 892 640 933; x_wconf 79' lang='lat' dir='ltr'><em>Caffianus,</em></span> <span class='ocrx_word' id='word_1_133' title='bbox 668 890 774 925; x_wconf 80' lang='lat' dir='ltr'><em>&amp;alii</em></span> <span class='ocrx_word' id='word_1_134' title='bbox 798 888 983 923; x_wconf 77' lang='lat' dir='ltr'>authentici</span> <span class='ocrx_word' id='word_1_135' title='bbox 1005 889 1183 933; x_wconf 81' lang='lat' dir='ltr'>Scriptores</span> 
     </span>
     <span class='ocr_line' id='line_1_24' title="bbox 293 939 1184 984; baseline -0.006 -6"><span class='ocrx_word' id='word_1_136' title='bbox 293 944 472 978; x_wconf 87' lang='lat' dir='ltr'><em>testantur.</em></span> <span class='ocrx_word' id='word_1_137' title='bbox 505 943 549 976; x_wconf 88' lang='lat' dir='ltr'><em>Et</em></span> <span class='ocrx_word' id='word_1_138' title='bbox 562 942 602 976; x_wconf 90' lang='lat' dir='ltr'><em>de</em></span> <span class='ocrx_word' id='word_1_139' title='bbox 614 941 717 984; x_wconf 84' lang='lat' dir='ltr'><em>seipso</em></span> <span class='ocrx_word' id='word_1_140' title='bbox 729 939 836 974; x_wconf 82' lang='lat' dir='ltr'>scribit</span> <span class='ocrx_word' id='word_1_141' title='bbox 849 940 883 974; x_wconf 92' lang='lat' dir='ltr'><em>in</em></span> <span class='ocrx_word' id='word_1_142' title='bbox 913 939 1060 984; x_wconf 86' lang='lat' dir='ltr'><em>Epistola</em></span> <span class='ocrx_word' id='word_1_143' title='bbox 1079 939 1119 973; x_wconf 86' lang='lat' dir='ltr'><em>ad</em></span> <span class='ocrx_word' id='word_1_144' title='bbox 1138 939 1184 973; x_wconf 88' lang='lat' dir='ltr'><em>A-</em></span> 
     </span>
     <span class='ocr_line' id='line_1_25' title="bbox 283 988 1185 1033; baseline -0.008 -5"><span class='ocrx_word' id='word_1_145' title='bbox 283 993 407 1033; x_wconf 62' lang='lat' dir='ltr'><em>sellam</em></span> <span class='ocrx_word' id='word_1_146' title='bbox 422 993 570 1028; x_wconf 90' lang='lat' dir='ltr'><em>laudatus</em></span> <span class='ocrx_word' id='word_1_147' title='bbox 584 991 834 1033; x_wconf 85' lang='lat' dir='ltr'>Hieronymus:</span> <span class='ocrx_word' id='word_1_148' title='bbox 863 993 928 1032; x_wconf 84' lang='lat' dir='ltr'><em>Ego</em></span> <span class='ocrx_word' id='word_1_149' title='bbox 950 998 1086 1023; x_wconf 83' lang='lat' dir='ltr'><em>ventrem</em></span> <span class='ocrx_word' id='word_1_150' title='bbox 1103 988 1185 1031; x_wconf 77' lang='lat' dir='ltr'><em>faba</em></span> 
     </span>
     <span class='ocr_line' id='line_1_26' title="bbox 287 1038 1184 1086; baseline -0.003 -9"><span class='ocrx_word' id='word_1_151' title='bbox 287 1038 420 1086; x_wconf 60' lang='lat' dir='ltr'><em>impleo.</em></span> <span class='ocrx_word' id='word_1_152' title='bbox 447 1044 627 1078; x_wconf 84' lang='lat' dir='ltr'>Rationem</span> <span class='ocrx_word' id='word_1_153' title='bbox 649 1042 706 1076; x_wconf 88' lang='lat' dir='ltr'><em>dat</em></span> <span class='ocrx_word' id='word_1_154' title='bbox 727 1043 763 1074; x_wconf 91' lang='lat' dir='ltr'><em>in</em></span> <span class='ocrx_word' id='word_1_155' title='bbox 786 1040 916 1075; x_wconf 83' lang='lat' dir='ltr'><em>laudata</em></span> <span class='ocrx_word' id='word_1_156' title='bbox 940 1040 980 1074; x_wconf 82' lang='lat' dir='ltr'><em>ad</em></span> <span class='ocrx_word' id='word_1_157' title='bbox 1006 1038 1184 1074; x_wconf 88' lang='lat' dir='ltr'><em>Paulinum</em></span> 
     </span>
     <span class='ocr_line' id='line_1_27' title="bbox 294 1090 1184 1141; baseline -0.006 -14"><span class='ocrx_word' id='word_1_158' title='bbox 294 1094 442 1138; x_wconf 79' lang='lat' dir='ltr'><em>Epistola</em></span> <span class='ocrx_word' id='word_1_159' title='bbox 453 1108 464 1130; x_wconf 85' lang='lat'><em>.·</em></span> <span class='ocrx_word' id='word_1_160' title='bbox 492 1097 512 1127; x_wconf 86' lang='lat' dir='ltr'><em>s</em></span> <span class='ocrx_word' id='word_1_161' title='bbox 514 1099 539 1125; x_wconf 86' lang='lat' dir='ltr'><em>it</em></span> <span class='ocrx_word' id='word_1_162' title='bbox 551 1094 623 1126; x_wconf 83' lang='lat' dir='ltr'><em>vilis</em></span> <span class='ocrx_word' id='word_1_163' title='bbox 636 1094 671 1126; x_wconf 59' lang='grc' dir='ltr'><em>(ν</em></span> <span class='ocrx_word' id='word_1_164' title='bbox 682 1090 871 1141; x_wconf 60' lang='lat' dir='ltr'><em>:vespertinus</em></span> <span class='ocrx_word' id='word_1_165' title='bbox 882 1090 965 1127; x_wconf 83' lang='lat' dir='ltr'><em>cibus</em></span> <span class='ocrx_word' id='word_1_166' title='bbox 975 1115 986 1132; x_wconf 87' lang='lat'><strong><em>,</em></strong></span> <span class='ocrx_word' id='word_1_167' title='bbox 1015 1091 1092 1124; x_wconf 90' lang='lat' dir='ltr'><em>olera</em></span> <span class='ocrx_word' id='word_1_168' title='bbox 1102 1090 1137 1126; x_wconf 61' lang='grc' dir='ltr'><strong><em>Θ</em></strong></span> <span class='ocrx_word' id='word_1_169' title='bbox 1146 1090 1184 1123; x_wconf 87' lang='lat' dir='ltr'><em>le-</em></span> 
     </span>
     <span class='ocr_line' id='line_1_28' title="bbox 288 1139 1185 1189; baseline -0.006 -11"><span class='ocrx_word' id='word_1_170' title='bbox 288 1151 416 1189; x_wconf 83' lang='lat' dir='ltr'><em>gumina</em></span> <span class='ocrx_word' id='word_1_171' title='bbox 431 1169 438 1178; x_wconf 87' lang='lat'><strong><em>.</em></strong></span> <span class='ocrx_word' id='word_1_172' title='bbox 466 1143 620 1178; x_wconf 79' lang='lat' dir='ltr'><em>Interdum</em></span> <span class='ocrx_word' id='word_1_173' title='bbox 627 1141 783 1186; x_wconf 74' lang='lat' dir='ltr'><em>pisciculos</em></span> <span class='ocrx_word' id='word_1_174' title='bbox 794 1151 851 1184; x_wconf 85' lang='lat' dir='ltr'><em>pro</em></span> <span class='ocrx_word' id='word_1_175' title='bbox 859 1139 986 1183; x_wconf 81' lang='lat' dir='ltr'><em>summis</em></span> <span class='ocrx_word' id='word_1_176' title='bbox 997 1142 1091 1175; x_wconf 81' lang='lat' dir='ltr'><em>ducas</em></span> <span class='ocrx_word' id='word_1_177' title='bbox 1114 1141 1185 1173; x_wconf 70' lang='lat' dir='ltr'><em>delr-</em></span> 
     </span>
     <span class='ocr_line' id='line_1_29' title="bbox 293 1188 1183 1239; baseline -0.007 -10"><span class='ocrx_word' id='word_1_178' title='bbox 293 1202 329 1229; x_wconf 79' lang='lat' dir='ltr'><em>cit</em></span> <span class='ocrx_word' id='word_1_179' title='bbox 338 1209 354 1229; x_wconf 92' lang='lat' dir='ltr'><em>s</em></span> <span class='ocrx_word' id='word_1_180' title='bbox 376 1221 382 1228; x_wconf 86' lang='lat'><strong><em>.</em></strong></span> <span class='ocrx_word' id='word_1_181' title='bbox 411 1198 476 1239; x_wconf 77' lang='lat' dir='ltr'><em>,Qui</em></span> <span class='ocrx_word' id='word_1_182' title='bbox 490 1194 638 1235; x_wconf 77' lang='lat' dir='ltr'><em>christum</em></span> <span class='ocrx_word' id='word_1_183' title='bbox 647 1190 789 1234; x_wconf 69' lang='lat' dir='ltr'><em>desiderat</em></span> <span class='ocrx_word' id='word_1_184' title='bbox 801 1217 811 1232; x_wconf 95' lang='lat'>,</span> <span class='ocrx_word' id='word_1_185' title='bbox 838 1193 872 1225; x_wconf 66' lang='grc' dir='ltr'><em>ό*</em></span> <span class='ocrx_word' id='word_1_186' title='bbox 884 1191 934 1224; x_wconf 74' lang='lat' dir='ltr'><em>illo</em></span> <span class='ocrx_word' id='word_1_187' title='bbox 942 1199 1024 1233; x_wconf 83' lang='lat' dir='ltr'><em>pane</em></span> <span class='ocrx_word' id='word_1_188' title='bbox 1035 1188 1165 1232; x_wconf 75' lang='lat' dir='ltr'><em>vescitur</em></span> <span class='ocrx_word' id='word_1_189' title='bbox 1174 1216 1183 1231; x_wconf 93' lang='lat'>,</span> 
     </span>
     <span class='ocr_line' id='line_1_30' title="bbox 293 1239 1184 1290; baseline -0.007 -9"><span class='ocrx_word' id='word_1_190' title='bbox 293 1256 352 1281; x_wconf 78' lang='lat' dir='ltr'><em>non</em></span> <span class='ocrx_word' id='word_1_191' title='bbox 365 1252 475 1288; x_wconf 78' lang='lat' dir='ltr'><em>quaerit</em></span> <span class='ocrx_word' id='word_1_192' title='bbox 486 1252 681 1290; x_wconf 79' lang='lat' dir='ltr'><em>magnopere,</em></span> <span class='ocrx_word' id='word_1_193' title='bbox 707 1245 743 1277; x_wconf 87' lang='lat' dir='ltr'><em>de</em></span> <span class='ocrx_word' id='word_1_194' title='bbox 755 1253 843 1290; x_wconf 84' lang='lat' dir='ltr'><em>quam</em></span> <span class='ocrx_word' id='word_1_195' title='bbox 851 1240 984 1289; x_wconf 75' lang='lat' dir='ltr'><em>preciosis</em></span> <span class='ocrx_word' id='word_1_196' title='bbox 994 1241 1066 1275; x_wconf 79' lang='lat' dir='ltr'><em>cibis</em></span> <span class='ocrx_word' id='word_1_197' title='bbox 1072 1239 1184 1284; x_wconf 76' lang='lat' dir='ltr'><em>stercus</em></span> 
     </span>
     <span class='ocr_line' id='line_1_31' title="bbox 293 1292 549 1338; baseline -0.004 -7"><span class='ocrx_word' id='word_1_198' title='bbox 293 1296 444 1338; x_wconf 77' lang='lat' dir='ltr'><em>conficiat,</em></span> <span class='ocrx_word' id='word_1_199' title='bbox 546 1292 549 1294; x_wconf 79' lang='grc'><strong>’</strong></span> 
     </span>
    </p>

    <p class='ocr_par' dir='ltr' id='par_1_7' title="bbox 287 1340 1183 1641">
     <span class='ocr_line' id='line_1_32' title="bbox 345 1340 1183 1390; baseline -0.008 -9"><span class='ocrx_word' id='word_1_200' title='bbox 345 1347 500 1381; x_wconf 86' lang='lat' dir='ltr'><em>Additin</em></span> <span class='ocrx_word' id='word_1_201' title='bbox 516 1345 662 1390; x_wconf 75' lang='lat' dir='ltr'><em>Epistola</em></span> <span class='ocrx_word' id='word_1_202' title='bbox 686 1344 727 1379; x_wconf 86' lang='lat' dir='ltr'><em>ad</em></span> <span class='ocrx_word' id='word_1_203' title='bbox 750 1343 939 1380; x_wconf 77' lang='lat' dir='ltr'><em>Salvinam:</em></span> <span class='ocrx_word' id='word_1_204' title='bbox 966 1344 1073 1378; x_wconf 82' lang='lat' dir='ltr'><em>Procul</em></span> <span class='ocrx_word' id='word_1_205' title='bbox 1085 1340 1147 1384; x_wconf 85' lang='lat' dir='ltr'><em>fint</em></span> <span class='ocrx_word' id='word_1_206' title='bbox 1163 1343 1183 1375; x_wconf 75' lang='grc' dir='ltr'><em>ἆ</em></span> 
     </span>
     <span class='ocr_line' id='line_1_33' title="bbox 293 1394 1182 1438; baseline -0.007 -8"><span class='ocrx_word' id='word_1_207' title='bbox 293 1403 446 1431; x_wconf 82' lang='lat' dir='ltr'><em>conviviis</em></span> <span class='ocrx_word' id='word_1_208' title='bbox 460 1402 522 1430; x_wconf 84' lang='lat' dir='ltr'><em>tuis</em></span> <span class='ocrx_word' id='word_1_209' title='bbox 537 1395 679 1438; x_wconf 84' lang='lat' dir='ltr'><em>Pbafides</em></span> <span class='ocrx_word' id='word_1_210' title='bbox 691 1406 766 1428; x_wconf 84' lang='lat' dir='ltr'><em>aves</em></span> <span class='ocrx_word' id='word_1_211' title='bbox 777 1418 787 1434; x_wconf 87' lang='lat'><em>,</em></span> <span class='ocrx_word' id='word_1_212' title='bbox 812 1394 891 1434; x_wconf 80' lang='lat' dir='ltr'><em>craffi</em></span> <span class='ocrx_word' id='word_1_213' title='bbox 912 1403 1042 1427; x_wconf 83' lang='lat' dir='ltr'><em>turtures</em></span> <span class='ocrx_word' id='word_1_214' title='bbox 1055 1417 1065 1432; x_wconf 94' lang='lat'>‚</span> <span class='ocrx_word' id='word_1_215' title='bbox 1102 1401 1182 1428; x_wconf 79' lang='lat' dir='ltr'><em>atta-</em></span> 
     </span>
     <span class='ocr_line' id='line_1_34' title="bbox 288 1443 1182 1492; baseline -0.009 -10"><span class='ocrx_word' id='word_1_216' title='bbox 288 1460 349 1492; x_wconf 83' lang='lat' dir='ltr'><em>gen</em></span> <span class='ocrx_word' id='word_1_217' title='bbox 354 1449 383 1491; x_wconf 92' lang='lat' dir='ltr'><em>J</em></span> <span class='ocrx_word' id='word_1_218' title='bbox 388 1455 486 1482; x_wconf 80' lang='lat' dir='ltr'><em>otricus</em></span> <span class='ocrx_word' id='word_1_219' title='bbox 501 1472 511 1488; x_wconf 90' lang='lat'><strong>,</strong></span> <span class='ocrx_word' id='word_1_220' title='bbox 541 1448 576 1480; x_wconf 73' lang='lat'><em>⁴&amp;</em></span> <span class='ocrx_word' id='word_1_221' title='bbox 587 1457 687 1481; x_wconf 88' lang='lat' dir='ltr'><em>omnes</em></span> <span class='ocrx_word' id='word_1_222' title='bbox 698 1457 773 1478; x_wconf 87' lang='lat' dir='ltr'><em>aves</em></span> <span class='ocrx_word' id='word_1_223' title='bbox 784 1470 793 1486; x_wconf 93' lang='lat'>,</span> <span class='ocrx_word' id='word_1_224' title='bbox 817 1444 922 1487; x_wconf 80' lang='lat' dir='ltr'><em>quibus</em></span> <span class='ocrx_word' id='word_1_225' title='bbox 933 1443 1105 1485; x_wconf 74' lang='lat' dir='ltr'><em>ampliffima</em></span> <span class='ocrx_word' id='word_1_226' title='bbox 1114 1453 1182 1475; x_wconf 78' lang='lat' dir='ltr'><em>avo-</em></span> 
     </span>
     <span class='ocr_line' id='line_1_35' title="bbox 293 1492 1182 1542; baseline -0.01 -10"><span class='ocrx_word' id='word_1_227' title='bbox 293 1500 360 1532; x_wconf 87' lang='lat' dir='ltr'><em>lant</em></span> <span class='ocrx_word' id='word_1_228' title='bbox 366 1503 553 1542; x_wconf 75' lang='lat' dir='ltr'><em>patrimonia</em></span> <span class='ocrx_word' id='word_1_229' title='bbox 565 1522 572 1531; x_wconf 83' lang='lat'><strong>.</strong></span> <span class='ocrx_word' id='word_1_230' title='bbox 602 1501 669 1529; x_wconf 89' lang='lat' dir='ltr'><em>Nec</em></span> <span class='ocrx_word' id='word_1_231' title='bbox 679 1497 743 1528; x_wconf 75' lang='lat' dir='ltr'><em>ideo</em></span> <span class='ocrx_word' id='word_1_232' title='bbox 756 1494 895 1529; x_wconf 84' lang='lat' dir='ltr'><em>carnibus</em></span> <span class='ocrx_word' id='word_1_233' title='bbox 907 1503 937 1529; x_wconf 79' lang='lat' dir='ltr'><em>te</em></span> <span class='ocrx_word' id='word_1_234' title='bbox 959 1492 1036 1536; x_wconf 78' lang='lat' dir='ltr'><em>vefti</em></span> <span class='ocrx_word' id='word_1_235' title='bbox 1049 1504 1105 1525; x_wconf 89' lang='lat' dir='ltr'><em>non</em></span> <span class='ocrx_word' id='word_1_236' title='bbox 1125 1501 1182 1533; x_wconf 87' lang='lat' dir='ltr'><em>pu-</em></span> 
     </span>
     <span class='ocr_line' id='line_1_36' title="bbox 291 1543 1182 1592; baseline -0.01 -10"><span class='ocrx_word' id='word_1_237' title='bbox 291 1557 339 1582; x_wconf 84' lang='lat' dir='ltr'><em>tes</em></span> <span class='ocrx_word' id='word_1_238' title='bbox 352 1573 363 1588; x_wconf 92' lang='lat'>,</span> <span class='ocrx_word' id='word_1_239' title='bbox 381 1547 505 1592; x_wconf 86' lang='lat' dir='ltr'><em>fisuum</em></span> <span class='ocrx_word' id='word_1_240' title='bbox 523 1572 534 1588; x_wconf 90' lang='lat'>‚</span> <span class='ocrx_word' id='word_1_241' title='bbox 560 1548 692 1590; x_wconf 86' lang='lat' dir='ltr'><em>leporum</em></span> <span class='ocrx_word' id='word_1_242' title='bbox 704 1555 796 1587; x_wconf 74' lang='lat' dir='ltr'><em>atquev</em></span> <span class='ocrx_word' id='word_1_243' title='bbox 805 1554 958 1577; x_wconf 84' lang='lat' dir='ltr'><em>cervorum</em></span> <span class='ocrx_word' id='word_1_244' title='bbox 969 1566 979 1581; x_wconf 86' lang='lat'>,</span> <span class='ocrx_word' id='word_1_245' title='bbox 1005 1545 1039 1576; x_wconf 63' lang='grc' dir='ltr'><em>(π</em></span> <span class='ocrx_word' id='word_1_246' title='bbox 1053 1543 1182 1585; x_wconf 85' lang='lat' dir='ltr'><em>quadru-</em></span> 
     </span>
     <span class='ocr_line' id='line_1_37' title="bbox 287 1593 1180 1641; baseline -0.011 -9"><span class='ocrx_word' id='word_1_247' title='bbox 287 1599 401 1641; x_wconf 82' lang='lat' dir='ltr'><em>pedum</em></span> <span class='ocrx_word' id='word_1_248' title='bbox 413 1603 619 1631; x_wconf 82' lang='lat' dir='ltr'><em>animantt&#39;um</em></span> <span class='ocrx_word' id='word_1_249' title='bbox 631 1594 805 1639; x_wconf 78' lang='lat' dir='ltr'><em>esculentias</em></span> <span class='ocrx_word' id='word_1_250' title='bbox 830 1593 982 1635; x_wconf 86' lang='lat' dir='ltr'><em>reprobes.</em></span> <span class='ocrx_word' id='word_1_251' title='bbox 1011 1595 1084 1625; x_wconf 87' lang='lat' dir='ltr'><em>Non</em></span> <span class='ocrx_word' id='word_1_252' title='bbox 1101 1597 1180 1624; x_wconf 82' lang='lat' dir='ltr'><em>enim</em></span> 
     </span>
    </p>
   </div>
   <div class='ocr_carea' id='block_1_7' title="bbox 288 1642 1179 1740">
    <p class='ocr_par' dir='ltr' id='par_1_8' title="bbox 288 1642 1179 1740">
     <span class='ocr_line' id='line_1_38' title="bbox 290 1642 1177 1690; baseline -0.012 -8"><span class='ocrx_word' id='word_1_253' title='bbox 290 1645 355 1682; x_wconf 78' lang='lat' dir='ltr'><em>baec</em></span> <span class='ocrx_word' id='word_1_254' title='bbox 365 1650 475 1690; x_wconf 85' lang='lat' dir='ltr'><em>pedum</em></span> <span class='ocrx_word' id='word_1_255' title='bbox 486 1645 671 1688; x_wconf 81' lang='lat' dir='ltr'><em>numero‚sed</em></span> <span class='ocrx_word' id='word_1_256' title='bbox 682 1651 714 1677; x_wconf 80' lang='lat' dir='ltr'><em>tn</em></span> <span class='ocrx_word' id='word_1_257' title='bbox 722 1642 879 1686; x_wconf 79' lang='lat' dir='ltr'><em>suavitate</em></span> <span class='ocrx_word' id='word_1_258' title='bbox 885 1643 985 1685; x_wconf 86' lang='lat' dir='ltr'><em>gustus</em></span> <span class='ocrx_word' id='word_1_259' title='bbox 989 1642 1177 1681; x_wconf 74' lang='lat' dir='ltr'><em>judicamur.</em></span> 
     </span>
     <span class='ocr_line' id='line_1_39' title="bbox 288 1689 1179 1740; baseline -0.013 -7"><span class='ocrx_word' id='word_1_260' title='bbox 288 1698 336 1732; x_wconf 81' lang='lat' dir='ltr'><em>Et</em></span> <span class='ocrx_word' id='word_1_261' title='bbox 357 1699 394 1733; x_wconf 89' lang='lat' dir='ltr'><em>in</em></span> <span class='ocrx_word' id='word_1_262' title='bbox 432 1696 582 1740; x_wconf 81' lang='lat' dir='ltr'><em>Epistola</em></span> <span class='ocrx_word' id='word_1_263' title='bbox 607 1693 646 1728; x_wconf 84' lang='lat' dir='ltr'><em>ad</em></span> <span class='ocrx_word' id='word_1_264' title='bbox 669 1694 820 1726; x_wconf 81' lang='lat' dir='ltr'><em>Furiam:</em></span> <span class='ocrx_word' id='word_1_265' title='bbox 850 1693 913 1724; x_wconf 78' lang='lat' dir='ltr'><em>Jllis</em></span> <span class='ocrx_word' id='word_1_266' title='bbox 933 1689 1030 1722; x_wconf 80' lang='lat' dir='ltr'><em>tribue</em></span> <span class='ocrx_word' id='word_1_267' title='bbox 1051 1690 1179 1721; x_wconf 72' lang='lat' dir='ltr'><em>divitias</em></span> 
     </span>
    </p>
   </div>
   <div class='ocr_carea' id='block_1_8' title="bbox 286 1739 1179 2041">
    <p class='ocr_par' dir='ltr' id='par_1_9' title="bbox 286 1739 1179 2041">
     <span class='ocr_line' id='line_1_40' title="bbox 288 1739 1176 1790; baseline -0.011 -9"><span class='ocrx_word' id='word_1_268' title='bbox 288 1755 380 1788; x_wconf 72' lang='lat' dir='ltr'><em>tuas,</em></span> <span class='ocrx_word' id='word_1_269' title='bbox 407 1752 530 1790; x_wconf 76' lang='lat' dir='ltr'><em>quinon</em></span> <span class='ocrx_word' id='word_1_270' title='bbox 543 1742 684 1785; x_wconf 83' lang='lat' dir='ltr'><em>Phafides</em></span> <span class='ocrx_word' id='word_1_271' title='bbox 695 1754 769 1776; x_wconf 82' lang='lat' dir='ltr'><em>aves</em></span> <span class='ocrx_word' id='word_1_272' title='bbox 783 1765 793 1781; x_wconf 92' lang='lat'><em>‚</em></span> <span class='ocrx_word' id='word_1_273' title='bbox 817 1739 877 1783; x_wconf 90' lang='lat' dir='ltr'><em>sed</em></span> <span class='ocrx_word' id='word_1_274' title='bbox 897 1739 1041 1772; x_wconf 85' lang='lat' dir='ltr'><em>cibarium</em></span> <span class='ocrx_word' id='word_1_275' title='bbox 1063 1746 1176 1780; x_wconf 84' lang='lat' dir='ltr'><em>panem</em></span> 
     </span>
     <span class='ocr_line' id='line_1_41' title="bbox 288 1788 1176 1839; baseline -0.014 -7"><span class='ocrx_word' id='word_1_276' title='bbox 288 1798 466 1837; x_wconf 84' lang='lat' dir='ltr'><em>comedunt,</em></span> <span class='ocrx_word' id='word_1_277' title='bbox 505 1801 559 1839; x_wconf 75' lang='lat' dir='ltr'><em>qui</em></span> <span class='ocrx_word' id='word_1_278' title='bbox 574 1794 693 1837; x_wconf 86' lang='lat' dir='ltr'><em>famem</em></span> <span class='ocrx_word' id='word_1_279' title='bbox 714 1792 860 1834; x_wconf 86' lang='lat' dir='ltr'><em>depellat.</em></span> <span class='ocrx_word' id='word_1_280' title='bbox 891 1790 934 1825; x_wconf 87' lang='lat' dir='ltr'><em>Et</em></span> <span class='ocrx_word' id='word_1_281' title='bbox 956 1788 1066 1822; x_wconf 83' lang='lat' dir='ltr'><em>nescio</em></span> <span class='ocrx_word' id='word_1_282' title='bbox 1080 1799 1176 1831; x_wconf 86' lang='lat' dir='ltr'><em>quem</em></span> 
     </span>
     <span class='ocr_line' id='line_1_42' title="bbox 286 1837 1177 1883; baseline -0.015 0"><span class='ocrx_word' id='word_1_283' title='bbox 286 1848 499 1883; x_wconf 81' lang='lat' dir='ltr'><em>orientalem</em></span> <span class='ocrx_word' id='word_1_284' title='bbox 512 1843 724 1878; x_wconf 77' lang='lat' dir='ltr'><em>Monachum</em></span> <span class='ocrx_word' id='word_1_285' title='bbox 735 1841 776 1875; x_wconf 91' lang='lat' dir='ltr'><em>de</em></span> <span class='ocrx_word' id='word_1_286' title='bbox 787 1840 983 1874; x_wconf 85' lang='lat' dir='ltr'><em>abstinentia</em></span> <span class='ocrx_word' id='word_1_287' title='bbox 997 1837 1131 1872; x_wconf 85' lang='lat' dir='ltr'><em>laudans</em></span> <span class='ocrx_word' id='word_1_288' title='bbox 1144 1838 1177 1870; x_wconf 91' lang='lat' dir='ltr'><em>in</em></span> 
     </span>
     <span class='ocr_line' id='line_1_43' title="bbox 288 1888 1178 1932; baseline -0.011 0"><span class='ocrx_word' id='word_1_289' title='bbox 288 1899 447 1932; x_wconf 82' lang='lat' dir='ltr'><em>Laufiaca</em></span> <span class='ocrx_word' id='word_1_290' title='bbox 486 1893 622 1931; x_wconf 78' lang='lat' dir='ltr'><em>historia</em></span> <span class='ocrx_word' id='word_1_291' title='bbox 669 1891 838 1929; x_wconf 81' lang='lat' dir='ltr'><em>Palladius</em></span> <span class='ocrx_word' id='word_1_292' title='bbox 874 1888 1178 1932; x_wconf 87' lang='lat' dir='ltr'><em>Helenopolitanus</em></span> 
     </span>
     <span class='ocr_line' id='line_1_44' title="bbox 288 1943 1177 1992; baseline -0.016 -9"><span class='ocrx_word' id='word_1_293' title='bbox 288 1948 474 1992; x_wconf 82' lang='lat' dir='ltr'><strong>Episcopus</strong></span> <span class='ocrx_word' id='word_1_294' title='bbox 486 1945 658 1990; x_wconf 79' lang='lat' dir='ltr'><em>adjungit:</em></span> <span class='ocrx_word' id='word_1_295' title='bbox 684 1944 745 1978; x_wconf 77' lang='lat' dir='ltr'><em>sed</em></span> <span class='ocrx_word' id='word_1_296' title='bbox 755 1951 848 1983; x_wconf 85' lang='lat' dir='ltr'><em>neque</em></span> <span class='ocrx_word' id='word_1_297' title='bbox 867 1945 976 1975; x_wconf 79' lang='lat' dir='ltr'><em>avium</em></span> <span class='ocrx_word' id='word_1_298' title='bbox 997 1943 1155 1980; x_wconf 77' lang='lat' dir='ltr'><em>aucupium</em></span> <span class='ocrx_word' id='word_1_299' title='bbox 1167 1962 1177 1978; x_wconf 93' lang='lat'>‚</span> 
     </span>
     <span class='ocr_line' id='line_1_45' title="bbox 291 1986 1179 2041; baseline -0.012 -9"><span class='ocrx_word' id='word_1_300' title='bbox 291 2009 384 2041; x_wconf 84' lang='lat' dir='ltr'><em>neque</em></span> <span class='ocrx_word' id='word_1_301' title='bbox 396 1995 622 2035; x_wconf 61' lang='lat' dir='ltr'><em>ullumanimal</em></span> <span class='ocrx_word' id='word_1_302' title='bbox 636 1991 884 2036; x_wconf 81' lang='lat' dir='ltr'><em>persequebatur.</em></span> <span class='ocrx_word' id='word_1_303' title='bbox 914 1986 1044 2024; x_wconf 72' lang='lat' dir='ltr'><em>Lucide</em></span> <span class='ocrx_word' id='word_1_304' title='bbox 1065 1990 1179 2032; x_wconf 87' lang='lat' dir='ltr'><em>suppo·</em></span> 
     </span>
    </p>
   </div>
   <div class='ocr_carea' id='block_1_9' title="bbox 283 2040 1179 2094">
    <p class='ocr_par' dir='ltr' id='par_1_10' title="bbox 283 2040 1179 2094">
     <span class='ocr_line' id='line_1_46' title="bbox 283 2040 1179 2094; baseline -0.015 -10"><span class='ocrx_word' id='word_1_305' title='bbox 283 2050 341 2094; x_wconf 64' lang='lat' dir='ltr'><em>vnit</em></span> <span class='ocrx_word' id='word_1_306' title='bbox 353 2045 512 2094; x_wconf 74' lang='lat' dir='ltr'><em>quosdam</em></span> <span class='ocrx_word' id='word_1_307' title='bbox 523 2040 715 2080; x_wconf 69' lang='lat' dir='ltr'><em>monachos</em></span> <span class='ocrx_word' id='word_1_308' title='bbox 729 2041 853 2076; x_wconf 74' lang='lat' dir='ltr'><em>vacasse</em></span> <span class='ocrx_word' id='word_1_309' title='bbox 867 2040 917 2074; x_wconf 85' lang='lat' dir='ltr'><em>isti</em></span> <span class='ocrx_word' id='word_1_310' title='bbox 941 2040 1083 2083; x_wconf 88' lang='lat' dir='ltr'><em>aucupio</em></span> <span class='ocrx_word' id='word_1_311' title='bbox 1093 2065 1103 2079; x_wconf 91' lang='lat'>‚</span> <span class='ocrx_word' id='word_1_312' title='bbox 1132 2048 1179 2072; x_wconf 82' lang='lat' dir='ltr'><em>at-</em></span> 
     </span>
    </p>
   </div>
   <div class='ocr_carea' id='block_1_10' title="bbox 289 2088 1189 3240">
    <p class='ocr_par' dir='ltr' id='par_1_11' title="bbox 289 2088 1189 3240">
     <span class='ocr_line' id='line_1_47' title="bbox 289 2088 1177 2151; baseline -0.015 -17"><span class='ocrx_word' id='word_1_313' title='bbox 289 2111 352 2144; x_wconf 87' lang='lat' dir='ltr'><em>que</em></span> <span class='ocrx_word' id='word_1_314' title='bbox 377 2099 423 2132; x_wconf 87' lang='lat' dir='ltr'><em>ita</em></span> <span class='ocrx_word' id='word_1_315' title='bbox 449 2096 592 2151; x_wconf 48' lang='lat' dir='ltr'><em>aviculas</em></span> <span class='ocrx_word' id='word_1_316' title='bbox 613 2092 840 2130; x_wconf 77' lang='lat' dir='ltr'><em>manducasse.</em></span> <span class='ocrx_word' id='word_1_317' title='bbox 869 2091 1051 2127; x_wconf 81' lang='lat' dir='ltr'><em>Rationem</em></span> <span class='ocrx_word' id='word_1_318' title='bbox 1074 2088 1177 2122; x_wconf 80' lang='lat' dir='ltr'><em>datin</em></span> 
     </span>
     <span class='ocr_line' id='line_1_48' title="bbox 290 2139 1177 2185; baseline -0.016 1"><span class='ocrx_word' id='word_1_319' title='bbox 290 2140 665 2185; x_wconf 69' lang='lat' dir='ltr'><em>Ecclesiastic&#39;a&#39;bistoria</em></span> <span class='ocrx_word' id='word_1_320' title='bbox 681 2170 691 2185; x_wconf 92' lang='lat'>‚</span> <span class='ocrx_word' id='word_1_321' title='bbox 719 2144 822 2176; x_wconf 87' lang='lat' dir='ltr'><em>varias</em></span> <span class='ocrx_word' id='word_1_322' title='bbox 842 2142 1004 2175; x_wconf 86' lang='lat' dir='ltr'><em>variarum</em></span> <span class='ocrx_word' id='word_1_323' title='bbox 1026 2139 1177 2183; x_wconf 86' lang='lat' dir='ltr'><em>gentium</em></span> 
     </span>
     <span class='ocr_line' id='line_1_49' title="bbox 290 2189 1179 2245; baseline -0.015 -10"><span class='ocrx_word' id='word_1_324' title='bbox 290 2202 325 2235; x_wconf 89' lang='lat' dir='ltr'><em>in</em></span> <span class='ocrx_word' id='word_1_325' title='bbox 357 2198 511 2235; x_wconf 85' lang='lat' dir='ltr'><em>servanda</em></span> <span class='ocrx_word' id='word_1_326' title='bbox 535 2194 792 2245; x_wconf 77' lang='lat' dir='ltr'><em>Qadragefima</em></span> <span class='ocrx_word' id='word_1_327' title='bbox 815 2189 1070 2226; x_wconf 83' lang='lat' dir='ltr'><em>consuetudines</em></span> <span class='ocrx_word' id='word_1_328' title='bbox 1101 2189 1179 2223; x_wconf 88' lang='lat' dir='ltr'><em>edis-</em></span> 
     </span>
     <span class='ocr_line' id='line_1_50' title="bbox 290 2243 1180 2290; baseline -0.018 -3"><span class='ocrx_word' id='word_1_329' title='bbox 290 2253 420 2290; x_wconf 67' lang='lat' dir='ltr'><em>serens,</em></span> <span class='ocrx_word' id='word_1_330' title='bbox 447 2250 610 2284; x_wconf 86' lang='lat' dir='ltr'><em>Socrates:</em></span> <span class='ocrx_word' id='word_1_331' title='bbox 640 2245 826 2279; x_wconf 70' lang='lat' dir='ltr'><em>Alitomm&#39;no</em></span> <span class='ocrx_word' id='word_1_332' title='bbox 847 2243 889 2276; x_wconf 89' lang='lat' dir='ltr'><em>ab</em></span> <span class='ocrx_word' id='word_1_333' title='bbox 912 2246 1112 2274; x_wconf 75' lang='lat' dir='ltr'><em>animantium</em></span> <span class='ocrx_word' id='word_1_334' title='bbox 1128 2250 1180 2283; x_wconf 83' lang='lat' dir='ltr'><em>ge-</em></span> 
     </span>
     <span class='ocr_line' id='line_1_51' title="bbox 291 2289 1180 2341; baseline -0.017 -5"><span class='ocrx_word' id='word_1_335' title='bbox 291 2312 362 2336; x_wconf 75' lang='lat' dir='ltr'><em>nere</em></span> <span class='ocrx_word' id='word_1_336' title='bbox 372 2298 539 2341; x_wconf 80' lang='lat' dir='ltr'><em>abstinent,</em></span> <span class='ocrx_word' id='word_1_337' title='bbox 567 2298 621 2330; x_wconf 86' lang='lat' dir='ltr'><em>alii</em></span> <span class='ocrx_word' id='word_1_338' title='bbox 631 2302 709 2330; x_wconf 81' lang='lat' dir='ltr'><em>inter</em></span> <span class='ocrx_word' id='word_1_339' title='bbox 721 2298 890 2327; x_wconf 75' lang='lat' dir='ltr'><em>animantia</em></span> <span class='ocrx_word' id='word_1_340' title='bbox 895 2290 971 2335; x_wconf 88' lang='lat' dir='ltr'><em>solos</em></span> <span class='ocrx_word' id='word_1_341' title='bbox 982 2289 1078 2333; x_wconf 84' lang='lat' dir='ltr'><em>pisces</em></span> <span class='ocrx_word' id='word_1_342' title='bbox 1091 2300 1180 2325; x_wconf 78' lang='lat' dir='ltr'><em>come-</em></span> 
     </span>
     <span class='ocr_line' id='line_1_52' title="bbox 293 2341 1180 2392; baseline -0.015 -7"><span class='ocrx_word' id='word_1_343' title='bbox 293 2353 371 2385; x_wconf 84' lang='lat' dir='ltr'><em>dunt</em></span> <span class='ocrx_word' id='word_1_344' title='bbox 385 2376 395 2392; x_wconf 91' lang='lat'>,</span> <span class='ocrx_word' id='word_1_345' title='bbox 422 2351 548 2383; x_wconf 74' lang='lat' dir='ltr'><em>alticum</em></span> <span class='ocrx_word' id='word_1_346' title='bbox 555 2346 686 2392; x_wconf 77' lang='lat' dir='ltr'><em>piscibus</em></span> <span class='ocrx_word' id='word_1_347' title='bbox 712 2348 843 2378; x_wconf 73' lang='lat' dir='ltr'><em>volucres</em></span> <span class='ocrx_word' id='word_1_348' title='bbox 867 2348 957 2376; x_wconf 87' lang='lat' dir='ltr'><em>etiam</em></span> <span class='ocrx_word' id='word_1_349' title='bbox 981 2341 1180 2382; x_wconf 82' lang='lat' dir='ltr'><em>manducant,</em></span> 
     </span>
     <span class='ocr_line' id='line_1_53' title="bbox 294 2389 1189 2445; baseline -0.015 -9"><span class='ocrx_word' id='word_1_350' title='bbox 294 2401 400 2445; x_wconf 86' lang='lat' dir='ltr'><em>easque</em></span> <span class='ocrx_word' id='word_1_351' title='bbox 412 2413 449 2435; x_wconf 77' lang='lat' dir='ltr'><em>ex</em></span> <span class='ocrx_word' id='word_1_352' title='bbox 461 2411 543 2442; x_wconf 83' lang='lat' dir='ltr'><em>aqua</em></span> <span class='ocrx_word' id='word_1_353' title='bbox 555 2396 638 2441; x_wconf 77' lang='lat' dir='ltr'><em>nasci</em></span> <span class='ocrx_word' id='word_1_354' title='bbox 653 2397 783 2440; x_wconf 78' lang='lat' dir='ltr'><em>asserunt</em></span> <span class='ocrx_word' id='word_1_355' title='bbox 794 2419 802 2426; x_wconf 87' lang='lat'>.</span> <span class='ocrx_word' id='word_1_356' title='bbox 830 2394 873 2428; x_wconf 88' lang='lat' dir='ltr'><em>Et</em></span> <span class='ocrx_word' id='word_1_357' title='bbox 887 2394 920 2427; x_wconf 89' lang='lat' dir='ltr'><em>in</em></span> <span class='ocrx_word' id='word_1_358' title='bbox 936 2389 1051 2426; x_wconf 84' lang='lat' dir='ltr'><em>Photii</em></span> <span class='ocrx_word' id='word_1_359' title='bbox 1064 2390 1189 2427; x_wconf 62' lang='lat' dir='ltr'><em>biblio·⁴</em></span> 
     </span>
     <span class='ocr_line' id='line_1_54' title="bbox 294 2439 1183 2488; baseline -0.012 -2"><span class='ocrx_word' id='word_1_360' title='bbox 294 2452 388 2487; x_wconf 80' lang='lat' dir='ltr'><em>theca</em></span> <span class='ocrx_word' id='word_1_361' title='bbox 401 2451 536 2485; x_wconf 80' lang='lat' dir='ltr'>Basilius</span> <span class='ocrx_word' id='word_1_362' title='bbox 548 2448 675 2483; x_wconf 80' lang='lat' dir='ltr'><em>Ciliciae</em></span> <span class='ocrx_word' id='word_1_363' title='bbox 689 2445 860 2487; x_wconf 85' lang='lat' dir='ltr'><em>Presbyter</em></span> <span class='ocrx_word' id='word_1_364' title='bbox 874 2443 1033 2488; x_wconf 89' lang='lat' dir='ltr'><em>Joannem</em></span> <span class='ocrx_word' id='word_1_365' title='bbox 1045 2439 1183 2484; x_wconf 87' lang='lat' dir='ltr'><em>Schyto·</em></span> 
     </span>
     <span class='ocr_line' id='line_1_55' title="bbox 295 2491 1181 2546; baseline -0.015 -11"><span class='ocrx_word' id='word_1_366' title='bbox 295 2503 483 2546; x_wconf 80' lang='lat' dir='ltr'><em>politanum</em></span> <span class='ocrx_word' id='word_1_367' title='bbox 506 2499 612 2544; x_wconf 82' lang='lat' dir='ltr'><em>arguit</em></span> <span class='ocrx_word' id='word_1_368' title='bbox 634 2523 645 2539; x_wconf 88' lang='lat'>‚</span> <span class='ocrx_word' id='word_1_369' title='bbox 685 2497 766 2539; x_wconf 84' lang='lat' dir='ltr'><em>quod</em></span> <span class='ocrx_word' id='word_1_370' title='bbox 779 2494 897 2539; x_wconf 85' lang='lat' dir='ltr'><em>sacrum</em></span> <span class='ocrx_word' id='word_1_371' title='bbox 932 2491 1181 2536; x_wconf 74' lang='lat' dir='ltr'><em>,Quadragefimae</em></span> 
     </span>
     <span class='ocr_line' id='line_1_56' title="bbox 296 2541 1180 2595; baseline -0.011 -10"><span class='ocrx_word' id='word_1_372' title='bbox 296 2560 414 2593; x_wconf 85' lang='lat' dir='ltr'><em>tempus</em></span> <span class='ocrx_word' id='word_1_373' title='bbox 428 2549 582 2595; x_wconf 70' lang='lat' dir='ltr'><em>revocasset</em></span> <span class='ocrx_word' id='word_1_374' title='bbox 594 2551 639 2581; x_wconf 84' lang='lat' dir='ltr'><em>ad</em></span> <span class='ocrx_word' id='word_1_375' title='bbox 647 2557 709 2580; x_wconf 85' lang='lat' dir='ltr'><em>tres</em></span> <span class='ocrx_word' id='word_1_376' title='bbox 716 2544 906 2589; x_wconf 84' lang='lat' dir='ltr'><em>septimanas</em></span> <span class='ocrx_word' id='word_1_377' title='bbox 920 2567 931 2585; x_wconf 83' lang='grc'>,</span> <span class='ocrx_word' id='word_1_378' title='bbox 956 2541 1118 2585; x_wconf 77' lang='lat' dir='ltr'><em>eisdemque</em></span> <span class='ocrx_word' id='word_1_379' title='bbox 1128 2552 1180 2575; x_wconf 82' lang='lat' dir='ltr'><em>nec</em></span> 
     </span>
     <span class='ocr_line' id='line_1_57' title="bbox 297 2592 1180 2639; baseline -0.017 -2"><span class='ocrx_word' id='word_1_380' title='bbox 297 2602 454 2637; x_wconf 69' lang='lat' dir='ltr'><em>aba-otum</em></span> <span class='ocrx_word' id='word_1_381' title='bbox 465 2598 602 2633; x_wconf 85' lang='lat' dir='ltr'><em>carnibus</em></span> <span class='ocrx_word' id='word_1_382' title='bbox 613 2596 804 2639; x_wconf 75' lang='lat' dir='ltr'><em>abstinuiffet.</em></span> <span class='ocrx_word' id='word_1_383' title='bbox 833 2594 888 2626; x_wconf 89' lang='lat' dir='ltr'><em>De</em></span> <span class='ocrx_word' id='word_1_384' title='bbox 898 2592 1010 2626; x_wconf 87' lang='lat' dir='ltr'><em>avibus</em></span> <span class='ocrx_word' id='word_1_385' title='bbox 1033 2592 1067 2625; x_wconf 78' lang='grc' dir='ltr'><em>ἅ,</em></span> <span class='ocrx_word' id='word_1_386' title='bbox 1091 2592 1180 2633; x_wconf 86' lang='lat' dir='ltr'><em>pisci-</em></span> 
     </span>
     <span class='ocr_line' id='line_1_58' title="bbox 298 2641 1181 2697; baseline -0.017 -10"><span class='ocrx_word' id='word_1_387' title='bbox 298 2649 515 2697; x_wconf 39' lang='lat' dir='ltr'><em>buutpulchre</em></span> <span class='ocrx_word' id='word_1_388' title='bbox 536 2647 577 2683; x_wconf 85' lang='lat' dir='ltr'><em>ad</em></span> <span class='ocrx_word' id='word_1_389' title='bbox 599 2645 788 2680; x_wconf 86' lang='lat' dir='ltr'><em>Dominum</em></span> <span class='ocrx_word' id='word_1_390' title='bbox 825 2643 937 2677; x_wconf 84' lang='lat' dir='ltr'><em>Deum</em></span> <span class='ocrx_word' id='word_1_391' title='bbox 958 2641 1085 2675; x_wconf 88' lang='lat' dir='ltr'><em>canitS.</em></span> <span class='ocrx_word' id='word_1_392' title='bbox 1101 2642 1181 2673; x_wconf 81' lang='lat' dir='ltr'><em>Am-</em></span> 
     </span>
     <span class='ocr_line' id='line_1_59' title="bbox 298 2695 1181 2742; baseline -0.011 -8"><span class='ocrx_word' id='word_1_393' title='bbox 298 2695 442 2737; x_wconf 63' lang='lat' dir='ltr'><em>brosius:</em></span> <span class='ocrx_word' id='word_1_394' title='bbox 470 2701 535 2742; x_wconf 67' lang='lat' dir='ltr'><em>,Qui</em></span> <span class='ocrx_word' id='word_1_395' title='bbox 552 2708 588 2730; x_wconf 89' lang='lat' dir='ltr'><em>ex</em></span> <span class='ocrx_word' id='word_1_396' title='bbox 601 2701 687 2738; x_wconf 83' lang='lat' dir='ltr'><em>aquis</em></span> <span class='ocrx_word' id='word_1_397' title='bbox 699 2704 795 2727; x_wconf 89' lang='lat' dir='ltr'><em>ortum</em></span> <span class='ocrx_word' id='word_1_398' title='bbox 800 2704 897 2738; x_wconf 85' lang='lat' dir='ltr'><em>genus</em></span> <span class='ocrx_word' id='word_1_399' title='bbox 904 2697 1023 2735; x_wconf 83' lang='lat' dir='ltr'><em>partim</em></span> <span class='ocrx_word' id='word_1_400' title='bbox 1032 2695 1181 2736; x_wconf 78' lang='lat' dir='ltr'><em>immergis</em></span> 
     </span>
     <span class='ocr_line' id='line_1_60' title="bbox 295 2741 1182 2799; baseline -0.012 -13"><span class='ocrx_word' id='word_1_401' title='bbox 295 2757 430 2799; x_wconf 78' lang='lat' dir='ltr'><em>gurgiti,</em></span> <span class='ocrx_word' id='word_1_402' title='bbox 453 2754 570 2792; x_wconf 76' lang='lat' dir='ltr'><em>partim</em></span> <span class='ocrx_word' id='word_1_403' title='bbox 581 2748 665 2782; x_wconf 85' lang='lat' dir='ltr'><em>levas</em></span> <span class='ocrx_word' id='word_1_404' title='bbox 680 2751 712 2779; x_wconf 84' lang='lat' dir='ltr'><em>in</em></span> <span class='ocrx_word' id='word_1_405' title='bbox 725 2755 816 2780; x_wconf 85' lang='lat' dir='ltr'><em>aera.</em></span> <span class='ocrx_word' id='word_1_406' title='bbox 846 2742 941 2778; x_wconf 88' lang='lat' dir='ltr'><em>Hinc</em></span> <span class='ocrx_word' id='word_1_407' title='bbox 951 2741 1084 2785; x_wconf 88' lang='lat' dir='ltr'><em>quidam</em></span> <span class='ocrx_word' id='word_1_408' title='bbox 1106 2750 1182 2775; x_wconf 84' lang='lat' dir='ltr'><em>aves</em></span> 
     </span>
     <span class='ocr_line' id='line_1_61' title="bbox 300 2790 1182 2847; baseline -0.015 -10"><span class='ocrx_word' id='word_1_409' title='bbox 300 2803 446 2847; x_wconf 81' lang='lat' dir='ltr'><em>&amp;pisces</em></span> <span class='ocrx_word' id='word_1_410' title='bbox 457 2800 609 2834; x_wconf 83' lang='lat' dir='ltr'><em>dixerunt</em></span> <span class='ocrx_word' id='word_1_411' title='bbox 631 2796 693 2830; x_wconf 78' lang='lat' dir='ltr'><em>effe</em></span> <span class='ocrx_word' id='word_1_412' title='bbox 714 2793 857 2838; x_wconf 76' lang='lat' dir='ltr'><em>ejusdem</em></span> <span class='ocrx_word' id='word_1_413' title='bbox 876 2791 1043 2834; x_wconf 84' lang='lat' dir='ltr'><em>qualitatis</em></span> <span class='ocrx_word' id='word_1_414' title='bbox 1056 2815 1067 2832; x_wconf 90' lang='lat'>‚</span> <span class='ocrx_word' id='word_1_415' title='bbox 1094 2790 1182 2825; x_wconf 63' lang='lat' dir='ltr'><em>ideo-</em></span> 
     </span>
     <span class='ocr_line' id='line_1_62' title="bbox 301 2841 1179 2895; baseline -0.014 -10"><span class='ocrx_word' id='word_1_416' title='bbox 301 2864 366 2895; x_wconf 74' lang='lat' dir='ltr'><em>que</em></span> <span class='ocrx_word' id='word_1_417' title='bbox 380 2861 515 2895; x_wconf 85' lang='lat' dir='ltr'><em>utraque</em></span> <span class='ocrx_word' id='word_1_418' title='bbox 525 2845 782 2882; x_wconf 86' lang='lat' dir='ltr'><em>comederuntin</em></span> <span class='ocrx_word' id='word_1_419' title='bbox 798 2842 1053 2890; x_wconf 70' lang='lat' dir='ltr'><em>Quadragefima</em></span> <span class='ocrx_word' id='word_1_420' title='bbox 1068 2865 1079 2881; x_wconf 91' lang='lat'><em>,</em></span> <span class='ocrx_word' id='word_1_421' title='bbox 1104 2841 1139 2875; x_wconf 74' lang='grc' dir='ltr'><em>ὅτ.</em></span> <span class='ocrx_word' id='word_1_422' title='bbox 1162 2842 1179 2875; x_wconf 71' lang='grc' dir='ltr'>ὲ</span> 
     </span>
     <span class='ocr_line' id='line_1_63' title="bbox 301 2889 1182 2946; baseline -0.012 -11"><span class='ocrx_word' id='word_1_423' title='bbox 301 2905 376 2937; x_wconf 65' lang='lat' dir='ltr'><em>solis</em></span> <span class='ocrx_word' id='word_1_424' title='bbox 388 2897 648 2946; x_wconf 79' lang='lat' dir='ltr'><em>quadrupedibus</em></span> <span class='ocrx_word' id='word_1_425' title='bbox 673 2906 761 2930; x_wconf 86' lang='lat' dir='ltr'><em>terrae</em></span> <span class='ocrx_word' id='word_1_426' title='bbox 780 2893 1003 2929; x_wconf 82' lang='lat' dir='ltr'><em>animantibus</em></span> <span class='ocrx_word' id='word_1_427' title='bbox 1023 2889 1182 2924; x_wconf 88' lang='lat' dir='ltr'><em>abstinue-</em></span> 
     </span>
     <span class='ocr_line' id='line_1_64' title="bbox 303 2942 1182 3000; baseline -0.017 -13"><span class='ocrx_word' id='word_1_428' title='bbox 303 2965 378 2987; x_wconf 83' lang='lat' dir='ltr'><em>runt</em></span> <span class='ocrx_word' id='word_1_429' title='bbox 390 2978 397 2987; x_wconf 85' lang='lat'><strong>.</strong></span> <span class='ocrx_word' id='word_1_430' title='bbox 427 2952 539 3000; x_wconf 78' lang='lat' dir='ltr'><em>Qam</em></span> <span class='ocrx_word' id='word_1_431' title='bbox 551 2947 794 2983; x_wconf 65' lang='lat' dir='ltr'><em>distinctionem</em></span> <span class='ocrx_word' id='word_1_432' title='bbox 805 2942 982 2987; x_wconf 87' lang='lat' dir='ltr'><em>probarunt</em></span> <span class='ocrx_word' id='word_1_433' title='bbox 994 2965 1004 2981; x_wconf 89' lang='lat'>,</span> <span class='ocrx_word' id='word_1_434' title='bbox 1030 2942 1063 2974; x_wconf 69' lang='grc' dir='ltr'><em>ὃς</em></span> <span class='ocrx_word' id='word_1_435' title='bbox 1082 2951 1124 2975; x_wconf 84' lang='lat' dir='ltr'><em>ex</em></span> <span class='ocrx_word' id='word_1_436' title='bbox 1138 2943 1182 2983; x_wconf 85' lang='lat' dir='ltr'><em>ip-</em></span> 
     </span>
     <span class='ocr_line' id='line_1_65' title="bbox 303 2990 1180 3045; baseline -0.017 -8"><span class='ocrx_word' id='word_1_437' title='bbox 303 3005 335 3038; x_wconf 84' lang='lat' dir='ltr'><em>sa</em></span> <span class='ocrx_word' id='word_1_438' title='bbox 359 3005 510 3037; x_wconf 85' lang='lat' dir='ltr'><em>vixerunt</em></span> <span class='ocrx_word' id='word_1_439' title='bbox 533 2999 638 3045; x_wconf 86' lang='lat' dir='ltr'><em>plures</em></span> <span class='ocrx_word' id='word_1_440' title='bbox 661 2997 760 3030; x_wconf 88' lang='lat' dir='ltr'><em>etiam</em></span> <span class='ocrx_word' id='word_1_441' title='bbox 773 2990 954 3027; x_wconf 83' lang='lat' dir='ltr'><em>Monachi.</em></span> <span class='ocrx_word' id='word_1_442' title='bbox 983 2991 1057 3027; x_wconf 88' lang='lat' dir='ltr'><em>Nec</em></span> <span class='ocrx_word' id='word_1_443' title='bbox 1080 2991 1180 3034; x_wconf 84' lang='lat' dir='ltr'><em>ipsam</em></span> 
     </span>
     <span class='ocr_line' id='line_1_66' title="bbox 305 3042 1181 3095; baseline -0.011 -10"><span class='ocrx_word' id='word_1_444' title='bbox 305 3053 397 3095; x_wconf 73' lang='lat' dir='ltr'><em>plene</em></span> <span class='ocrx_word' id='word_1_445' title='bbox 420 3053 550 3086; x_wconf 86' lang='lat' dir='ltr'><em>damnat</em></span> <span class='ocrx_word' id='word_1_446' title='bbox 572 3049 705 3084; x_wconf 66' lang='lat' dir='ltr'><em>Sanetus</em></span> <span class='ocrx_word' id='word_1_447' title='bbox 728 3046 972 3087; x_wconf 82' lang='lat' dir='ltr'><em>Hieronymus.</em></span> <span class='ocrx_word' id='word_1_448' title='bbox 999 3042 1181 3077; x_wconf 65' lang='lat' dir='ltr'><em>Dumtaxat</em></span> 
     </span>
     <span class='ocr_line' id='line_1_67' title="bbox 307 3090 1180 3142; baseline -0.013 -7"><span class='ocrx_word' id='word_1_449' title='bbox 307 3099 501 3142; x_wconf 57' lang='lat' dir='ltr'><em>Plurimos,</em></span> <span class='ocrx_word' id='word_1_450' title='bbox 528 3100 645 3134; x_wconf 70' lang='lat' dir='ltr'><em>crassos</em></span> <span class='ocrx_word' id='word_1_451' title='bbox 655 3099 835 3134; x_wconf 86' lang='lat' dir='ltr'><em>Turtures,</em></span> <span class='ocrx_word' id='word_1_452' title='bbox 863 3093 1003 3134; x_wconf 84' lang='lat' dir='ltr'><em>aliasque</em></span> <span class='ocrx_word' id='word_1_453' title='bbox 1025 3090 1058 3126; x_wconf 85' lang='lat' dir='ltr'><em>id</em></span> <span class='ocrx_word' id='word_1_454' title='bbox 1080 3101 1180 3136; x_wconf 87' lang='lat' dir='ltr'><em>genus</em></span> 
     </span>
     <span class='ocr_line' id='line_1_68' title="bbox 308 3140 1178 3195; baseline -0.008 -13"><span class='ocrx_word' id='word_1_455' title='bbox 308 3152 441 3195; x_wconf 82' lang='lat' dir='ltr'><em>grandes</em></span> <span class='ocrx_word' id='word_1_456' title='bbox 463 3152 496 3184; x_wconf 75' lang='grc' dir='ltr'><em>ὅ(</em></span> <span class='ocrx_word' id='word_1_457' title='bbox 520 3149 674 3195; x_wconf 84' lang='lat' dir='ltr'><em>pretiosas</em></span> <span class='ocrx_word' id='word_1_458' title='bbox 697 3157 773 3181; x_wconf 87' lang='lat' dir='ltr'><em>aves</em></span> <span class='ocrx_word' id='word_1_459' title='bbox 798 3143 962 3179; x_wconf 83' lang='lat' dir='ltr'><em>interdicit</em></span> <span class='ocrx_word' id='word_1_460' title='bbox 982 3140 1178 3176; x_wconf 80' lang='lat' dir='ltr'><em>Monachis:</em></span> 
     </span>
     <span class='ocr_line' id='line_1_69' title="bbox 305 3191 1179 3240; baseline -0.011 -6"><span class='ocrx_word' id='word_1_461' title='bbox 305 3200 463 3235; x_wconf 72' lang='lat' dir='ltr'><em>Parvulas</em></span> <span class='ocrx_word' id='word_1_462' title='bbox 475 3200 597 3234; x_wconf 84' lang='lat' dir='ltr'><em>videtur</em></span> <span class='ocrx_word' id='word_1_463' title='bbox 608 3197 749 3233; x_wconf 72' lang='lat' dir='ltr'><em>omnino</em></span> <span class='ocrx_word' id='word_1_464' title='bbox 762 3195 961 3240; x_wconf 81' lang='lat' dir='ltr'><em>permittere.</em></span> <span class='ocrx_word' id='word_1_465' title='bbox 979 3193 1070 3227; x_wconf 90' lang='lat' dir='ltr'><em>Dum</em></span> <span class='ocrx_word' id='word_1_466' title='bbox 1083 3192 1118 3225; x_wconf 89' lang='lat' dir='ltr'><em>in</em></span> <span class='ocrx_word' id='word_1_467' title='bbox 1130 3191 1179 3236; x_wconf 85' lang='lat' dir='ltr'><em>Ju-</em></span> 
     </span>
    </p>
   </div>
   <div class='ocr_carea' id='block_1_11' title="bbox 262 3242 1181 3291">
    <p class='ocr_par' dir='ltr' id='par_1_12' title="bbox 262 3242 1181 3291">
     <span class='ocr_line' id='line_1_70' title="bbox 262 3242 1181 3291; baseline -0.011 -6"><span class='ocrx_word' id='word_1_468' title='bbox 262 3283 267 3290; x_wconf 84' lang='grc'><em>,</em></span> <span class='ocrx_word' id='word_1_469' title='bbox 310 3250 388 3284; x_wconf 88' lang='lat' dir='ltr'><em>liani</em></span> <span class='ocrx_word' id='word_1_470' title='bbox 402 3249 484 3291; x_wconf 85' lang='lat' dir='ltr'><em>apud</em></span> <span class='ocrx_word' id='word_1_471' title='bbox 497 3250 754 3283; x_wconf 77' lang='lat' dir='ltr'><em>Halicarnaffurn</em></span> <span class='ocrx_word' id='word_1_472' title='bbox 770 3242 972 3288; x_wconf 71' lang='lat' dir='ltr'><em>Episcopide</em></span> <span class='ocrx_word' id='word_1_473' title='bbox 993 3242 1181 3285; x_wconf 79' lang='lat' dir='ltr'><em>incorrupti-</em></span> 
     </span>
    </p>
   </div>
   <div class='ocr_carea' id='block_1_12' title="bbox 310 3292 1181 3439">
    <p class='ocr_par' dir='ltr' id='par_1_13' title="bbox 310 3292 1181 3439">
     <span class='ocr_line' id='line_1_71' title="bbox 312 3292 1181 3338; baseline -0.016 -5"><span class='ocrx_word' id='word_1_474' title='bbox 312 3300 371 3336; x_wconf 78' lang='lat' dir='ltr'><em>bili</em></span> <span class='ocrx_word' id='word_1_475' title='bbox 383 3296 521 3332; x_wconf 73' lang='lat' dir='ltr'><em>Domini</em></span> <span class='ocrx_word' id='word_1_476' title='bbox 534 3308 664 3338; x_wconf 86' lang='lat' dir='ltr'><em>corpore</em></span> <span class='ocrx_word' id='word_1_477' title='bbox 687 3297 824 3331; x_wconf 79' lang='lat' dir='ltr'><em>haerefim</em></span> <span class='ocrx_word' id='word_1_478' title='bbox 848 3294 989 3334; x_wconf 86' lang='lat' dir='ltr'><em>incidit,</em></span> <span class='ocrx_word' id='word_1_479' title='bbox 1014 3304 1110 3336; x_wconf 85' lang='lat' dir='ltr'><em>atque</em></span> <span class='ocrx_word' id='word_1_480' title='bbox 1125 3292 1181 3326; x_wconf 76' lang='lat' dir='ltr'><em>ob·</em></span> 
     </span>
     <span class='ocr_line' id='line_1_72' title="bbox 311 3342 1179 3389; baseline -0.023 6"><span class='ocrx_word' id='word_1_481' title='bbox 311 3349 421 3385; x_wconf 55' lang='lat' dir='ltr'><em>‘1⁰1⁰’st</em></span> <span class='ocrx_word' id='word_1_482' title='bbox 434 3348 611 3389; x_wconf 84' lang='lat' dir='ltr'><em>Imperator</em></span> <span class='ocrx_word' id='word_1_483' title='bbox 623 3344 886 3386; x_wconf 66' lang='lat' dir='ltr'><em>Iustinianus,fibi</em></span> <span class='ocrx_word' id='word_1_484' title='bbox 899 3343 1099 3379; x_wconf 84' lang='lat' dir='ltr'><em>adversantes</em></span> <span class='ocrx_word' id='word_1_485' title='bbox 1114 3342 1179 3376; x_wconf 80' lang='lat' dir='ltr'><em>Pri-</em></span> 
     </span>
     <span class='ocr_line' id='line_1_73' title="bbox 310 3393 1181 3439; baseline -0.032 -1"><span class='ocrx_word' id='word_1_486' title='bbox 310 3410 413 3439; x_wconf 84' lang='lat' dir='ltr'><em>mates</em></span> <span class='ocrx_word' id='word_1_487' title='bbox 435 3395 580 3433; x_wconf 82' lang='lat' dir='ltr'><em>Orientis</em></span> <span class='ocrx_word' id='word_1_488' title='bbox 601 3393 778 3438; x_wconf 60' lang='lat' dir='ltr'><em>Epist-opos</em></span> <span class='ocrx_word' id='word_1_489' title='bbox 799 3394 966 3438; x_wconf 63' lang='lat' dir='ltr'><em>proffiffit</em></span> <span class='ocrx_word' id='word_1_490' title='bbox 986 3406 1023 3429; x_wconf 58' lang='grc' dir='ltr'>π</span> <span class='ocrx_word' id='word_1_491' title='bbox 1037 3394 1181 3437; x_wconf 63' lang='lat' dir='ltr'><em>deporta·</em></span> 
     </span>
    </p>
   </div>
   <div class='ocr_carea' id='block_1_13' title="bbox 885 100 1523 149">
    <p class='ocr_par' dir='ltr' id='par_1_14' title="bbox 885 100 1523 149">
     <span class='ocr_line' id='line_1_74' title="bbox 885 100 1523 149; baseline -0.006 2"><span class='ocrx_word' id='word_1_492' title='bbox 885 100 1523 149; x_wconf 64' lang='lat' dir='ltr'><em>Dissssararto</em></span> 
     </span>
    </p>
   </div>
   <div class='ocr_carea' id='block_1_14' title="bbox 1241 185 2120 435">
    <p class='ocr_par' dir='ltr' id='par_1_15' title="bbox 1241 185 2120 435">
     <span class='ocr_line' id='line_1_75' title="bbox 1243 185 2120 233; baseline 0.015 -15"><span class='ocrx_word' id='word_1_493' title='bbox 1243 185 1312 218; x_wconf 83' lang='lat' dir='ltr'><em>vit:</em></span> <span class='ocrx_word' id='word_1_494' title='bbox 1349 186 1459 219; x_wconf 84' lang='lat' dir='ltr'><em>Etiam</em></span> <span class='ocrx_word' id='word_1_495' title='bbox 1482 187 1634 221; x_wconf 70' lang='lat' dir='ltr'><em>Sannum</em></span> <span class='ocrx_word' id='word_1_496' title='bbox 1656 188 1856 233; x_wconf 82' lang='lat' dir='ltr'><em>Eutychimn</em></span> <span class='ocrx_word' id='word_1_497' title='bbox 1883 205 1925 229; x_wconf 86' lang='lat' dir='ltr'><em>ex</em></span> <span class='ocrx_word' id='word_1_498' title='bbox 1945 195 2120 231; x_wconf 85' lang='lat' dir='ltr'><em>Monacho</em></span> 
     </span>
     <span class='ocr_line' id='line_1_76' title="bbox 1246 234 2117 290; baseline 0.014 -20"><span class='ocrx_word' id='word_1_499' title='bbox 1246 234 1466 270; x_wconf 76' lang='lat' dir='ltr'><em>patriarcham</em></span> <span class='ocrx_word' id='word_1_500' title='bbox 1499 236 1908 282; x_wconf 77' lang='lat' dir='ltr'><em>constantinopolitanum</em></span> <span class='ocrx_word' id='word_1_501' title='bbox 1927 269 1934 277; x_wconf 94' lang='lat'>.</span> <span class='ocrx_word' id='word_1_502' title='bbox 1970 245 2016 280; x_wconf 87' lang='lat' dir='ltr'><em>Et</em></span> <span class='ocrx_word' id='word_1_503' title='bbox 2039 253 2117 290; x_wconf 78' lang='lat' dir='ltr'><em>quia</em></span> 
     </span>
     <span class='ocr_line' id='line_1_77' title="bbox 1241 286 2118 340; baseline 0.013 -21"><span class='ocrx_word' id='word_1_504' title='bbox 1241 286 1384 329; x_wconf 86' lang='lat' dir='ltr'><em>aliquem</em></span> <span class='ocrx_word' id='word_1_505' title='bbox 1399 286 1487 322; x_wconf 87' lang='lat' dir='ltr'><em>tituli</em></span> <span class='ocrx_word' id='word_1_506' title='bbox 1500 287 1612 323; x_wconf 81' lang='lat' dir='ltr'><em>fucum</em></span> <span class='ocrx_word' id='word_1_507' title='bbox 1628 289 1750 331; x_wconf 81' lang='lat' dir='ltr'><em>semper</em></span> <span class='ocrx_word' id='word_1_508' title='bbox 1769 300 1904 325; x_wconf 83' lang='lat' dir='ltr'><em>venatur</em></span> <span class='ocrx_word' id='word_1_509' title='bbox 1927 296 2118 340; x_wconf 73' lang='lat' dir='ltr'><em>persequens</em></span> 
     </span>
     <span class='ocr_line' id='line_1_78' title="bbox 1241 336 2118 387; baseline 0.013 -18"><span class='ocrx_word' id='word_1_510' title='bbox 1241 336 1424 379; x_wconf 84' lang='lat' dir='ltr'><em>Tyrannus</em></span> <span class='ocrx_word' id='word_1_511' title='bbox 1436 361 1446 377; x_wconf 90' lang='lat'>‚</span> <span class='ocrx_word' id='word_1_512' title='bbox 1474 349 1531 382; x_wconf 87' lang='lat' dir='ltr'><em>pro</em></span> <span class='ocrx_word' id='word_1_513' title='bbox 1545 338 1636 373; x_wconf 87' lang='lat' dir='ltr'><em>causa</em></span> <span class='ocrx_word' id='word_1_514' title='bbox 1654 336 1791 373; x_wconf 86' lang='lat' dir='ltr'><em>adduxit</em></span> <span class='ocrx_word' id='word_1_515' title='bbox 1805 364 1815 379; x_wconf 93' lang='lat'>,</span> <span class='ocrx_word' id='word_1_516' title='bbox 1835 341 1923 384; x_wconf 89' lang='lat' dir='ltr'><em>quod</em></span> <span class='ocrx_word' id='word_1_517' title='bbox 1936 341 2118 387; x_wconf 81' lang='lat' dir='ltr'><em>Eutychius</em></span> 
     </span>
     <span class='ocr_line' id='line_1_79' title="bbox 1242 387 2120 435; baseline 0.013 -16"><span class='ocrx_word' id='word_1_518' title='bbox 1242 387 1384 423; x_wconf 85' lang='lat' dir='ltr'><em>aviculas</em></span> <span class='ocrx_word' id='word_1_519' title='bbox 1395 389 1581 423; x_wconf 71' lang='lat' dir='ltr'><em>comedisset</em></span> <span class='ocrx_word' id='word_1_520' title='bbox 1593 413 1600 420; x_wconf 92' lang='lat'><strong>.</strong></span> <span class='ocrx_word' id='word_1_521' title='bbox 1629 388 1746 423; x_wconf 84' lang='lat' dir='ltr'><em>Edixit</em></span> <span class='ocrx_word' id='word_1_522' title='bbox 1762 390 1858 425; x_wconf 89' lang='lat' dir='ltr'><em>illum</em></span> <span class='ocrx_word' id='word_1_523' title='bbox 1868 393 1931 426; x_wconf 78' lang='lat' dir='ltr'><em>effe</em></span> <span class='ocrx_word' id='word_1_524' title='bbox 1942 394 2120 435; x_wconf 82' lang='lat' dir='ltr'><em>praevarica-</em></span> 
     </span>
    </p>
   </div>
   <div class='ocr_carea' id='block_1_15' title="bbox 1241 438 2125 486">
    <p class='ocr_par' dir='ltr' id='par_1_16' title="bbox 1241 438 2125 486">
     <span class='ocr_line' id='line_1_80' title="bbox 1241 438 2125 486; baseline 0.009 -15"><span class='ocrx_word' id='word_1_525' title='bbox 1241 447 1347 474; x_wconf 86' lang='lat' dir='ltr'><em>torem</em></span> <span class='ocrx_word' id='word_1_526' title='bbox 1358 439 1419 474; x_wconf 83' lang='lat' dir='ltr'><em>suae</em></span> <span class='ocrx_word' id='word_1_527' title='bbox 1432 438 1627 475; x_wconf 74' lang='lat' dir='ltr'><em>Monasticae</em></span> <span class='ocrx_word' id='word_1_528' title='bbox 1648 438 1877 482; x_wconf 81' lang='lat' dir='ltr'><em>Profeffionis,</em></span> <span class='ocrx_word' id='word_1_529' title='bbox 1908 441 2049 486; x_wconf 74' lang='lat' dir='ltr'><em>ideoque</em></span> <span class='ocrx_word' id='word_1_530' title='bbox 2074 443 2125 479; x_wconf 64' lang='lat' dir='ltr'><em>di-=</em></span> 
     </span>
    </p>
   </div>
   <div class='ocr_carea' id='block_1_16' title="bbox 1231 487 2123 2439">
    <p class='ocr_par' dir='ltr' id='par_1_17' title="bbox 1242 487 2122 726">
     <span class='ocr_line' id='line_1_81' title="bbox 1242 487 2120 534; baseline 0.007 -13"><span class='ocrx_word' id='word_1_531' title='bbox 1242 499 1345 534; x_wconf 87' lang='lat' dir='ltr'><em>gnum</em></span> <span class='ocrx_word' id='word_1_532' title='bbox 1356 488 1524 533; x_wconf 88' lang='lat' dir='ltr'><em>degradari</em></span> <span class='ocrx_word' id='word_1_533' title='bbox 1537 515 1544 523; x_wconf 90' lang='lat'>.</span> <span class='ocrx_word' id='word_1_534' title='bbox 1574 487 1699 524; x_wconf 78' lang='lat' dir='ltr'><em>Verum</em></span> <span class='ocrx_word' id='word_1_535' title='bbox 1712 490 1746 524; x_wconf 84' lang='lat' dir='ltr'><em>in</em></span> <span class='ocrx_word' id='word_1_536' title='bbox 1764 491 1872 526; x_wconf 70' lang='lat' dir='ltr'><em>Sansti</em></span> <span class='ocrx_word' id='word_1_537' title='bbox 1885 491 1950 526; x_wconf 87' lang='lat' dir='ltr'><em>vita</em></span> <span class='ocrx_word' id='word_1_538' title='bbox 1961 491 2120 527; x_wconf 70' lang='lat' dir='ltr'><em>ridethaee</em></span> 
     </span>
     <span class='ocr_line' id='line_1_82' title="bbox 1243 537 2122 586; baseline 0.005 -12"><span class='ocrx_word' id='word_1_539' title='bbox 1243 549 1340 582; x_wconf 83' lang='lat' dir='ltr'><em>atque</em></span> <span class='ocrx_word' id='word_1_540' title='bbox 1349 538 1498 582; x_wconf 83' lang='lat' dir='ltr'><em>explodit</em></span> <span class='ocrx_word' id='word_1_541' title='bbox 1511 539 1676 574; x_wconf 86' lang='lat' dir='ltr'><em>Eustatius</em></span> <span class='ocrx_word' id='word_1_542' title='bbox 1686 537 1877 584; x_wconf 86' lang='lat' dir='ltr'><em>Presbyter,</em></span> <span class='ocrx_word' id='word_1_543' title='bbox 1904 551 2000 586; x_wconf 89' lang='lat' dir='ltr'><em>atque</em></span> <span class='ocrx_word' id='word_1_544' title='bbox 2022 544 2066 577; x_wconf 89' lang='lat' dir='ltr'><em>ita</em></span> <span class='ocrx_word' id='word_1_545' title='bbox 2077 545 2122 578; x_wconf 88' lang='lat' dir='ltr'><em>af·</em></span> 
     </span>
     <span class='ocr_line' id='line_1_83' title="bbox 1243 589 2122 636; baseline 0.005 -12"><span class='ocrx_word' id='word_1_546' title='bbox 1243 590 1541 625; x_wconf 82' lang='lat' dir='ltr'><em>firmatGraecorum</em></span> <span class='ocrx_word' id='word_1_547' title='bbox 1553 589 1733 624; x_wconf 82' lang='lat' dir='ltr'><em>Monachis</em></span> <span class='ocrx_word' id='word_1_548' title='bbox 1743 592 1942 626; x_wconf 86' lang='lat' dir='ltr'><em>avicularum</em></span> <span class='ocrx_word' id='word_1_549' title='bbox 1954 593 2042 627; x_wconf 85' lang='lat' dir='ltr'><em>esum</em></span> <span class='ocrx_word' id='word_1_550' title='bbox 2056 595 2122 636; x_wconf 86' lang='lat' dir='ltr'><em>pas-</em></span> 
     </span>
     <span class='ocr_line' id='line_1_84' title="bbox 1243 638 2119 687; baseline 0.009 -16"><span class='ocrx_word' id='word_1_551' title='bbox 1243 638 1299 682; x_wconf 65' lang='lat' dir='ltr'><em>sim</em></span> <span class='ocrx_word' id='word_1_552' title='bbox 1314 640 1456 676; x_wconf 76' lang='lat' dir='ltr'><em>licuisse.</em></span> <span class='ocrx_word' id='word_1_553' title='bbox 1483 639 1529 675; x_wconf 84' lang='lat' dir='ltr'><em>Et</em></span> <span class='ocrx_word' id='word_1_554' title='bbox 1540 640 1646 675; x_wconf 63' lang='lat' dir='ltr'><em>revera</em></span> <span class='ocrx_word' id='word_1_555' title='bbox 1662 642 1800 687; x_wconf 86' lang='lat' dir='ltr'><em>ipsarum</em></span> <span class='ocrx_word' id='word_1_556' title='bbox 1815 655 1891 679; x_wconf 82' lang='lat' dir='ltr'><em>caro</em></span> <span class='ocrx_word' id='word_1_557' title='bbox 1910 644 1955 679; x_wconf 88' lang='lat' dir='ltr'><em>est</em></span> <span class='ocrx_word' id='word_1_558' title='bbox 1978 644 2119 679; x_wconf 85' lang='lat' dir='ltr'><em>modicae</em></span> 
     </span>
     <span class='ocr_line' id='line_1_85' title="bbox 1245 688 1445 726; baseline 0.005 -4"><span class='ocrx_word' id='word_1_559' title='bbox 1245 688 1424 726; x_wconf 70' lang='lat' dir='ltr'><em>substantiae</em></span> <span class='ocrx_word' id='word_1_560' title='bbox 1438 715 1445 723; x_wconf 90' lang='lat'><strong>.</strong></span> 
     </span>
    </p>

    <p class='ocr_par' dir='ltr' id='par_1_18' title="bbox 1237 740 2123 2087">
     <span class='ocr_line' id='line_1_86' title="bbox 1293 740 2119 784; baseline 0.005 -9"><span class='ocrx_word' id='word_1_561' title='bbox 1293 740 1368 776; x_wconf 87' lang='lat' dir='ltr'><em>Nec</em></span> <span class='ocrx_word' id='word_1_562' title='bbox 1381 751 1510 775; x_wconf 88' lang='lat' dir='ltr'><em>tantum</em></span> <span class='ocrx_word' id='word_1_563' title='bbox 1525 741 1558 775; x_wconf 86' lang='lat' dir='ltr'><em>in</em></span> <span class='ocrx_word' id='word_1_564' title='bbox 1580 741 1786 778; x_wconf 87' lang='lat' dir='ltr'><em>Monasterio</em></span> <span class='ocrx_word' id='word_1_565' title='bbox 1796 768 1806 784; x_wconf 90' lang='lat'>‚</span> <span class='ocrx_word' id='word_1_566' title='bbox 1834 743 1886 779; x_wconf 85' lang='lat' dir='ltr'><em>sed</em></span> <span class='ocrx_word' id='word_1_567' title='bbox 1908 744 2005 779; x_wconf 86' lang='lat' dir='ltr'><em>etiam</em></span> <span class='ocrx_word' id='word_1_568' title='bbox 2029 754 2119 779; x_wconf 82' lang='lat' dir='ltr'><em>extra</em></span> 
     </span>
     <span class='ocr_line' id='line_1_87' title="bbox 1245 791 2120 834; baseline 0.005 -10"><span class='ocrx_word' id='word_1_569' title='bbox 1245 791 1347 834; x_wconf 84' lang='lat' dir='ltr'><em>ipsum</em></span> <span class='ocrx_word' id='word_1_570' title='bbox 1356 803 1396 826; x_wconf 84' lang='lat' dir='ltr'><em>ex</em></span> <span class='ocrx_word' id='word_1_571' title='bbox 1407 794 1501 827; x_wconf 87' lang='lat' dir='ltr'><em>causa</em></span> <span class='ocrx_word' id='word_1_572' title='bbox 1513 793 1676 828; x_wconf 87' lang='lat' dir='ltr'><em>versantes</em></span> <span class='ocrx_word' id='word_1_573' title='bbox 1688 791 1849 828; x_wconf 65' lang='lat' dir='ltr'><em>Monachi</em></span> <span class='ocrx_word' id='word_1_574' title='bbox 1861 794 2044 829; x_wconf 87' lang='lat' dir='ltr'><em>debuerunt</em></span> <span class='ocrx_word' id='word_1_575' title='bbox 2065 795 2120 828; x_wconf 84' lang='lat' dir='ltr'><em>ab·</em></span> 
     </span>
     <span class='ocr_line' id='line_1_88' title="bbox 1245 840 2119 888; baseline 0.003 -14"><span class='ocrx_word' id='word_1_576' title='bbox 1245 840 1361 878; x_wconf 83' lang='lat' dir='ltr'><em>stinere</em></span> <span class='ocrx_word' id='word_1_577' title='bbox 1373 842 1391 875; x_wconf 72' lang='lat' dir='ltr'><em>a</em></span> <span class='ocrx_word' id='word_1_578' title='bbox 1401 842 1555 879; x_wconf 84' lang='lat' dir='ltr'><em>carnibus</em></span> <span class='ocrx_word' id='word_1_579' title='bbox 1567 867 1574 874; x_wconf 92' lang='lat'><strong>.</strong></span> <span class='ocrx_word' id='word_1_580' title='bbox 1602 842 1707 878; x_wconf 91' lang='lat' dir='ltr'><em>Lucet</em></span> <span class='ocrx_word' id='word_1_581' title='bbox 1717 855 1758 877; x_wconf 88' lang='lat' dir='ltr'><em>ex</em></span> <span class='ocrx_word' id='word_1_582' title='bbox 1769 842 1879 888; x_wconf 80' lang='lat' dir='ltr'><em>regula</em></span> <span class='ocrx_word' id='word_1_583' title='bbox 1891 843 2119 879; x_wconf 20' lang='lat' dir='ltr'><em>S Pachomii:</em></span> 
     </span>
     <span class='ocr_line' id='line_1_89' title="bbox 1246 891 2119 937; baseline 0.003 -13"><span class='ocrx_word' id='word_1_584' title='bbox 1246 891 1371 937; x_wconf 63' lang='lat' dir='ltr'><em>‚Quodft</em></span> <span class='ocrx_word' id='word_1_585' title='bbox 1377 894 1518 935; x_wconf 82' lang='lat' dir='ltr'><em>neceffitas</em></span> <span class='ocrx_word' id='word_1_586' title='bbox 1528 894 1679 935; x_wconf 80' lang='lat' dir='ltr'><em>impulerit</em></span> <span class='ocrx_word' id='word_1_587' title='bbox 1689 902 1722 929; x_wconf 87' lang='lat' dir='ltr'><em>ut</em></span> <span class='ocrx_word' id='word_1_588' title='bbox 1733 894 1894 929; x_wconf 82' lang='lat' dir='ltr'><em>Monachus</em></span> <span class='ocrx_word' id='word_1_589' title='bbox 1897 892 1977 935; x_wconf 85' lang='lat' dir='ltr'><em>forts</em></span> <span class='ocrx_word' id='word_1_590' title='bbox 1986 904 2119 934; x_wconf 83' lang='lat' dir='ltr'><em>maneat,</em></span> 
     </span>
     <span class='ocr_line' id='line_1_90' title="bbox 1244 940 2120 990; baseline 0.002 -15"><span class='ocrx_word' id='word_1_591' title='bbox 1244 944 1278 977; x_wconf 64' lang='lat'><em>(5</em></span> <span class='ocrx_word' id='word_1_592' title='bbox 1289 940 1425 983; x_wconf 79' lang='lat' dir='ltr'><em>vescatur</em></span> <span class='ocrx_word' id='word_1_593' title='bbox 1435 949 1468 976; x_wconf 74' lang='lat' dir='ltr'><em>in</em></span> <span class='ocrx_word' id='word_1_594' title='bbox 1474 942 1660 987; x_wconf 71' lang='lat' dir='ltr'><em>pater-naseu</em></span> <span class='ocrx_word' id='word_1_595' title='bbox 1665 950 1898 990; x_wconf 79' lang='lat' dir='ltr'><em>propinquorum</em></span> <span class='ocrx_word' id='word_1_596' title='bbox 1908 946 2000 985; x_wconf 87' lang='lat' dir='ltr'><em>domo,</em></span> <span class='ocrx_word' id='word_1_597' title='bbox 2013 956 2120 987; x_wconf 84' lang='lat' dir='ltr'><em>nequa·</em></span> 
     </span>
     <span class='ocr_line' id='line_1_91' title="bbox 1246 990 2122 1036; baseline 0.005 -13"><span class='ocrx_word' id='word_1_598' title='bbox 1246 994 1336 1036; x_wconf 57' lang='lat' dir='ltr'><em>quom</em></span> <span class='ocrx_word' id='word_1_599' title='bbox 1348 990 1501 1033; x_wconf 82' lang='lat' dir='ltr'><em>bocfaciat</em></span> <span class='ocrx_word' id='word_1_600' title='bbox 1514 1015 1524 1031; x_wconf 92' lang='lat'><strong>,</strong></span> <span class='ocrx_word' id='word_1_601' title='bbox 1547 991 1743 1035; x_wconf 68' lang='lat' dir='ltr'><em>fidmnebtt</em></span> <span class='ocrx_word' id='word_1_602' title='bbox 1753 996 1804 1028; x_wconf 82' lang='lat' dir='ltr'><em>vel</em></span> <span class='ocrx_word' id='word_1_603' title='bbox 1813 996 2012 1033; x_wconf 73' lang='lat' dir='ltr'><em>tn,Domtm·co</em></span> <span class='ocrx_word' id='word_1_604' title='bbox 2023 1018 2033 1034; x_wconf 92' lang='lat'>‚</span> <span class='ocrx_word' id='word_1_605' title='bbox 2068 995 2122 1028; x_wconf 87' lang='lat' dir='ltr'><em>vel</em></span> 
     </span>
     <span class='ocr_line' id='line_1_92' title="bbox 1245 1040 2120 1087; baseline 0 -11"><span class='ocrx_word' id='word_1_606' title='bbox 1245 1049 1279 1076; x_wconf 83' lang='lat' dir='ltr'><em>in</em></span> <span class='ocrx_word' id='word_1_607' title='bbox 1293 1042 1467 1083; x_wconf 70' lang='lat' dir='ltr'><em>monasterio</em></span> <span class='ocrx_word' id='word_1_608' title='bbox 1479 1040 1610 1085; x_wconf 84' lang='lat' dir='ltr'><em>ejusdem</em></span> <span class='ocrx_word' id='word_1_609' title='bbox 1622 1044 1730 1076; x_wconf 76' lang='lat' dir='ltr'><em>Fidei.</em></span> <span class='ocrx_word' id='word_1_610' title='bbox 1759 1043 1836 1086; x_wconf 81' lang='lat' dir='ltr'><em>Etfi</em></span> <span class='ocrx_word' id='word_1_611' title='bbox 1843 1051 1886 1077; x_wconf 86' lang='lat' dir='ltr'><em>eis</em></span> <span class='ocrx_word' id='word_1_612' title='bbox 1895 1045 1995 1087; x_wconf 78' lang='lat' dir='ltr'><em>affines</em></span> <span class='ocrx_word' id='word_1_613' title='bbox 2006 1045 2059 1078; x_wconf 88' lang='lat' dir='ltr'><em>vel</em></span> <span class='ocrx_word' id='word_1_614' title='bbox 2076 1056 2120 1078; x_wconf 86' lang='lat' dir='ltr'><em>co-</em></span> 
     </span>
     <span class='ocr_line' id='line_1_93' title="bbox 1239 1092 2121 1140; baseline 0.003 -17"><span class='ocrx_word' id='word_1_615' title='bbox 1239 1097 1330 1140; x_wconf 82' lang='lat' dir='ltr'><em>gnati</em></span> <span class='ocrx_word' id='word_1_616' title='bbox 1337 1095 1586 1135; x_wconf 66' lang='lat' dir='ltr'><em>praeparhvertnt</em></span> <span class='ocrx_word' id='word_1_617' title='bbox 1594 1092 1670 1125; x_wconf 80' lang='lat' dir='ltr'><em>cibos</em></span> <span class='ocrx_word' id='word_1_618' title='bbox 1684 1094 1717 1126; x_wconf 72' lang='lat' dir='ltr'><em>(rt</em></span> <span class='ocrx_word' id='word_1_619' title='bbox 1737 1092 1946 1135; x_wconf 76' lang='lat' dir='ltr'><em>apposuerint,</em></span> <span class='ocrx_word' id='word_1_620' title='bbox 1972 1106 2029 1127; x_wconf 87' lang='lat' dir='ltr'><em>non</em></span> <span class='ocrx_word' id='word_1_621' title='bbox 2047 1100 2121 1128; x_wconf 80' lang='lat' dir='ltr'><em>acci-</em></span> 
     </span>
     <span class='ocr_line' id='line_1_94' title="bbox 1240 1140 2122 1186; baseline 0.002 -11"><span class='ocrx_word' id='word_1_622' title='bbox 1240 1149 1328 1186; x_wconf 84' lang='lat' dir='ltr'><em>pient</em></span> <span class='ocrx_word' id='word_1_623' title='bbox 1337 1146 1454 1177; x_wconf 78' lang='lat' dir='ltr'><em>omm&#39;no</em></span> <span class='ocrx_word' id='word_1_624' title='bbox 1469 1141 1686 1185; x_wconf 67' lang='lat' dir='ltr'><em>necvefitentur</em></span> <span class='ocrx_word' id='word_1_625' title='bbox 1696 1140 1805 1182; x_wconf 76' lang='lat' dir='ltr'><em>nist&#39;bis</em></span> <span class='ocrx_word' id='word_1_626' title='bbox 1816 1165 1827 1181; x_wconf 86' lang='lat'>‚</span> <span class='ocrx_word' id='word_1_627' title='bbox 1851 1154 1919 1186; x_wconf 83' lang='lat' dir='ltr'><em>quae</em></span> <span class='ocrx_word' id='word_1_628' title='bbox 1927 1149 1959 1175; x_wconf 76' lang='lat' dir='ltr'><em>in</em></span> <span class='ocrx_word' id='word_1_629' title='bbox 1981 1144 2122 1184; x_wconf 80' lang='lat' dir='ltr'><em>Monaste-</em></span> 
     </span>
     <span class='ocr_line' id='line_1_95' title="bbox 1244 1190 2122 1238; baseline 0.001 -13"><span class='ocrx_word' id='word_1_630' title='bbox 1244 1198 1286 1226; x_wconf 83' lang='lat' dir='ltr'><em>rio</em></span> <span class='ocrx_word' id='word_1_631' title='bbox 1297 1195 1443 1227; x_wconf 85' lang='lat' dir='ltr'><em>comedere</em></span> <span class='ocrx_word' id='word_1_632' title='bbox 1453 1190 1661 1238; x_wconf 83' lang='lat' dir='ltr'><em>consueverunt</em></span> <span class='ocrx_word' id='word_1_633' title='bbox 1674 1217 1681 1225; x_wconf 85' lang='lat'><em>.</em></span> <span class='ocrx_word' id='word_1_634' title='bbox 1708 1196 1744 1226; x_wconf 87' lang='lat' dir='ltr'><strong><em>N</em></strong></span> <span class='ocrx_word' id='word_1_635' title='bbox 1746 1204 1782 1227; x_wconf 89' lang='lat' dir='ltr'><em>on</em></span> <span class='ocrx_word' id='word_1_636' title='bbox 1788 1191 1949 1238; x_wconf 85' lang='lat' dir='ltr'><em>gustabunt</em></span> <span class='ocrx_word' id='word_1_637' title='bbox 1959 1193 2122 1236; x_wconf 81' lang='lat' dir='ltr'><em>liquamen,</em></span> 
     </span>
     <span class='ocr_line' id='line_1_96' title="bbox 1245 1243 2123 1288; baseline 0 -11"><span class='ocrx_word' id='word_1_638' title='bbox 1245 1255 1293 1277; x_wconf 85' lang='lat' dir='ltr'><em>nec</em></span> <span class='ocrx_word' id='word_1_639' title='bbox 1312 1249 1418 1278; x_wconf 82' lang='lat' dir='ltr'><em>vinum</em></span> <span class='ocrx_word' id='word_1_640' title='bbox 1440 1243 1539 1278; x_wconf 84' lang='lat' dir='ltr'><em>bibent</em></span> <span class='ocrx_word' id='word_1_641' title='bbox 1551 1267 1562 1284; x_wconf 92' lang='lat'>,</span> <span class='ocrx_word' id='word_1_642' title='bbox 1588 1253 1639 1277; x_wconf 84' lang='lat' dir='ltr'><em>nec</em></span> <span class='ocrx_word' id='word_1_643' title='bbox 1661 1244 1749 1277; x_wconf 85' lang='lat' dir='ltr'><em>aliud</em></span> <span class='ocrx_word' id='word_1_644' title='bbox 1766 1244 1925 1288; x_wconf 80' lang='lat' dir='ltr'><em>quidpiam</em></span> <span class='ocrx_word' id='word_1_645' title='bbox 1949 1268 1960 1283; x_wconf 90' lang='lat'>,</span> <span class='ocrx_word' id='word_1_646' title='bbox 1997 1254 2123 1286; x_wconf 85' lang='lat' dir='ltr'><em>quorum</em></span> 
     </span>
     <span class='ocr_line' id='line_1_97' title="bbox 1245 1292 2121 1337; baseline 0.001 -10"><span class='ocrx_word' id='word_1_647' title='bbox 1245 1295 1351 1327; x_wconf 77' lang='lat' dir='ltr'><em>edendi</em></span> <span class='ocrx_word' id='word_1_648' title='bbox 1361 1292 1597 1337; x_wconf 77' lang='lat' dir='ltr'><em>consuetudinem</em></span> <span class='ocrx_word' id='word_1_649' title='bbox 1609 1304 1667 1327; x_wconf 85' lang='lat' dir='ltr'><em>non</em></span> <span class='ocrx_word' id='word_1_650' title='bbox 1677 1292 1805 1328; x_wconf 86' lang='lat' dir='ltr'><em>habent.</em></span> <span class='ocrx_word' id='word_1_651' title='bbox 1832 1293 1875 1328; x_wconf 89' lang='lat' dir='ltr'><em>Et</em></span> <span class='ocrx_word' id='word_1_652' title='bbox 1897 1293 1939 1329; x_wconf 89' lang='lat' dir='ltr'><em>de</em></span> <span class='ocrx_word' id='word_1_653' title='bbox 1959 1294 2121 1328; x_wconf 83' lang='lat' dir='ltr'><em>sacrarum</em></span> 
     </span>
     <span class='ocr_line' id='line_1_98' title="bbox 1247 1341 2122 1390; baseline 0 -12"><span class='ocrx_word' id='word_1_654' title='bbox 1247 1343 1430 1390; x_wconf 84' lang='lat' dir='ltr'><em>Virginum</em></span> <span class='ocrx_word' id='word_1_655' title='bbox 1454 1342 1628 1388; x_wconf 80' lang='lat' dir='ltr'><em>disciplina</em></span> <span class='ocrx_word' id='word_1_656' title='bbox 1649 1341 1759 1378; x_wconf 85' lang='lat' dir='ltr'><em>scribit</em></span> <span class='ocrx_word' id='word_1_657' title='bbox 1778 1355 1820 1378; x_wconf 83' lang='lat' dir='ltr'><em>ex</em></span> <span class='ocrx_word' id='word_1_658' title='bbox 1837 1344 1997 1384; x_wconf 84' lang='lat' dir='ltr'><em>Oriente,</em></span> <span class='ocrx_word' id='word_1_659' title='bbox 2023 1353 2122 1387; x_wconf 86' lang='lat' dir='ltr'><em>atque</em></span> 
     </span>
     <span class='ocr_line' id='line_1_99' title="bbox 1245 1393 2122 1439; baseline 0 -11"><span class='ocrx_word' id='word_1_660' title='bbox 1245 1395 1288 1429; x_wconf 84' lang='lat' dir='ltr'><em>ita</em></span> <span class='ocrx_word' id='word_1_661' title='bbox 1299 1406 1339 1428; x_wconf 86' lang='lat' dir='ltr'><em>ex</em></span> <span class='ocrx_word' id='word_1_662' title='bbox 1353 1394 1516 1431; x_wconf 85' lang='lat' dir='ltr'><em>Orientali</em></span> <span class='ocrx_word' id='word_1_663' title='bbox 1528 1395 1638 1439; x_wconf 82' lang='lat' dir='ltr'><em>regula</em></span> <span class='ocrx_word' id='word_1_664' title='bbox 1648 1394 1688 1429; x_wconf 86' lang='lat' dir='ltr'><em>ad</em></span> <span class='ocrx_word' id='word_1_665' title='bbox 1701 1393 1825 1429; x_wconf 84' lang='lat' dir='ltr'><em>Laetam</em></span> <span class='ocrx_word' id='word_1_666' title='bbox 1847 1394 1980 1429; x_wconf 57' lang='lat' dir='ltr'><em>Sanetus</em></span> <span class='ocrx_word' id='word_1_667' title='bbox 2003 1393 2122 1428; x_wconf 84' lang='lat' dir='ltr'><em>Hiero-</em></span> 
     </span>
     <span class='ocr_line' id='line_1_100' title="bbox 1245 1443 2121 1493; baseline -0.002 -15"><span class='ocrx_word' id='word_1_668' title='bbox 1245 1456 1364 1493; x_wconf 86' lang='lat' dir='ltr'><em>nymus</em></span> <span class='ocrx_word' id='word_1_669' title='bbox 1377 1457 1387 1479; x_wconf 87' lang='lat'><em>:</em></span> <span class='ocrx_word' id='word_1_670' title='bbox 1414 1448 1504 1479; x_wconf 70' lang='lat' dir='ltr'><em>sacra</em></span> <span class='ocrx_word' id='word_1_671' title='bbox 1516 1449 1603 1488; x_wconf 82' lang='lat' dir='ltr'><em>Virgo</em></span> <span class='ocrx_word' id='word_1_672' title='bbox 1618 1456 1675 1479; x_wconf 90' lang='lat' dir='ltr'><em>non</em></span> <span class='ocrx_word' id='word_1_673' title='bbox 1685 1443 1822 1488; x_wconf 85' lang='lat' dir='ltr'><em>vescatur</em></span> <span class='ocrx_word' id='word_1_674' title='bbox 1832 1450 1865 1476; x_wconf 84' lang='lat' dir='ltr'><em>in</em></span> <span class='ocrx_word' id='word_1_675' title='bbox 1875 1443 1992 1487; x_wconf 74' lang='lat' dir='ltr'><em>publico</em></span> <span class='ocrx_word' id='word_1_676' title='bbox 2004 1467 2014 1484; x_wconf 91' lang='lat'><strong><em>,</em></strong></span> <span class='ocrx_word' id='word_1_677' title='bbox 2027 1445 2063 1476; x_wconf 80' lang='lat' dir='ltr'><em>td</em></span> <span class='ocrx_word' id='word_1_678' title='bbox 2069 1443 2121 1484; x_wconf 81' lang='lat' dir='ltr'><em>est,</em></span> 
     </span>
     <span class='ocr_line' id='line_1_101' title="bbox 1242 1493 2122 1537; baseline 0 -9"><span class='ocrx_word' id='word_1_679' title='bbox 1242 1501 1274 1528; x_wconf 87' lang='lat' dir='ltr'><em>in</em></span> <span class='ocrx_word' id='word_1_680' title='bbox 1288 1499 1454 1528; x_wconf 83' lang='lat' dir='ltr'><em>Parentum</em></span> <span class='ocrx_word' id='word_1_681' title='bbox 1463 1500 1602 1529; x_wconf 77' lang='lat' dir='ltr'><em>convivio</em></span> <span class='ocrx_word' id='word_1_682' title='bbox 1617 1519 1627 1535; x_wconf 89' lang='lat'>‚</span> <span class='ocrx_word' id='word_1_683' title='bbox 1652 1506 1686 1528; x_wconf 87' lang='lat' dir='ltr'><em>ne</em></span> <span class='ocrx_word' id='word_1_684' title='bbox 1697 1496 1803 1528; x_wconf 83' lang='lat' dir='ltr'><em>videat</em></span> <span class='ocrx_word' id='word_1_685' title='bbox 1813 1494 1890 1529; x_wconf 76' lang='lat' dir='ltr'><em>cibor</em></span> <span class='ocrx_word' id='word_1_686' title='bbox 1900 1519 1911 1537; x_wconf 90' lang='lat'><strong><em>,</em></strong></span> <span class='ocrx_word' id='word_1_687' title='bbox 1933 1505 2005 1537; x_wconf 87' lang='lat' dir='ltr'><em>quos</em></span> <span class='ocrx_word' id='word_1_688' title='bbox 2014 1493 2122 1535; x_wconf 81' lang='lat' dir='ltr'><em>deside·</em></span> 
     </span>
     <span class='ocr_line' id='line_1_102' title="bbox 1241 1546 2122 1589; baseline -0.001 -12"><span class='ocrx_word' id='word_1_689' title='bbox 1241 1555 1287 1579; x_wconf 86' lang='lat' dir='ltr'><em>ret</em></span> <span class='ocrx_word' id='word_1_690' title='bbox 1301 1568 1308 1576; x_wconf 89' lang='lat'>.</span> <span class='ocrx_word' id='word_1_691' title='bbox 1336 1548 1380 1578; x_wconf 82' lang='lat' dir='ltr'><em>Et</em></span> <span class='ocrx_word' id='word_1_692' title='bbox 1403 1547 1471 1580; x_wconf 82' lang='lat' dir='ltr'><em>licet</em></span> <span class='ocrx_word' id='word_1_693' title='bbox 1494 1546 1621 1587; x_wconf 78' lang='lat' dir='ltr'><em>quidam</em></span> <span class='ocrx_word' id='word_1_694' title='bbox 1638 1553 1748 1588; x_wconf 83' lang='lat' dir='ltr'><em>putent</em></span> <span class='ocrx_word' id='word_1_695' title='bbox 1766 1547 1888 1588; x_wconf 77' lang='lat' dir='ltr'><em>majoris</em></span> <span class='ocrx_word' id='word_1_696' title='bbox 1907 1547 1958 1589; x_wconf 79' lang='lat' dir='ltr'><em>effe</em></span> <span class='ocrx_word' id='word_1_697' title='bbox 1973 1549 2099 1580; x_wconf 68' lang='lat' dir='ltr'><em>virtutis</em></span> <span class='ocrx_word' id='word_1_698' title='bbox 2110 1568 2122 1584; x_wconf 85' lang='lat'><strong>,</strong></span> 
     </span>
     <span class='ocr_line' id='line_1_103' title="bbox 1237 1592 2121 1640; baseline 0.002 -14"><span class='ocrx_word' id='word_1_699' title='bbox 1237 1592 1418 1637; x_wconf 73' lang='lat' dir='ltr'><em>pra-sentem</em></span> <span class='ocrx_word' id='word_1_700' title='bbox 1429 1600 1612 1627; x_wconf 75' lang='lat' dir='ltr'><em>contemnere</em></span> <span class='ocrx_word' id='word_1_701' title='bbox 1624 1596 1810 1634; x_wconf 83' lang='lat' dir='ltr'><em>voluptatem</em></span> <span class='ocrx_word' id='word_1_702' title='bbox 1822 1620 1832 1633; x_wconf 92' lang='lat'><strong>,</strong></span> <span class='ocrx_word' id='word_1_703' title='bbox 1859 1604 1962 1629; x_wconf 87' lang='lat' dir='ltr'><em>tamen</em></span> <span class='ocrx_word' id='word_1_704' title='bbox 1972 1606 2022 1640; x_wconf 83' lang='lat' dir='ltr'><em>ego</em></span> <span class='ocrx_word' id='word_1_705' title='bbox 2037 1594 2121 1628; x_wconf 70' lang='lat' dir='ltr'><em>arbi-</em></span> 
     </span>
     <span class='ocr_line' id='line_1_104' title="bbox 1241 1642 2120 1687; baseline 0 -11"><span class='ocrx_word' id='word_1_706' title='bbox 1241 1652 1304 1677; x_wconf 76' lang='lat' dir='ltr'><em>tror</em></span> <span class='ocrx_word' id='word_1_707' title='bbox 1309 1643 1465 1687; x_wconf 69' lang='lat' dir='ltr'><em>securioris</em></span> <span class='ocrx_word' id='word_1_708' title='bbox 1477 1649 1667 1678; x_wconf 64' lang='lat' dir='ltr'><em>continentiae</em></span> <span class='ocrx_word' id='word_1_709' title='bbox 1675 1644 1726 1686; x_wconf 49' lang='lat' dir='ltr'><em>mse</em></span> <span class='ocrx_word' id='word_1_710' title='bbox 1736 1666 1748 1682; x_wconf 88' lang='lat'>,</span> <span class='ocrx_word' id='word_1_711' title='bbox 1773 1642 1879 1686; x_wconf 74' lang='lat' dir='ltr'><em>nescire</em></span> <span class='ocrx_word' id='word_1_712' title='bbox 1890 1646 1971 1686; x_wconf 86' lang='lat' dir='ltr'><em>quod</em></span> <span class='ocrx_word' id='word_1_713' title='bbox 1978 1655 2098 1685; x_wconf 86' lang='lat' dir='ltr'><em>quaeras</em></span> <span class='ocrx_word' id='word_1_714' title='bbox 2110 1655 2120 1676; x_wconf 65' lang='grc' dir='ltr'><strong><em>ε</em></strong></span> 
     </span>
     <span class='ocr_line' id='line_1_105' title="bbox 1242 1690 2121 1737; baseline -0.001 -12"><span class='ocrx_word' id='word_1_715' title='bbox 1242 1691 1287 1726; x_wconf 89' lang='lat' dir='ltr'><em>Et</em></span> <span class='ocrx_word' id='word_1_716' title='bbox 1313 1691 1391 1725; x_wconf 88' lang='lat' dir='ltr'><em>hinc</em></span> <span class='ocrx_word' id='word_1_717' title='bbox 1407 1691 1597 1734; x_wconf 78' lang='lat' dir='ltr'><em>Philippum</em></span> <span class='ocrx_word' id='word_1_718' title='bbox 1617 1690 1828 1727; x_wconf 76' lang='lat' dir='ltr'><em>Monachum</em></span> <span class='ocrx_word' id='word_1_719' title='bbox 1846 1718 1857 1733; x_wconf 91' lang='lat'><strong>,</strong></span> <span class='ocrx_word' id='word_1_720' title='bbox 1893 1694 1950 1737; x_wconf 87' lang='lat' dir='ltr'><em>qui</em></span> <span class='ocrx_word' id='word_1_721' title='bbox 1972 1693 2121 1728; x_wconf 80' lang='lat' dir='ltr'><em>lautioris</em></span> 
     </span>
     <span class='ocr_line' id='line_1_106' title="bbox 1241 1740 2122 1781; baseline 0.001 -7"><span class='ocrx_word' id='word_1_722' title='bbox 1241 1742 1357 1775; x_wconf 86' lang='lat' dir='ltr'><em>mensae</em></span> <span class='ocrx_word' id='word_1_723' title='bbox 1369 1750 1478 1774; x_wconf 84' lang='lat' dir='ltr'><em>amore</em></span> <span class='ocrx_word' id='word_1_724' title='bbox 1498 1740 1660 1776; x_wconf 69' lang='lat' dir='ltr'><em>saeculares</em></span> <span class='ocrx_word' id='word_1_725' title='bbox 1670 1740 1800 1775; x_wconf 65' lang='lat' dir='ltr'><em>*domos</em></span> <span class='ocrx_word' id='word_1_726' title='bbox 1822 1740 1968 1776; x_wconf 65' lang='lat' dir='ltr'><em>visitabat</em></span> <span class='ocrx_word' id='word_1_727' title='bbox 1981 1766 1993 1781; x_wconf 88' lang='lat'>,</span> <span class='ocrx_word' id='word_1_728' title='bbox 2027 1743 2122 1777; x_wconf 80' lang='lat' dir='ltr'><em>fuiffe</em></span> 
     </span>
     <span class='ocr_line' id='line_1_107' title="bbox 1240 1789 2123 1837; baseline 0 -12"><span class='ocrx_word' id='word_1_729' title='bbox 1240 1791 1280 1826; x_wconf 89' lang='lat' dir='ltr'><em>de</em></span> <span class='ocrx_word' id='word_1_730' title='bbox 1293 1790 1395 1825; x_wconf 87' lang='lat' dir='ltr'><em>cubili</em></span> <span class='ocrx_word' id='word_1_731' title='bbox 1408 1792 1441 1824; x_wconf 85' lang='lat' dir='ltr'><em>in</em></span> <span class='ocrx_word' id='word_1_732' title='bbox 1452 1789 1561 1825; x_wconf 88' lang='lat' dir='ltr'><em>cubile</em></span> <span class='ocrx_word' id='word_1_733' title='bbox 1574 1791 1714 1834; x_wconf 80' lang='lat' dir='ltr'><em>migrare</em></span> <span class='ocrx_word' id='word_1_734' title='bbox 1735 1791 1894 1827; x_wconf 77' lang='lat' dir='ltr'><em>consueto</em></span> <span class='ocrx_word' id='word_1_735' title='bbox 1913 1790 2017 1837; x_wconf 78' lang='lat' dir='ltr'><em>lepori</em></span> <span class='ocrx_word' id='word_1_736' title='bbox 2038 1791 2123 1825; x_wconf 82' lang='lat' dir='ltr'><em>fimi·</em></span> 
     </span>
     <span class='ocr_line' id='line_1_108' title="bbox 1241 1839 2121 1885; baseline 0.001 -11"><span class='ocrx_word' id='word_1_737' title='bbox 1241 1841 1304 1875; x_wconf 88' lang='lat' dir='ltr'><em>lem</em></span> <span class='ocrx_word' id='word_1_738' title='bbox 1320 1840 1431 1875; x_wconf 88' lang='lat' dir='ltr'><em>scribit</em></span> <span class='ocrx_word' id='word_1_739' title='bbox 1453 1839 1592 1875; x_wconf 80' lang='lat' dir='ltr'><em>Isidorus·</em></span> <span class='ocrx_word' id='word_1_740' title='bbox 1612 1840 1774 1875; x_wconf 84' lang='lat' dir='ltr'><em>Pelufiota</em></span> <span class='ocrx_word' id='word_1_741' title='bbox 1791 1865 1802 1881; x_wconf 90' lang='lat'>,</span> <span class='ocrx_word' id='word_1_742' title='bbox 1837 1849 1933 1885; x_wconf 83' lang='lat' dir='ltr'><em>atque</em></span> <span class='ocrx_word' id='word_1_743' title='bbox 1943 1840 2101 1885; x_wconf 76' lang='lat' dir='ltr'><em>&#39;adjungit</em></span> <span class='ocrx_word' id='word_1_744' title='bbox 2112 1864 2121 1875; x_wconf 88' lang='lat'><strong>.</strong></span> 
     </span>
     <span class='ocr_line' id='line_1_109' title="bbox 1239 1890 2123 1935; baseline -0.003 -9"><span class='ocrx_word' id='word_1_745' title='bbox 1239 1891 1305 1926; x_wconf 81' lang='lat' dir='ltr'><em>Tibi</em></span> <span class='ocrx_word' id='word_1_746' title='bbox 1315 1891 1393 1926; x_wconf 82' lang='lat' dir='ltr'><em>illud</em></span> <span class='ocrx_word' id='word_1_747' title='bbox 1413 1897 1565 1935; x_wconf 79' lang='lat' dir='ltr'><em>continget</em></span> <span class='ocrx_word' id='word_1_748' title='bbox 1576 1915 1587 1933; x_wconf 86' lang='lat'>‚</span> <span class='ocrx_word' id='word_1_749' title='bbox 1625 1900 1660 1924; x_wconf 87' lang='lat' dir='ltr'><em>ut</em></span> <span class='ocrx_word' id='word_1_750' title='bbox 1682 1891 1816 1926; x_wconf 78' lang='lat' dir='ltr'><em>omnibus</em></span> <span class='ocrx_word' id='word_1_751' title='bbox 1839 1890 1958 1934; x_wconf 67' lang='lat' dir='ltr'><em>Isi-aelii*</em></span> <span class='ocrx_word' id='word_1_752' title='bbox 1979 1891 2123 1932; x_wconf 64' lang='lat' dir='ltr'><em>urbibus„</em></span> 
     </span>
     <span class='ocr_line' id='line_1_110' title="bbox 1238 1939 2122 1985; baseline 0.001 -11"><span class='ocrx_word' id='word_1_753' title='bbox 1238 1942 1328 1985; x_wconf 54' lang='lat' dir='ltr'><em>atqie</em></span> <span class='ocrx_word' id='word_1_754' title='bbox 1347 1940 1478 1974; x_wconf 81' lang='lat' dir='ltr'><em>omnibus</em></span> <span class='ocrx_word' id='word_1_755' title='bbox 1489 1949 1578 1974; x_wconf 80' lang='lat' dir='ltr'><em>terrae</em></span> <span class='ocrx_word' id='word_1_756' title='bbox 1591 1941 1735 1981; x_wconf 84' lang='lat' dir='ltr'><em>receffibus</em></span> <span class='ocrx_word' id='word_1_757' title='bbox 1749 1952 1812 1975; x_wconf 90' lang='lat' dir='ltr'><em>cum</em></span> <span class='ocrx_word' id='word_1_758' title='bbox 1824 1939 1992 1985; x_wconf 79' lang='lat' dir='ltr'><em>hujusmodi</em></span> <span class='ocrx_word' id='word_1_759' title='bbox 2014 1950 2122 1975; x_wconf 82' lang='lat' dir='ltr'><em>ventre</em></span> 
     </span>
     <span class='ocr_line' id='line_1_111' title="bbox 1240 1989 2120 2037; baseline -0.003 -12"><span class='ocrx_word' id='word_1_760' title='bbox 1240 2000 1330 2035; x_wconf 75' lang='lat' dir='ltr'><em>atque</em></span> <span class='ocrx_word' id='word_1_761' title='bbox 1338 1996 1432 2026; x_wconf 78' lang='lat' dir='ltr'><em>animi</em></span> <span class='ocrx_word' id='word_1_762' title='bbox 1439 1989 1568 2033; x_wconf 73' lang='lat' dir='ltr'><em>instituto</em></span> <span class='ocrx_word' id='word_1_763' title='bbox 1574 1997 1750 2037; x_wconf 73' lang='lat' dir='ltr'><em>peragratis</em></span> <span class='ocrx_word' id='word_1_764' title='bbox 1758 2014 1770 2032; x_wconf 91' lang='lat'>,</span> <span class='ocrx_word' id='word_1_765' title='bbox 1789 1994 1927 2034; x_wconf 78' lang='lat' dir='ltr'><em>Euripus</em></span> <span class='ocrx_word' id='word_1_766' title='bbox 1937 1992 2062 2035; x_wconf 73' lang='lat' dir='ltr'><em>quidam</em></span> <span class='ocrx_word' id='word_1_767' title='bbox 2067 1989 2120 2032; x_wconf 82' lang='lat' dir='ltr'><em>fis,</em></span> 
     </span>
     <span class='ocr_line' id='line_1_112' title="bbox 1239 2041 2121 2087; baseline -0.003 -11"><span class='ocrx_word' id='word_1_768' title='bbox 1239 2049 1316 2076; x_wconf 80' lang='lat' dir='ltr'><em>omni</em></span> <span class='ocrx_word' id='word_1_769' title='bbox 1325 2042 1452 2075; x_wconf 77' lang='lat' dir='ltr'><em>ciborum</em></span> <span class='ocrx_word' id='word_1_770' title='bbox 1465 2050 1556 2076; x_wconf 83' lang='lat' dir='ltr'><em>vento</em></span> <span class='ocrx_word' id='word_1_771' title='bbox 1565 2041 1755 2087; x_wconf 52' lang='lat' dir='ltr'><em>circumens</em></span> <span class='ocrx_word' id='word_1_772' title='bbox 1764 2063 1777 2081; x_wconf 88' lang='lat'><strong>,</strong></span> <span class='ocrx_word' id='word_1_773' title='bbox 1804 2052 1840 2074; x_wconf 86' lang='lat' dir='ltr'><em>ae</em></span> <span class='ocrx_word' id='word_1_774' title='bbox 1845 2048 1992 2082; x_wconf 78' lang='lat' dir='ltr'><em>perpetua</em></span> <span class='ocrx_word' id='word_1_775' title='bbox 2002 2041 2121 2081; x_wconf 72' lang='lat' dir='ltr'><em>instabi-</em></span> 
     </span>
    </p>

    <p class='ocr_par' dir='ltr' id='par_1_19' title="bbox 1231 2088 2123 2439">
     <span class='ocr_line' id='line_1_113' title="bbox 1236 2088 2123 2129; baseline -0.002 -4"><span class='ocrx_word' id='word_1_776' title='bbox 1236 2094 1325 2128; x_wconf 78' lang='lat' dir='ltr'><em>litate</em></span> <span class='ocrx_word' id='word_1_777' title='bbox 1334 2092 1481 2127; x_wconf 56' lang='lat' dir='ltr'><em>&gt;laborans</em></span> <span class='ocrx_word' id='word_1_778' title='bbox 1494 2117 1501 2124; x_wconf 91' lang='lat'><strong>.</strong></span> <span class='ocrx_word' id='word_1_779' title='bbox 1541 2091 1652 2126; x_wconf 80' lang='lat' dir='ltr'><em>Etiam</em></span> <span class='ocrx_word' id='word_1_780' title='bbox 1660 2091 1807 2126; x_wconf 72' lang='lat' dir='ltr'><em>Marcus</em></span> <span class='ocrx_word' id='word_1_781' title='bbox 1831 2088 2019 2124; x_wconf 80' lang='lat' dir='ltr'><em>Monachus</em></span> <span class='ocrx_word' id='word_1_782' title='bbox 2027 2112 2038 2129; x_wconf 91' lang='lat'>‚</span> <span class='ocrx_word' id='word_1_783' title='bbox 2063 2099 2123 2123; x_wconf 83' lang='lat' dir='ltr'><em>non</em></span> 
     </span>
     <span class='ocr_line' id='line_1_114' title="bbox 1237 2139 2122 2184; baseline -0.002 -9"><span class='ocrx_word' id='word_1_784' title='bbox 1237 2143 1446 2184; x_wconf 59' lang='lat' dir='ltr'><em>comparanda</em></span> <span class='ocrx_word' id='word_1_785' title='bbox 1456 2143 1630 2175; x_wconf 78' lang='lat' dir='ltr'><em>eruditionis</em></span> <span class='ocrx_word' id='word_1_786' title='bbox 1639 2165 1651 2182; x_wconf 87' lang='lat'>,</span> <span class='ocrx_word' id='word_1_787' title='bbox 1670 2140 1728 2184; x_wconf 86' lang='lat' dir='ltr'><em>sed</em></span> <span class='ocrx_word' id='word_1_788' title='bbox 1735 2139 1948 2183; x_wconf 76' lang='lat' dir='ltr'><em>exquisitarum</em></span> <span class='ocrx_word' id='word_1_789' title='bbox 1967 2141 2122 2182; x_wconf 71' lang='lat' dir='ltr'><em>epularum</em></span> 
     </span>
     <span class='ocr_line' id='line_1_115' title="bbox 1231 2188 2123 2236; baseline -0.004 -9"><span class='ocrx_word' id='word_1_790' title='bbox 1231 2193 1329 2234; x_wconf 77' lang='lat' dir='ltr'><em>studio</em></span> <span class='ocrx_word' id='word_1_791' title='bbox 1339 2201 1430 2236; x_wconf 84' lang='lat' dir='ltr'><em>atque</em></span> <span class='ocrx_word' id='word_1_792' title='bbox 1441 2193 1605 2235; x_wconf 75' lang='lat' dir='ltr'><em>cupiditate</em></span> <span class='ocrx_word' id='word_1_793' title='bbox 1623 2190 1767 2233; x_wconf 73' lang='lat' dir='ltr'><em>lustrabat</em></span> <span class='ocrx_word' id='word_1_794' title='bbox 1785 2193 1897 2225; x_wconf 82' lang='lat' dir='ltr'><em>alienas</em></span> <span class='ocrx_word' id='word_1_795' title='bbox 1923 2192 2043 2225; x_wconf 69' lang='lat' dir='ltr'><em>domos.</em></span> <span class='ocrx_word' id='word_1_796' title='bbox 2070 2188 2123 2234; x_wconf 55' lang='lat' dir='ltr'><em>lp*</em></span> 
     </span>
     <span class='ocr_line' id='line_1_116' title="bbox 1239 2239 2122 2286; baseline -0.002 -10"><span class='ocrx_word' id='word_1_797' title='bbox 1239 2245 1274 2278; x_wconf 92' lang='lat' dir='ltr'><em>so</em></span> <span class='ocrx_word' id='word_1_798' title='bbox 1289 2243 1382 2278; x_wconf 77' lang='lat' dir='ltr'><em>fuisse</em></span> <span class='ocrx_word' id='word_1_799' title='bbox 1393 2253 1491 2276; x_wconf 85' lang='lat' dir='ltr'><em>vento</em></span> <span class='ocrx_word' id='word_1_800' title='bbox 1501 2251 1630 2286; x_wconf 85' lang='lat' dir='ltr'><em>raptum</em></span> <span class='ocrx_word' id='word_1_801' title='bbox 1642 2242 1807 2284; x_wconf 87' lang='lat' dir='ltr'><em>pulverem</em></span> <span class='ocrx_word' id='word_1_802' title='bbox 1828 2240 1938 2276; x_wconf 82' lang='lat' dir='ltr'><em>scribit</em></span> <span class='ocrx_word' id='word_1_803' title='bbox 1958 2239 2095 2276; x_wconf 67' lang='lat' dir='ltr'><em>Isidorus</em></span> <span class='ocrx_word' id='word_1_804' title='bbox 2108 2260 2122 2280; x_wconf 62' lang='lat'><em>‚1</em></span> 
     </span>
     <span class='ocr_line' id='line_1_117' title="bbox 1238 2290 2121 2338; baseline -0.005 -9"><span class='ocrx_word' id='word_1_805' title='bbox 1238 2306 1275 2329; x_wconf 88' lang='lat' dir='ltr'><em>ac</em></span> <span class='ocrx_word' id='word_1_806' title='bbox 1287 2295 1392 2338; x_wconf 85' lang='lat' dir='ltr'><em>pergit</em></span> <span class='ocrx_word' id='word_1_807' title='bbox 1405 2307 1415 2329; x_wconf 88' lang='grc'><em>.-</em></span> <span class='ocrx_word' id='word_1_808' title='bbox 1452 2296 1511 2326; x_wconf 86' lang='lat' dir='ltr'><em>Heu</em></span> <span class='ocrx_word' id='word_1_809' title='bbox 1522 2298 1587 2335; x_wconf 80' lang='lat' dir='ltr'><em>quis</em></span> <span class='ocrx_word' id='word_1_810' title='bbox 1599 2300 1627 2326; x_wconf 89' lang='lat' dir='ltr'><em>te</em></span> <span class='ocrx_word' id='word_1_811' title='bbox 1633 2291 1713 2336; x_wconf 70' lang='lat' dir='ltr'><em>sans</em></span> <span class='ocrx_word' id='word_1_812' title='bbox 1729 2292 1816 2335; x_wconf 68' lang='lat' dir='ltr'><em>digne</em></span> <span class='ocrx_word' id='word_1_813' title='bbox 1837 2290 1989 2334; x_wconf 67' lang='lat' dir='ltr'><em>deplorare</em></span> <span class='ocrx_word' id='word_1_814' title='bbox 2007 2292 2121 2333; x_wconf 65' lang='lat' dir='ltr'><em>quent?</em></span> 
     </span>
     <span class='ocr_line' id='line_1_118' title="bbox 1235 2341 2122 2388; baseline -0.003 -11"><span class='ocrx_word' id='word_1_815' title='bbox 1235 2347 1300 2388; x_wconf 75' lang='lat' dir='ltr'><em>,Qui</em></span> <span class='ocrx_word' id='word_1_816' title='bbox 1309 2345 1343 2379; x_wconf 69' lang='lat'><em>(5¹</em></span> <span class='ocrx_word' id='word_1_817' title='bbox 1355 2348 1479 2378; x_wconf 79' lang='lat' dir='ltr'><em>exitium</em></span> <span class='ocrx_word' id='word_1_818' title='bbox 1493 2342 1547 2378; x_wconf 81' lang='lat' dir='ltr'><em>tibi</em></span> <span class='ocrx_word' id='word_1_819' title='bbox 1557 2342 1613 2386; x_wconf 54' lang='lat' dir='ltr'>ff</span> <span class='ocrx_word' id='word_1_820' title='bbox 1619 2342 1715 2384; x_wconf 75' lang='lat' dir='ltr'><em>infers</em></span> <span class='ocrx_word' id='word_1_821' title='bbox 1728 2366 1739 2383; x_wconf 93' lang='lat'><strong>,</strong></span> <span class='ocrx_word' id='word_1_822' title='bbox 1759 2344 1794 2377; x_wconf 61' lang='lat' dir='ltr'><em>Gr</em></span> <span class='ocrx_word' id='word_1_823' title='bbox 1805 2344 1910 2376; x_wconf 81' lang='lat' dir='ltr'><em>multos</em></span> <span class='ocrx_word' id='word_1_824' title='bbox 1920 2342 2043 2377; x_wconf 69' lang='lat' dir='ltr'><em>inutiles</em></span> <span class='ocrx_word' id='word_1_825' title='bbox 2055 2341 2122 2374; x_wconf 58' lang='grc' dir='ltr'><em>ηᾶὸ</em></span> 
     </span>
     <span class='ocr_line' id='line_1_119' title="bbox 1236 2390 2123 2439; baseline -0.005 -11"><span class='ocrx_word' id='word_1_826' title='bbox 1236 2398 1284 2428; x_wconf 80' lang='lat' dir='ltr'><em>dis</em></span> <span class='ocrx_word' id='word_1_827' title='bbox 1297 2420 1303 2427; x_wconf 94' lang='lat'><strong>.</strong></span> <span class='ocrx_word' id='word_1_828' title='bbox 1333 2393 1464 2438; x_wconf 89' lang='lat' dir='ltr'><em>Utique</em></span> <span class='ocrx_word' id='word_1_829' title='bbox 1474 2404 1573 2439; x_wconf 85' lang='lat' dir='ltr'><em>pravo</em></span> <span class='ocrx_word' id='word_1_830' title='bbox 1583 2390 1737 2437; x_wconf 74' lang='lat' dir='ltr'><em>exemplo</em></span> <span class='ocrx_word' id='word_1_831' title='bbox 1748 2417 1756 2426; x_wconf 92' lang='lat'>.</span> <span class='ocrx_word' id='word_1_832' title='bbox 1783 2392 1894 2427; x_wconf 84' lang='lat' dir='ltr'><em>Etiam</em></span> <span class='ocrx_word' id='word_1_833' title='bbox 1905 2393 1946 2428; x_wconf 91' lang='lat' dir='ltr'><em>ad</em></span> <span class='ocrx_word' id='word_1_834' title='bbox 1956 2390 2123 2426; x_wconf 58' lang='lat' dir='ltr'><em>Haeoefiatu</em></span> 
     </span>
    </p>
   </div>
   <div class='ocr_carea' id='block_1_17' title="bbox 1237 2441 2291 2488">
    <p class='ocr_par' dir='ltr' id='par_1_20' title="bbox 1237 2441 2291 2488">
     <span class='ocr_line' id='line_1_120' title="bbox 1237 2441 2291 2488; baseline -0.007 -8"><span class='ocrx_word' id='word_1_835' title='bbox 1237 2443 1330 2480; x_wconf 89' lang='lat' dir='ltr'><em>cham</em></span> <span class='ocrx_word' id='word_1_836' title='bbox 1343 2443 1514 2488; x_wconf 81' lang='lat' dir='ltr'><em>Pelagium</em></span> <span class='ocrx_word' id='word_1_837' title='bbox 1525 2442 1636 2478; x_wconf 84' lang='lat' dir='ltr'><em>scribit</em></span> <span class='ocrx_word' id='word_1_838' title='bbox 1647 2457 1658 2479; x_wconf 73' lang='lat'><em>,-</em></span> <span class='ocrx_word' id='word_1_839' title='bbox 1691 2447 1772 2477; x_wconf 82' lang='lat' dir='ltr'><em>Cant</em></span> <span class='ocrx_word' id='word_1_840' title='bbox 1785 2441 1943 2486; x_wconf 76' lang='lat' dir='ltr'><em>effufificnt</em></span> <span class='ocrx_word' id='word_1_841' title='bbox 1955 2447 1988 2475; x_wconf 83' lang='lat' dir='ltr'><em>in</em></span> <span class='ocrx_word' id='word_1_842' title='bbox 2000 2441 2122 2483; x_wconf 63' lang='lat' dir='ltr'><em>Ephra·</em></span> <span class='ocrx_word' id='word_1_843' title='bbox 2140 2441 2214 2482; x_wconf 83' lang='lat' dir='ltr'><em>Epist</em></span> <span class='ocrx_word' id='word_1_844' title='bbox 2225 2451 2291 2480; x_wconf 80' lang='lat'><em>314.</em></span> 
     </span>
    </p>
   </div>
   <div class='ocr_carea' id='block_1_18' title="bbox 1232 2490 2124 3380">
    <p class='ocr_par' dir='ltr' id='par_1_21' title="bbox 1232 2490 2124 3380">
     <span class='ocr_line' id='line_1_121' title="bbox 1236 2490 2120 2540; baseline -0.009 -11"><span class='ocrx_word' id='word_1_845' title='bbox 1236 2501 1267 2529; x_wconf 80' lang='lat' dir='ltr'><em>in</em></span> <span class='ocrx_word' id='word_1_846' title='bbox 1279 2520 1291 2535; x_wconf 89' lang='lat'>,</span> <span class='ocrx_word' id='word_1_847' title='bbox 1317 2497 1351 2530; x_wconf 58' lang='grc' dir='ltr'><em>(θ’</em></span> <span class='ocrx_word' id='word_1_848' title='bbox 1372 2494 1437 2537; x_wconf 82' lang='lat' dir='ltr'><em>ipse</em></span> <span class='ocrx_word' id='word_1_849' title='bbox 1460 2500 1633 2540; x_wconf 80' lang='lat' dir='ltr'><em>ignoravit,</em></span> <span class='ocrx_word' id='word_1_850' title='bbox 1659 2493 1769 2529; x_wconf 76' lang='lat' dir='ltr'><em>vitiosis</em></span> <span class='ocrx_word' id='word_1_851' title='bbox 1789 2500 1890 2536; x_wconf 87' lang='lat' dir='ltr'><em>utique</em></span> <span class='ocrx_word' id='word_1_852' title='bbox 1920 2490 2120 2533; x_wconf 59' lang='lat' dir='ltr'><em>offelli-nibus</em></span> 
     </span>
     <span class='ocr_line' id='line_1_122' title="bbox 1232 2543 2118 2589; baseline -0.009 -10"><span class='ocrx_word' id='word_1_853' title='bbox 1232 2543 1431 2589; x_wconf 81' lang='lat' dir='ltr'><em>juvenescens</em></span> <span class='ocrx_word' id='word_1_854' title='bbox 1444 2569 1451 2578; x_wconf 89' lang='lat'><em>.</em></span> <span class='ocrx_word' id='word_1_855' title='bbox 1477 2546 1593 2578; x_wconf 86' lang='lat' dir='ltr'><em>Eodem</em></span> <span class='ocrx_word' id='word_1_856' title='bbox 1605 2545 1688 2576; x_wconf 86' lang='lat' dir='ltr'><em>modo</em></span> <span class='ocrx_word' id='word_1_857' title='bbox 1698 2543 1753 2577; x_wconf 78' lang='lat' dir='ltr'><em>tibi</em></span> <span class='ocrx_word' id='word_1_858' title='bbox 1775 2554 1883 2585; x_wconf 87' lang='lat' dir='ltr'><em>quoque</em></span> <span class='ocrx_word' id='word_1_859' title='bbox 1905 2549 2008 2587; x_wconf 78' lang='lat' dir='ltr'><em>ingens</em></span> <span class='ocrx_word' id='word_1_860' title='bbox 2026 2551 2118 2573; x_wconf 83' lang='lat' dir='ltr'><em>anno-</em></span> 
     </span>
     <span class='ocr_line' id='line_1_123' title="bbox 1240 2591 2117 2635; baseline -0.008 -7"><span class='ocrx_word' id='word_1_861' title='bbox 1240 2607 1305 2628; x_wconf 90' lang='lat' dir='ltr'><em>rum</em></span> <span class='ocrx_word' id='word_1_862' title='bbox 1314 2596 1403 2628; x_wconf 86' lang='lat' dir='ltr'><em>turba</em></span> <span class='ocrx_word' id='word_1_863' title='bbox 1413 2600 1554 2628; x_wconf 79' lang='lat' dir='ltr'><em>canitiem</em></span> <span class='ocrx_word' id='word_1_864' title='bbox 1562 2599 1681 2628; x_wconf 75' lang='lat' dir='ltr'><em>invexit</em></span> <span class='ocrx_word' id='word_1_865' title='bbox 1698 2617 1709 2635; x_wconf 84' lang='lat'><strong><em>,</em></strong></span> <span class='ocrx_word' id='word_1_866' title='bbox 1735 2595 1769 2627; x_wconf 57' lang='grc' dir='ltr'><em>ζ’)</em></span> <span class='ocrx_word' id='word_1_867' title='bbox 1778 2602 1880 2626; x_wconf 84' lang='lat' dir='ltr'><em>tamen</em></span> <span class='ocrx_word' id='word_1_868' title='bbox 1890 2591 2018 2634; x_wconf 70' lang='lat' dir='ltr'><em>rigidum</em></span> <span class='ocrx_word' id='word_1_869' title='bbox 2027 2599 2117 2631; x_wconf 83' lang='lat' dir='ltr'><em>atque</em></span> 
     </span>
     <span class='ocr_line' id='line_1_124' title="bbox 1239 2639 2121 2687; baseline -0.009 -7"><span class='ocrx_word' id='word_1_870' title='bbox 1239 2647 1381 2687; x_wconf 77' lang='lat' dir='ltr'><em>inflexum</em></span> <span class='ocrx_word' id='word_1_871' title='bbox 1393 2650 1525 2678; x_wconf 81' lang='lat' dir='ltr'><em>animum</em></span> <span class='ocrx_word' id='word_1_872' title='bbox 1536 2645 1628 2678; x_wconf 80' lang='lat' dir='ltr'><em>habes</em></span> <span class='ocrx_word' id='word_1_873' title='bbox 1651 2655 1688 2676; x_wconf 86' lang='lat' dir='ltr'><em>ex</em></span> <span class='ocrx_word' id='word_1_874' title='bbox 1707 2644 1764 2675; x_wconf 84' lang='lat' dir='ltr'><em>alio</em></span> <span class='ocrx_word' id='word_1_875' title='bbox 1782 2640 1954 2680; x_wconf 79' lang='lat' dir='ltr'><em>Monasterio</em></span> <span class='ocrx_word' id='word_1_876' title='bbox 1972 2641 2016 2672; x_wconf 84' lang='lat' dir='ltr'><em>ad</em></span> <span class='ocrx_word' id='word_1_877' title='bbox 2032 2639 2121 2672; x_wconf 76' lang='lat' dir='ltr'><em>aliud</em></span> 
     </span>
     <span class='ocr_line' id='line_1_125' title="bbox 1237 2687 2117 2740; baseline -0.01 -11"><span class='ocrx_word' id='word_1_878' title='bbox 1237 2695 1367 2739; x_wconf 77' lang='lat' dir='ltr'><em>subinde?</em></span> <span class='ocrx_word' id='word_1_879' title='bbox 1380 2701 1532 2740; x_wconf 57' lang='lat' dir='ltr'><em>migrant,</em></span> <span class='ocrx_word' id='word_1_880' title='bbox 1556 2697 1777 2739; x_wconf 78' lang='lat' dir='ltr'><em>atqueomnium</em></span> <span class='ocrx_word' id='word_1_881' title='bbox 1790 2690 1906 2733; x_wconf 85' lang='lat' dir='ltr'><em>mensas</em></span> <span class='ocrx_word' id='word_1_882' title='bbox 1924 2687 2117 2731; x_wconf 68' lang='lat' dir='ltr'><em>perseuerans</em></span> 
     </span>
     <span class='ocr_line' id='line_1_126' title="bbox 1242 2739 2118 2788; baseline -0.01 -8"><span class='ocrx_word' id='word_1_883' title='bbox 1242 2748 1276 2781; x_wconf 56' lang='grc' dir='ltr'><em>(θ’</em></span> <span class='ocrx_word' id='word_1_884' title='bbox 1288 2747 1447 2788; x_wconf 81' lang='lat' dir='ltr'><em>explorans</em></span> <span class='ocrx_word' id='word_1_885' title='bbox 1459 2767 1468 2778; x_wconf 82' lang='grc'><strong>.</strong></span> <span class='ocrx_word' id='word_1_886' title='bbox 1495 2740 1695 2786; x_wconf 71' lang='lat' dir='ltr'><em>,Quamobrem</em></span> <span class='ocrx_word' id='word_1_887' title='bbox 1710 2739 1943 2781; x_wconf 78' lang='lat' dir='ltr'><em>fitibicarntum</em></span> <span class='ocrx_word' id='word_1_888' title='bbox 1963 2744 1995 2772; x_wconf 82' lang='lat' dir='ltr'><em>nt</em></span> <span class='ocrx_word' id='word_1_889' title='bbox 2018 2749 2049 2781; x_wconf 77' lang='lat' dir='ltr'><em>or</em></span> <span class='ocrx_word' id='word_1_890' title='bbox 2069 2747 2118 2771; x_wconf 75' lang='grc' dir='ltr'><em>αι·</em></span> 
     </span>
     <span class='ocr_line' id='line_1_127' title="bbox 1242 2787 2119 2838; baseline -0.01 -8"><span class='ocrx_word' id='word_1_891' title='bbox 1242 2808 1297 2838; x_wconf 87' lang='lat' dir='ltr'><em>que</em></span> <span class='ocrx_word' id='word_1_892' title='bbox 1308 2794 1485 2838; x_wconf 83' lang='lat' dir='ltr'><em>obsoniorum</em></span> <span class='ocrx_word' id='word_1_893' title='bbox 1495 2793 1712 2825; x_wconf 84' lang='lat' dir='ltr'><em>condimentum</em></span> <span class='ocrx_word' id='word_1_894' title='bbox 1723 2801 1800 2823; x_wconf 85' lang='lat' dir='ltr'><em>curae</em></span> <span class='ocrx_word' id='word_1_895' title='bbox 1811 2787 1848 2830; x_wconf 87' lang='lat' dir='ltr'><em>est</em></span> <span class='ocrx_word' id='word_1_896' title='bbox 1862 2812 1873 2829; x_wconf 91' lang='lat'>,</span> <span class='ocrx_word' id='word_1_897' title='bbox 1896 2794 1934 2822; x_wconf 77' lang='lat' dir='ltr'><em>iis</em></span> <span class='ocrx_word' id='word_1_898' title='bbox 1946 2793 1997 2832; x_wconf 72' lang='lat' dir='ltr'><em>qul</em></span> <span class='ocrx_word' id='word_1_899' title='bbox 2022 2791 2119 2834; x_wconf 46' lang='grc' dir='ltr'><em>Μαί·</em></span> 
     </span>
     <span class='ocr_line' id='line_1_128' title="bbox 1235 2840 2118 2887; baseline -0.008 -9"><span class='ocrx_word' id='word_1_900' title='bbox 1235 2846 1351 2887; x_wconf 81' lang='lat' dir='ltr'><em>stratus</em></span> <span class='ocrx_word' id='word_1_901' title='bbox 1367 2852 1498 2887; x_wconf 81' lang='lat' dir='ltr'><em>gerunt,</em></span> <span class='ocrx_word' id='word_1_902' title='bbox 1520 2843 1622 2884; x_wconf 72' lang='lat' dir='ltr'><em>potius</em></span> <span class='ocrx_word' id='word_1_903' title='bbox 1645 2840 1804 2879; x_wconf 83' lang='lat' dir='ltr'><em>blandire,</em></span> <span class='ocrx_word' id='word_1_904' title='bbox 1830 2848 1917 2881; x_wconf 83' lang='lat' dir='ltr'><em>atque</em></span> <span class='ocrx_word' id='word_1_905' title='bbox 1935 2840 2118 2877; x_wconf 77' lang='lat' dir='ltr'><em>urbium-cu-</em></span> 
     </span>
     <span class='ocr_line' id='line_1_129' title="bbox 1240 2885 2117 2935; baseline -0.013 -7"><span class='ocrx_word' id='word_1_906' title='bbox 1240 2900 1334 2928; x_wconf 87' lang='lat' dir='ltr'><em>minos</em></span> <span class='ocrx_word' id='word_1_907' title='bbox 1347 2893 1456 2935; x_wconf 84' lang='lat' dir='ltr'><em>vestiga</em></span> <span class='ocrx_word' id='word_1_908' title='bbox 1469 2917 1476 2924; x_wconf 94' lang='lat'><strong>.</strong></span> <span class='ocrx_word' id='word_1_909' title='bbox 1503 2896 1612 2934; x_wconf 82' lang='lat' dir='ltr'><em>Neque</em></span> <span class='ocrx_word' id='word_1_910' title='bbox 1622 2897 1701 2924; x_wconf 86' lang='lat' dir='ltr'><em>enim</em></span> <span class='ocrx_word' id='word_1_911' title='bbox 1711 2889 1842 2923; x_wconf 81' lang='lat' dir='ltr'><em>homines</em></span> <span class='ocrx_word' id='word_1_912' title='bbox 1854 2891 2001 2923; x_wconf 79' lang='lat' dir='ltr'><em>Eremttae</em></span> <span class='ocrx_word' id='word_1_913' title='bbox 2011 2885 2117 2928; x_wconf 56' lang='lat' dir='ltr'><em>caifa*-</em></span> 
     </span>
     <span class='ocr_line' id='line_1_130' title="bbox 1241 2938 2118 2983; baseline -0.01 -5"><span class='ocrx_word' id='word_1_914' title='bbox 1241 2946 1366 2979; x_wconf 63' lang='lat' dir='ltr'><em>eufrates</em></span> <span class='ocrx_word' id='word_1_915' title='bbox 1376 2942 1506 2983; x_wconf 83' lang='lat' dir='ltr'><em>babent,</em></span> <span class='ocrx_word' id='word_1_916' title='bbox 1532 2951 1566 2976; x_wconf 86' lang='lat' dir='ltr'><em>ut</em></span> <span class='ocrx_word' id='word_1_917' title='bbox 1577 2950 1629 2981; x_wconf 85' lang='lat' dir='ltr'><em>te,</em></span> <span class='ocrx_word' id='word_1_918' title='bbox 1655 2941 1899 2983; x_wconf 77' lang='lat' dir='ltr'><em>quemadmodum</em></span> <span class='ocrx_word' id='word_1_919' title='bbox 1921 2938 1975 2971; x_wconf 77' lang='lat' dir='ltr'><em>tibi</em></span> <span class='ocrx_word' id='word_1_920' title='bbox 1996 2945 2118 2982; x_wconf 78' lang='lat' dir='ltr'><em>gratam</em></span> 
     </span>
     <span class='ocr_line' id='line_1_131' title="bbox 1241 2987 2120 3035; baseline -0.01 -7"><span class='ocrx_word' id='word_1_921' title='bbox 1241 2994 1300 3035; x_wconf 83' lang='lat' dir='ltr'><em>est,</em></span> <span class='ocrx_word' id='word_1_922' title='bbox 1325 3000 1458 3035; x_wconf 74' lang='lat' dir='ltr'><em>excipere</em></span> <span class='ocrx_word' id='word_1_923' title='bbox 1468 3001 1597 3034; x_wconf 82' lang='lat' dir='ltr'><em>queant.</em></span> <span class='ocrx_word' id='word_1_924' title='bbox 1623 2990 1671 3025; x_wconf 88' lang='lat' dir='ltr'><em>Ita</em></span> <span class='ocrx_word' id='word_1_925' title='bbox 1681 3002 1737 3033; x_wconf 86' lang='lat' dir='ltr'><em>pet</em></span> <span class='ocrx_word' id='word_1_926' title='bbox 1758 2990 1881 3025; x_wconf 82' lang='lat' dir='ltr'><em>alienas</em></span> <span class='ocrx_word' id='word_1_927' title='bbox 1901 2989 1935 3023; x_wconf 90' lang='lat'>&amp;</span> <span class='ocrx_word' id='word_1_928' title='bbox 1953 2987 2120 3023; x_wconf 80' lang='lat' dir='ltr'><em>Monaste-</em></span> 
     </span>
     <span class='ocr_line' id='line_1_132' title="bbox 1241 3038 2120 3080; baseline -0.01 -1"><span class='ocrx_word' id='word_1_929' title='bbox 1241 3046 1364 3079; x_wconf 83' lang='lat' dir='ltr'><em>riorum</em></span> <span class='ocrx_word' id='word_1_930' title='bbox 1389 3046 1423 3080; x_wconf 88' lang='lat'>&amp;</span> <span class='ocrx_word' id='word_1_931' title='bbox 1450 3042 1612 3078; x_wconf 86' lang='lat' dir='ltr'><em>nobilium</em></span> <span class='ocrx_word' id='word_1_932' title='bbox 1637 3040 1811 3075; x_wconf 88' lang='lat' dir='ltr'><em>domorum</em></span> <span class='ocrx_word' id='word_1_933' title='bbox 1836 3039 1985 3074; x_wconf 84' lang='lat' dir='ltr'><em>carnosas</em></span> <span class='ocrx_word' id='word_1_934' title='bbox 1995 3038 2120 3071; x_wconf 83' lang='lat' dir='ltr'><em>mensas</em></span> 
     </span>
     <span class='ocr_line' id='line_1_133' title="bbox 1243 3087 2122 3140; baseline -0.01 -11"><span class='ocrx_word' id='word_1_935' title='bbox 1243 3095 1393 3140; x_wconf 89' lang='lat' dir='ltr'><em>gyrando</em></span> <span class='ocrx_word' id='word_1_936' title='bbox 1415 3119 1426 3136; x_wconf 91' lang='lat'>,</span> <span class='ocrx_word' id='word_1_937' title='bbox 1464 3095 1558 3127; x_wconf 90' lang='lat' dir='ltr'><em>suum</em></span> <span class='ocrx_word' id='word_1_938' title='bbox 1596 3092 1683 3126; x_wconf 87' lang='lat' dir='ltr'><em>virus</em></span> <span class='ocrx_word' id='word_1_939' title='bbox 1720 3089 1912 3126; x_wconf 84' lang='lat' dir='ltr'><em>seminabat.</em></span> <span class='ocrx_word' id='word_1_940' title='bbox 1950 3087 2122 3131; x_wconf 81' lang='lat' dir='ltr'><em>Ejusmodi</em></span> 
     </span>
     <span class='ocr_line' id='line_1_134' title="bbox 1244 3138 2124 3190; baseline -0.01 -11"><span class='ocrx_word' id='word_1_941' title='bbox 1244 3146 1440 3190; x_wconf 87' lang='lat' dir='ltr'><em>Gyrovagos</em></span> <span class='ocrx_word' id='word_1_942' title='bbox 1473 3141 1731 3187; x_wconf 83' lang='lat' dir='ltr'><em>Gloffogastores</em></span> <span class='ocrx_word' id='word_1_943' title='bbox 1768 3139 1909 3184; x_wconf 79' lang='lat' dir='ltr'><em>graviter</em></span> <span class='ocrx_word' id='word_1_944' title='bbox 1945 3138 2053 3182; x_wconf 85' lang='lat' dir='ltr'><em>arguit</em></span> <span class='ocrx_word' id='word_1_945' title='bbox 2079 3147 2124 3171; x_wconf 89' lang='lat' dir='ltr'><em>et-</em></span> 
     </span>
     <span class='ocr_line' id='line_1_135' title="bbox 1243 3188 2123 3240; baseline -0.013 -10"><span class='ocrx_word' id='word_1_946' title='bbox 1243 3196 1308 3231; x_wconf 85' lang='lat' dir='ltr'><em>iarn</em></span> <span class='ocrx_word' id='word_1_947' title='bbox 1360 3196 1391 3230; x_wconf 84' lang='lat' dir='ltr'><em>S.</em></span> <span class='ocrx_word' id='word_1_948' title='bbox 1427 3193 1610 3240; x_wconf 88' lang='lat' dir='ltr'><em>Gregorius</em></span> <span class='ocrx_word' id='word_1_949' title='bbox 1647 3191 1871 3226; x_wconf 82' lang='lat' dir='ltr'><em>Nazianzenus</em></span> <span class='ocrx_word' id='word_1_950' title='bbox 1893 3201 1906 3230; x_wconf 93' lang='lat'><em>;</em></span> <span class='ocrx_word' id='word_1_951' title='bbox 1954 3188 2123 3232; x_wconf 74' lang='lat' dir='ltr'><em>vigesimus</em></span> 
     </span>
     <span class='ocr_line' id='line_1_136' title="bbox 1242 3238 2123 3282; baseline -0.014 -2"><span class='ocrx_word' id='word_1_952' title='bbox 1242 3246 1321 3280; x_wconf 86' lang='lat' dir='ltr'><em>item</em></span> <span class='ocrx_word' id='word_1_953' title='bbox 1332 3245 1488 3281; x_wconf 87' lang='lat' dir='ltr'><em>secundus</em></span> <span class='ocrx_word' id='word_1_954' title='bbox 1515 3243 1635 3278; x_wconf 90' lang='lat' dir='ltr'><em>Canon</em></span> <span class='ocrx_word' id='word_1_955' title='bbox 1661 3239 1802 3276; x_wconf 79' lang='lat' dir='ltr'><em>secunda:</em></span> <span class='ocrx_word' id='word_1_956' title='bbox 1823 3238 2123 3282; x_wconf 80' lang='lat' dir='ltr'><em>SynodiNicaenae:</em></span> 
     </span>
     <span class='ocr_line' id='line_1_137' title="bbox 1244 3285 2122 3330; baseline -0.014 0"><span class='ocrx_word' id='word_1_957' title='bbox 1244 3308 1303 3330; x_wconf 88' lang='lat' dir='ltr'><em>nec</em></span> <span class='ocrx_word' id='word_1_958' title='bbox 1329 3295 1395 3330; x_wconf 83' lang='lat' dir='ltr'><em>fine</em></span> <span class='ocrx_word' id='word_1_959' title='bbox 1421 3292 1636 3330; x_wconf 86' lang='lat' dir='ltr'><em>fundamento</em></span> <span class='ocrx_word' id='word_1_960' title='bbox 1662 3315 1669 3322; x_wconf 91' lang='lat'><strong><em>.</em></strong></span> <span class='ocrx_word' id='word_1_961' title='bbox 1717 3291 1805 3324; x_wconf 88' lang='lat' dir='ltr'><em>Nam</em></span> <span class='ocrx_word' id='word_1_962' title='bbox 1830 3289 1848 3322; x_wconf 67' lang='grc' dir='ltr'><em>ἐι</em></span> <span class='ocrx_word' id='word_1_963' title='bbox 1886 3285 2122 3329; x_wconf 82' lang='lat' dir='ltr'><em>Gastritnargiae</em></span> 
     </span>
     <span class='ocr_line' id='line_1_138' title="bbox 1244 3335 2122 3380; baseline -0.017 0"><span class='ocrx_word' id='word_1_964' title='bbox 1244 3344 1348 3380; x_wconf 85' lang='lat' dir='ltr'><em>adhuc</em></span> <span class='ocrx_word' id='word_1_965' title='bbox 1382 3345 1532 3379; x_wconf 83' lang='lat' dir='ltr'><em>obnoxio</em></span> <span class='ocrx_word' id='word_1_966' title='bbox 1567 3340 1739 3375; x_wconf 84' lang='lat' dir='ltr'><em>Monacho</em></span> <span class='ocrx_word' id='word_1_967' title='bbox 1786 3340 1903 3374; x_wconf 87' lang='lat' dir='ltr'><em>filentii</em></span> <span class='ocrx_word' id='word_1_968' title='bbox 1948 3335 2122 3370; x_wconf 84' lang='lat' dir='ltr'><em>Monastici</em></span> 
     </span>
    </p>
   </div>
   <div class='ocr_carea' id='block_1_19' title="bbox 1247 3383 2122 3469">
    <p class='ocr_par' dir='ltr' id='par_1_22' title="bbox 1247 3383 2122 3469">
     <span class='ocr_line' id='line_1_139' title="bbox 1247 3383 2122 3432; baseline -0.017 -2"><span class='ocrx_word' id='word_1_969' title='bbox 1247 3396 1395 3432; x_wconf 82' lang='lat' dir='ltr'><em>militiam</em></span> <span class='ocrx_word' id='word_1_970' title='bbox 1429 3394 1568 3430; x_wconf 85' lang='lat' dir='ltr'><em>necdum</em></span> <span class='ocrx_word' id='word_1_971' title='bbox 1594 3391 1655 3427; x_wconf 78' lang='lat' dir='ltr'><em>else</em></span> <span class='ocrx_word' id='word_1_972' title='bbox 1682 3389 1894 3430; x_wconf 84' lang='lat' dir='ltr'><em>inchoatam,</em></span> <span class='ocrx_word' id='word_1_973' title='bbox 1921 3385 2032 3422; x_wconf 85' lang='lat' dir='ltr'><em>multis</em></span> <span class='ocrx_word' id='word_1_974' title='bbox 2070 3383 2122 3417; x_wconf 86' lang='lat' dir='ltr'><em>de-</em></span> 
     </span>
     <span class='ocr_line' id='line_1_140' title="bbox 1981 3445 2072 3469; baseline -0.011 0"><span class='ocrx_word' id='word_1_975' title='bbox 1981 3445 2072 3469; x_wconf 65' lang='lat' dir='ltr'><em>ntun-</em></span> 
     </span>
    </p>
   </div>
   <div class='ocr_carea' id='block_1_20' title="bbox 2137 921 2267 959">
    <p class='ocr_par' dir='ltr' id='par_1_23' title="bbox 2137 921 2267 959">
     <span class='ocr_line' id='line_1_141' title="bbox 2137 921 2267 959; baseline -0.015 -9"><span class='ocrx_word' id='word_1_976' title='bbox 2137 921 2209 959; x_wconf 85' lang='lat' dir='ltr'><em>Cap.</em></span> <span class='ocrx_word' id='word_1_977' title='bbox 2220 928 2267 955; x_wconf 70' lang='lat'><em>54.</em></span> 
     </span>
    </p>
   </div>
   <div class='ocr_carea' id='block_1_21' title="bbox 2138 1873 2295 1912">
    <p class='ocr_par' dir='ltr' id='par_1_24' title="bbox 2138 1873 2295 1912">
     <span class='ocr_line' id='line_1_142' title="bbox 2138 1873 2295 1912; baseline -0.006 -7"><span class='ocrx_word' id='word_1_978' title='bbox 2138 1873 2295 1912; x_wconf 76' lang='lat' dir='ltr'><em>L.1.&#39;:&#39;p.41</em></span> 
     </span>
    </p>
   </div>
   <div class='ocr_carea' id='block_1_22' title="bbox 2137 2062 2289 2104">
    <p class='ocr_par' dir='ltr' id='par_1_25' title="bbox 2137 2062 2289 2104">
     <span class='ocr_line' id='line_1_143' title="bbox 2137 2062 2289 2104; baseline -0.026 -8"><span class='ocrx_word' id='word_1_979' title='bbox 2137 2062 2289 2104; x_wconf 58' lang='lat' dir='ltr'><em>Epistan.</em></span> 
     </span>
    </p>
   </div>
  </div>
 </body>
</html>
