2352 3736
655 129 986 173 SANCTI

347 139 447 190 276

1055 127 1394 178 Laouis

1463 134 1729 198 N0N1‚'

270 216 416 254 ‘movitae
427 213 570 258 periculo
581 210 798 254 postulantem
813 237 823 252 ‚
844 211 997 253 rescripfit
1021 211 1183 250 laudatus!
1228 223 1327 259 poenis
1340 221 1512 263 Purgatorii
1536 216 1667 260 usquein
1686 223 1765 256 diem
1767 225 1894 264 Judici'i:
1918 236 1954 263 ut
1973 239 2050 263 nunc
2059 236 2117 271 per

274 265 391 301 Abbas
409 266 533 307 Hugoz
559 266 584 296 Ο
612 274 719 309 magne
741 259 856 299 amice,
883 261 1078 298 recordamini
1099 269 1181 309 quia

276 327 323 354 me
343 313 501 355 aliquando
517 313 717 359 interrogastis
731 336 742 353 ‚
769 315 815 345 An
838 310 947 356 aliquis
980 323 1111 358 unquam
1131 316 1168 350 de

276 365 403 407 Regibus
408 361 516 403 fabius
521 362 620 405 fuerit
636 360 824 396 Monachus?
849 360 1021 407 Respondi,
1049 347 1209 409 Etiam&
1235 369 1354 402 Placuit
1382 367 1434 404 boc
1453 369 1599 414 confilium
1616 369 1760 412 universis
1784 395 1795 411 ,

270 413 326 458 fid
346 411 400 454 etsi
415 414 453 447 de
472 415 552 449 nullo
588 414 646 445 alio
665 416 735 445 certi
763 411 879 453 essemus
902 436 912 452 ‚
946 411 1036 457 solius
1064 415 1168 451 San&

277 466 459 496 Guntramm'
499 469 683 497 Francorum
707 465 797 505 Regis
820 463 988 504 exemplum
1006 461 1166 507 sufficeret,

275 519 323 554 qui
346 514 455 548 reliHis
487 513 588 559 saeculi
594 517 714 553 pompis
718 511 827 555 fac‘lus
841 512 878 557 est
890 513 1052 550 Monachus
1064 539 1075 556 ,
1099 521 1168 550 imi·

273 566 438 596 :ansellum
453 588 463 605 ,
491 563 621 607 quicum
640 564 727 597 dives
753 563 840 607 effre,
863 571 981 606 pauper
1002 573 1060 609 pro
1085 566 1167 602 nobis

267 611 369 656 fabios
385 613 421 655 est
436 638 445 653 ‚
472 611 569 658 utsua
583 625 635 647 nos
643 622 824 657 paupertate
835 615 948 648 ditaret
961 640 968 650 .
1001 614 1168 652 Crimino-

273 664 329 696 sui-2
359 664 485 706 Regem
497 664 608 700 multis
620 662 773 700 hortatur
784 662 822 697 ad
837 663 1037 700 imitandum
1061 689 1068 696 .
1092 666 1165 703 Nec

272 714 476 750 finei'ruftu.
506 715 639 750 Etenim
653 713 762 751 scribit
787 714 986 751 Guilielmus
1011 715 1167 753 Malmes·

273 764 444 799 berienns:
485 764 625 807 Philippo
645 766 727 800 nulla
748 777 830 797 mora
853 764 969 808 insanae
984 769 1165 802 temulentiae

268 814 438 860 satietatem
457 815 556 858 ficit,
594 813 647 861 nifi
664 817 744 858 quod
760 822 792 848 in
813 825 945 853 extremo
969 822 1045 850 vitae
1068 816 1164 853 tac‘ius

269 865 366 900 morbo
378 867 587 902 Monacborum
599 868 682 908 apud
697 867 866 902 Floriacum
881 872 992 909 accepit
1005 866 1140 904 habitum
1156 893 1162 900 .

270 917 432 951 Pulchrius
442 918 669 964 &fortunatius
682 918 735 951 illa
757 941 767 957 ,
792 917 871 959 quod
881 926 971 952 aetate
985 916 1164 960 &sanitate

268 973 391 1011 integra
406 994 416 1007 ,
444 979 493 1003 nec
514 967 608 1011 specie
628 976 736 1011 rugata
749 991 760 1007 ‚
786 968 871 1010 apud
884 966 1006 1008 fontem
1027 970 1164 1006 Euraldi

264 1017 536 1063 sandiimonialium
566 1025 682 1060 appetit
706 1019 806 1053 velum
828 1043 834 1049 .
878 1022 945 1054 Nec
981 1019 1074 1055 multo
1101 1019 1163 1061 post

263 1069 411 1115 praesenti
446 1076 522 1106 vitae
541 1066 699 1112 valefecit.
731 1072 793 1102 Deo
798 1060 906 1113 forsan
913 1071 1092 1110 providente
1106 1082 1163 1104 non

262 1123 340 1165 poffe
352 1123 488 1161 delicatae
508 1121 639 1154 mulieris
651 1126 753 1165 corpus
775 1120 925 1165 religionis
947 1119 1098 1156 laboribus
1119 1125 1164 1156 in-

263 1171 395 1217 servire.
436 1173 484 1207 Ea
507 1172 570 1207 fuit
590 1170 745 1206 Bertrada
759 1169 1006 1214 Andegavenfis
1019 1170 1163 1207 Comitis

267 1233 372 1268 uxor,
401 1220 633 1267 proptercujus
643 1220 813 1266 raptum&
842 1219 1012 1255 sceleratas
1033 1221 1163 1264 nuptias

266 1270 440 1318 Philippus
473 1272 508 1309 in
537 1270 649 1314 Papali
660 1270 1008 1309 excommunicatione
1036 1272 1162 1308 dudum

265 1323 432 1359 sorduerat
448 1347 458 1363 ,
492 1323 525 1356 δε
535 1332 605 1364 quae
619 1321 689 1364 post
705 1320 772 1363 ejus
785 1321 1015 1364 poenitentiam
1029 1333 1065 1358 ac
1079 1333 1162 1358 mor-

265 1383 332 1408 tem
346 1375 425 1407 facia
437 1373 534 1407 etiam
546 1371 648 1408 fuerat
663 1370 826 1406 Monialis
837 1395 844 1405 .
875 1371 918 1407 Et
942 1371 978 1406 in
1003 1371 1159 1417 sigeberti

265 1423 507 1460 Gemblacenfis
519 1422 744 1466 supplemento
756 1420 868 1458 scribit
881 1421 1162 1460 RobertusAbbas

87 1467 142 1503 An.
164 1473 244 1504 1160.
263 1474 467 1510 Montensis:
481 1471 622 1505 Robertus
634 1472 670 1508 de
680 1470 858 1516 Novoburgo
870 1495 880 1510 ‚
894 1471 1025 1514 Dapifer
1038 1474 1071 1506 (rr
1066 1474 1098 1515 J
1098 1472 1161 1512 usti-

265 1531 373 1562 tiarius
381 1529 472 1561 totius
483 1523 682 1559 Normandiae
695 1546 705 1561 ‚
728 1518 858 1563 adversa
867 1522 1043 1556 valetudine
1052 1522 1161 1563 radus,

259 1576 384 1622 gibbum
429 1575 545 1609 Cameli
556 1571 707 1615 deposuit,
735 1571 873 1604 videlicet
892 1575 1063 1605 innumeras
1078 1573 1158 1614 adivi-

266 1632 327 1662 tias
364 1623 520 1669 Ecclefiis‚
553 1624 588 1657 <5
615 1620 821 1662 Monasteriis‚
840 1623 875 1659 &
897 1621 1079 1665 pauperibus
1115 1624 1157 1657 di-

262 1678 373 1713 videns
385 1695 398 1720 =,
426 1677 462 1711 &
486 1675 532 1709 ad
551 1674 688 1709 ultimum
712 1678 744 1706 in
772 1670 944 1712 Monasterio
976 1674 1062 1705 Recci
1106 1672 1157 1705 ba—

264 1728 362 1763 lmum
398 1722 536 1760 Monac-bi
556 1720 677 1767 sumens
690 1745 701 1762 ,
732 1729 789 1763 per
825 1731 918 1756 unum
958 1719 1086 1763 mensem
1120 1722 1160 1756 ibi

256 1774 444 1823 frue‘iuosam
475 1779 682 1818 poenitentiam
707 1777 765 1817 egit
786 1796 796 1814 ,
823 1772 856 1805 Θ
877 1770 1022 1805 bominem
1058 1778 1158 1805 exuit.

266 1827 369 1875 Qod
405 1828 485 1862 item
523 1825 700 1870 Imperator
749 1821 937 1859 Fredericus
982 1822 1158 1863 secundus,

264 1878 337 1923 post
364 1877 478 1913 omnia
506 1876 562 1911 sua
587 1873 735 1908 facinora
763 1872 804 1908 ad
831 1872 905 1906 vitae
932 1872 1033 1908 finem
1060 1871 1160 1910 dedu-

266 1931 356 1972 ctus,
382 1925 629 1964 Cisterciensem
641 1922 792 1959 habitum
819 1933 895 1958 cum
923 1933 1044 1968 magna
1057 1924 1159 1968 poeni-

265 1980 371 2016 tentia
398 1975 594 2020 susceperit,
620 1974 654 2008 &
681 1972 861 2007 admodum
899 1971 951 2016 Ρίὲ
987 1972 1160 2008 desanaus

266 2030 325 2071 fit,
360 2027 492 2064 testatur
525 2022 704 2062 Matthaeus
730 2022 912 2058 Parifienfis
936 2048 943 2058 .
976 2022 1083 2058 Addit
1118 2025 1160 2061 de

265 2081 415 2126 Hugone
446 2077 590 2115 Nunant
613 2097 624 2117 ,
670 2074 911 2111 Conventrensi
962 2074 1125 2117 Episcopo
1147 2099 1157 2116 ,

97 2156 99 2158 -
264 2128 516 2169 Monachorum
527 2125 660 2170 capitali
673 2123 764 2160 hoste
779 2137 790 2159 .-
829 2128 911 2167 Hugo
948 2124 986 2158 de
1025 2127 1159 2161 Nunant

91 2163 147 2193 An*
160 2170 243 2199 ¹²50'
265 2178 492 2226 Conventrenfis
506 2175 695 2224 Episcopus,
722 2174 977 2209 Romamtendens
989 2198 1000 2216 ,
1026 2181 1059 2209 in
1078 2179 1159 2209 Noro

266 2233 393 2267 mandra
403 2234 488 2272 caepit
503 2232 644 2273 graviter
667 2225 836 2269 infirmari.
862 2228 997 2270 Cumque
1008 2230 1041 2259 in
1047 2237 1157 2270 grave-

263 2281 360 2327 flente
372 2281 567 2325 agritudine,
606 2274 789 2318 mortemsibi
809 2281 943 2311 vicinam
962 2277 1134 2319 cognoviffet
1146 2302 1155 2317 ‚

261 2332 339 2375 fecit
364 2329 492 2373 accerfiri
505 2335 588 2365 viros
599 2325 753 2371 Religiosos
765 2333 856 2361 totius
869 2328 1154 2369 Normandiae,quos

269 2383 377 2418 habere
393 2388 533 2426 poterat,
561 2378 691 2414 Abbates
714 2380 749 2414 <tt
774 2381 910 2413 Priores.
940 2376 986 2415 'Bc
1005 2379 1155 2413 audienti·

270 2434 323 2466 bus
336 2433 445 2466 cunclis
455 2457 464 2473 ,
494 2442 562 2466 voce
574 2426 701 2475 clamosa
713 2427 852 2471 confeffus
863 2426 900 2468 est
909 2428 988 2469 pure*
999 2451 1009 2466 ‚
1035 2429 1070 2463 ὁ*
1092 2440 1153 2462 ma—

270 2490 354 2517 xima
364 2484 457 2516 cordis
468 2486 641 2515 contritione
653 2503 664 2519 ,
690 2490 726 2514 ac
737 2478 951 2519 lachrymarum
969 2479 1087 2522 jugiter
1105 2477 1151 2521 ef·

264 2531 378 2577 sufione
395 2557 406 2575 ‚
445 2537 543 2565 omnia
562 2537 708 2574 peccata,
739 2527 872 2574 scelera,
899 2529 934 2564 cir
959 2534 1151 2563 enormitates

271 2595 372 2618 omnes
385 2607 394 2622 ,
421 2578 559 2627 quaesuae
581 2583 726 2613 memoriae
750 2578 952 2613 occurrebant.
981 2580 1082 2612 Tanta
1100 2590 1151 2613 au-

272 2643 331 2667 tcm
362 2638 507 2669 contritus
529 2637 593 2664 erat
613 2630 647 2664 Θ
663 2635 818 2663 commotus
837 2632 1040 2670 poenitenti'a,
1075 2629 1156 2670 quod

272 2695 372 2719 omnes
382 2682 533 2725 adstantes
546 2681 579 2715 θ’
603 2678 633 2722 fi*
646 2685 796 2714 intuentes
809 2678 852 2710 ad
863 2676 1028 2716 lachrymas
1041 2678 1075 2710 (9⁴
1092 2677 1151 2719 fin-

269 2737 369 2778 gultus
384 2738 555 2769 commovit.
583 2733 717 2772 Denique
723 2728 801 2771 flens
826 2729 861 2765 δ’
888 2729 1032 2770 ejulans,
1058 2734 1154 2761 mani-

274 2783 379 2828 busque
388 2783 523 2827 consertis
535 2806 545 2823 ,
584 2781 730 2815 Praelatos
749 2789 848 2814 omnes
860 2783 892 2813 in
902 2783 1017 2814 virtute
1031 2780 1088 2813 Dei
1100 2780 1154 2814 ad-

267 2830 418 2876 jurabat,
454 2830 829 2878 quatenusfibipoenitenti
837 2828 929 2872 super
939 2836 982 2862 tot
1002 2830 1036 2863 δ’
1056 2833 1153 2865 tantis

271 2885 449 2929 flagitiorum
460 2882 611 2923 excefflbus
620 2889 740 2924 poenam
753 2879 919 2923 infligerent
929 2880 963 2914 o·
969 2876 1153 2921 sansfadlio-

276 2947 339 2968 nem
351 2936 523 2978 condignam
536 2957 542 2965 .
572 2932 735 2967 Audienies
748 2938 847 2965 autem
859 2934 922 2963 viri
933 2926 1071 2974 Religiofi
1078 2953 1087 2967 ‚
1102 2928 1155 2970 qui

277 2985 347 3018 lec‘io
358 2984 516 3027 adstabant
525 3008 535 3024 ‚
561 2987 593 3017 in
607 2979 750 3025 Episcopo
762 2985 861 3015 vitam
869 2980 943 3014 adeo
950 2977 1129 3025 flagitiosam
1142 3004 1152 3020 ‚

272 3032 398 3074 fimi-l&
414 3033 620 3069 admirabilem
638 3033 735 3067 cordis
759 3036 960 3066 contritionem
975 3053 986 3069 ‚
1009 3030 1052 3063 ad
1073 3035 1156 3063 invi·

96 743 156 774 1201.
170 752 197 780 15
203 754 228 781 9.

275 3095 338 3116 cem
348 3082 406 3125 sese
417 3092 580 3117 contuentes
591 3107 600 3123 ,
627 3084 829 3119 obtumuerunt
840 3078 989 3121 univerfi‚
1026 3078 1162 3122 nescim«

277 3144 322 3169 xes
333 3134 404 3174 quid
416 3134 522 3167 darent
537 3132 639 3174 confilii
653 3159 661 3172 ,
688 3135 722 3167 (θ’
734 3133 807 3174 quid
812 3141 876 3164 tam
881 3129 978 3174 subito
1001 3127 1153 3171 responde·

103 3189 162 3222 An.
178 3190 258 3227 1198,
279 3192 365 3219 rent:
393 3183 484 3223 ‚Quod
492 3193 611 3215 cernens
624 3182 790 3227 Episcopus
803 3183 884 3217 dixit
893 3187 952 3214 eis:
970 3182 1060 3219 scio,
1082 3178 1151 3225 fi'1'0,

280 3234 360 3277 quod
369 3235 461 3263 tantis
473 3232 690 3266 enormitatibus
703 3235 818 3267 auditis
830 3229 972 3276 baefitatis
988 3236 1067 3264 inter
1077 3242 1131 3267 vos
1141 3254 1153 3272 ,

281 3284 356 3327 quid
365 3280 437 3313 mibi
445 3287 502 3321 pro
511 3287 685 3319 poenitentia
697 3282 838 3325 infligatis
848 3307 855 3316 ,
888 3282 948 3315 sed
968 3279 1079 3324 obsecro
1100 3293 1152 3314 vos

281 3333 439 3368 innomine
462 3326 571 3372 JESU
595 3329 701 3370 Christi
723 3334 841 3364 Domini
862 3330 950 3371 nostri
962 3355 973 3371 ,
1007 3332 1152 3372 quatenus

282 3390 314 3416 in
334 3383 391 3415 loco
396 3382 582 3422 poeiiitenti'ae
605 3378 638 3410 (9
649 3380 827 3417 remiffionem
833 3388 1015 3420 peccatorum
1027 3393 1153 3414 meorum

280 3436 446 3480 injungatis
461 3427 534 3462 mibi
549 3450 561 3470 ,
585 3435 619 3464 ut
626 3424 787 3472 secundm
799 3429 981 3464 voluntatem
992 3433 1047 3465 Dei
1052 3431 1108 3473 fim
1120 3436 1151 3466 in

1232 266 1462 311 misericordiam
1475 269 1684 311 Redemptoris
1697 271 1782 310 nostri
1795 297 1805 312 ‚
1830 281 1882 318 qui
1899 274 2014 320 sempe,-
2032 277 2117 322 mist.

1232 319 1391 352 ricordiam
1414 322 1535 354 exaltat
1557 316 1648 362 super
1674 322 1827 362 judicium
1847 347 1857 363 ‚
1892 314 1999 366 salvus
2021 328 2113 370 fiam.

1825 370 1917 415 salva
1934 373 2047 418 semper
2058 377 2115 420 fibi

1233 420 1403 454 Clementia
1412 424 1530 455 Divina
1542 443 1552 460 ‚
1578 432 1647 465 quae
1657 433 1756 455 omnes
1763 420 1883 464 salvari
1893 423 2039 466 definierat
2049 451 2060 467 ,
2079 429 2115 463 er

1232 477 1376 506 neminem
1388 472 1455 508 vult
1462 477 1563 514 perire
1574 497 1581 504 .
1608 475 1690 506 Tunc
1714 470 1879 515 Episcopus
1891 497 1903 514 ,
1927 474 2114 510 audientibus

1229 520 1343 555 tundis
1371 546 1382 563 ,
1420 533 1485 557 cum
1504 526 1617 566 ingenti
1639 534 1759 556 maerore
1775 528 1963 566 recognovit,
1987 526 2116 569 qualiter·

1229 570 1357 613 expulfis
1373 572 1527 608 monachis
1539 571 1805 614 Convenerenfibus
1826 574 1872 607 ad
1886 577 2035 609 cumulum
2053 586 2114 608 om-

1230 629 1313 657 nium
1324 624 1468 659 malorum
1482 628 1513 657 in
1527 623 1584 659 Ioco
1595 635 1693 660 eorum
1701 622 1871 667 irreligiosos
1884 626 2012 660 Clericos
2025 621 2125 660 intro?

1230 674 1320 708 duxit
1336 698 1343 705 .
1373 674 1421 706 Ad
1430 675 1515 714 cujus
1524 672 1637 719 flagitii
1657 672 1900 718 satisfadlionem
1919 677 2006 712 aliud
2017 687 2115 720 genus

1228 724 1412 759 correc‘iionis
1425 736 1483 757 non
1495 730 1637 765 invenit,
1668 723 1762 765 nisius
1772 730 1805 759 in
1817 736 1913 759 eorum
1938 725 2046 760 habitu
2067 731 2115 760 vi·

1228 775 1401 817 tamfiniret
1415 799 1427 817 ‚
1465 780 1498 810 in
1522 786 1595 818 quos
1618 774 1769 810 Diabolico
1784 773 1896 819 spiritu
1918 783 2115 820 exagitatus,

1227 824 1300 858 dum
1314 830 1415 867 potuit
1437 850 1447 866 ‚
1487 823 1714 868 persecutionem
1733 831 1905 868 excitavit,
1940 827 2113 867 mendicaee

1227 881 1318 918 coegit
1331 897 1343 916 ‚
1365 885 1512 920 quantum
1533 881 1565 908 in
1582 874 1617 919 se
1637 884 1702 911 erat
1717 900 1727 915 ,
1753 876 1818 910 odio
1837 878 1957 912 mortali
1978 877 2111 919 afflixit.

1227 925 1328 966 Sicque
1338 936 1405 959 cum
1415 927 1638 971 magnoeJ'ulatu
1661 925 1803 962 abbatem
1825 928 1928 967 Becci,
1956 934 2008 970 qui
2030 933 2111 961 inter

1227 983 1346 1009 caeeeros
1355 976 1463 1009 aderat
1475 998 1487 1015 ,
1513 977 1677 1017 deprecans
1690 976 1851 1017 adjuravit
1862 999 1873 1017 ,
1899 978 2047 1021 quatenus
2062 982 2111 1009 in-

1228 1030 1303 1057 tuisu
1312 1024 1472 1058 charitatis
1485 1049 1495 1065 ,
1522 1026 1567 1057 ad
1588 1025 1706 1059 Diaboli
1727 1026 1937 1069 confufionem,
1972 1026 2108 1061 habitum

1219 1073 1273 1118 sibi
1294 1076 1458 1108 concederet
1483 1074 1704 1115 monachalem,
1731 1085 1764 1110 ut
1773 1077 1837 1108 illos
1858 1076 1980 1112 haberet
2003 1080 2109 1114 Patro-

1227 1137 1278 1159 nos
1291 1131 1324 1159 in
1327 1123 1433 1168 saeculo
1448 1124 1554 1169 futuro
1567 1148 1577 1166 ,
1603 1136 1675 1167 quos
1694 1123 1862 1167 persecutus
1875 1125 1981 1168 fuerat
2001 1133 2033 1161 in
2056 1127 2107 1162 boc

1225 1177 1354 1210 mundo.
1384 1176 1478 1221 „Quod
1497 1176 1561 1209 cum
1582 1176 1736 1217 impletum
1745 1174 1849 1220 fuiffet
1873 1198 1884 1216 ,
1921 1181 2019 1210 omnia
2039 1188 2108 1223 quae

1221 1225 1378 1268 poffidebat
1400 1232 1432 1260 in
1457 1237 1528 1261 auro
1550 1226 1584 1259 (9·
1606 1235 1749 1272 argento,
1775 1231 1807 1258 in
1828 1231 1950 1267 gemmis
1972 1227 2007 1263 ὼ
2028 1225 2107 1268 vafis

1221 1275 1351 1320 pretiosis
1364 1301 1375 1316 ,
1399 1275 1534 1311 domibus
1545 1275 1693 1319 Rel'giofis
1706 1277 1740 1310 (ν’
1747 1275 1930 1317 pauperibus
1950 1282 2101 1320 erogavit.

1223 1325 1312 1370 Etfic
1324 1333 1357 1360 in
1376 1325 1432 1370 spe
1455 1326 1531 1359 bona
1550 1333 1680 1359 omnium
1700 1325 1882 1366 affistentium
1894 1350 1905 1365 ,
1930 1327 1965 1362 (¹5
1975 1329 2045 1371 jugi
2062 1327 2107 1360 la·

1223 1377 1407 1417 cbrymarum
1431 1375 1562 1419 efficfione
1575 1401 1585 1416 ,
1606 1376 1669 1419 fine
1691 1374 1841 1419 insperato
1860 1381 1974 1418 quievit
1994 1401 2002 1409 .
2041 1376 2104 1411 Ex·

1224 1428 1306 1462 stant
1317 1426 1501 1465 istiusmodi
1513 1427 1604 1474 plura
1617 1437 1769 1463 extremae
1779 1425 1980 1472 poenitentiae
1999 1437 2111 1464 exem·

1222 1477 1274 1522 pla
1287 1503 1294 1513 .

1225 1523 1227 1525 ’
1276 1529 1316 1562 Et
1329 1527 1413 1561 hanc
1423 1527 1578 1570 pietatem
1591 1528 1728 1563 Maurus
1745 1528 1928 1573 Episcopus
1947 1526 2040 1562 nulia
2062 1538 2111 1562 ra-

1221 1577 1313 1613 tione
1334 1578 1506 1612 damnavit
1528 1602 1535 1609 .
1574 1579 1758 1613 Dumtaxat
1780 1579 1905 1613 censuit
1926 1578 2109 1613 istiusmodi

1222 1628 1431 1671 professiones
1444 1638 1509 1662 non
1526 1629 1588 1661 effe
1602 1627 1723 1664 validas
1735 1652 1744 1668 ‚
1758 1628 1897 1672 ideoque
1909 1627 1950 1662 ab
1965 1628 2105 1670 ipsarum

1223 1677 1292 1721 post
1306 1687 1472 1721 acceptam
1484 1677 1652 1713 sanitatem
1666 1678 1801 1721 pertaefis
1812 1679 1904 1722 posse
1916 1677 2015 1713 deseri
2038 1677 2106 1712 fine

1224 1736 1355 1768 peccato
1368 1725 1590 1771 autapostafia
1603 1751 1611 1758 .
1639 1728 1683 1762 Et
1696 1727 1835 1763 credidit
1846 1727 1903 1761 fibi
1917 1739 1985 1762 non
1996 1726 2105 1763 deesse

1221 1777 1434 1813 fundamenta
1449 1801 1456 1808 .
1496 1775 1644 1811 Palmare
1663 1777 1731 1820 ejus
1752 1777 2006 1812 fundamentum
2027 1778 2105 1811 San·

1222 1829 1289 1863 stus
1300 1826 1415 1861 Petrus
1430 1826 1732 1871 Damianiexponit
1753 1825 1841 1862 hisce
1863 1826 1988 1862 verbis:
2016 1829 2104 1871 ‚Quia

1221 1876 1277 1919 nifi
1282 1884 1348 1921 quis
1360 1878 1535 1921 regulariter
1540 1877 1714 1919 protrai‘lus
1734 1880 1768 1913 ό*
1774 1886 1832 1919 per
1843 1879 1955 1913 annale
1968 1875 2103 1921 spatium

1213 1927 1252 1969 fit
1262 1927 1407 1970 probatus
1418 1953 1428 1969 ‚
1457 1926 1735 1971 etiamficonversus
1741 1926 1780 1969 fit
1795 1936 1853 1969 per
1874 1929 2082 1972 aegritudinem
2091 1951 2103 1967 ,

1219 1979 1384 2022 absolutam
1401 1978 1551 2015 relabendi
1576 1979 1621 2011 ad
1634 1977 1777 2021 saeculum
1800 1976 1888 2011 habet
1911 1977 2099 2016 libertatem.

1221 2028 1329 2066 Verba
1339 2029 1491 2065 alludunt
1502 2029 1543 2064 ad
1554 2028 1661 2062 Sanffl
1671 2028 1837 2071 Benedicti
1852 2028 2101 2073 Regulam‚quae

1221 2080 1398 2115 Novitium
1411 2091 1465 2123 per
1476 2078 1654 2114 duodecim
1668 2079 1794 2113 menses
1804 2077 1932 2120 probari
1943 2078 2077 2113 mandat
2088 2103 2101 2120 ,

1217 2140 1255 2163 ac
1268 2130 1398 2164 interim
1412 2129 1440 2162 ei
1453 2128 1618 2174 Regulam
1632 2130 1731 2164 tertio
1743 2127 1872 2174 praelegi
1883 2151 1893 2167 ‚
1918 2127 1953 2161 &
1974 2128 2099 2172 pergit:

1217 2182 1248 2215 Si
1268 2178 1372 2214 habita
1389 2177 1486 2222 secum
1505 2178 1735 2219 deliberatione,
1756 2176 1922 2221 promiserit
1937 2177 1971 2221 se
2000 2186 2102 2215 omnia
2117 2193 2191 2232 Cap,
2211 2196 2256 2229 53,

1216 2230 1374 2271 custodire,
1396 2231 1430 2267 Θ
1452 2230 1557 2265 cunc‘la
1571 2228 1629 2273 fibi
1653 2235 1816 2272 impetrata
1834 2228 1959 2271 servare
1987 2253 1997 2268 ‚
2031 2238 2102 2264 tunc

1213 2279 1390 2323 suspicietur
1403 2286 1435 2314 in
1448 2285 1690 2324 congregatione,
1711 2278 1809 2324 sciens
1827 2276 1945 2321 sejam
1958 2276 2017 2322 sub
2041 2281 2102 2325 lege

1218 2331 1336 2374 Regulae
1350 2329 1552 2370 constitutum.
1581 2331 1708 2374 ,Quadri
1728 2341 1766 2364 ex
1794 2329 1846 2364 illa
1864 2330 1912 2363 die
1936 2340 1994 2363 non
2011 2331 2100 2365 liceat

1216 2382 1312 2424 egredi
1323 2382 1361 2417 de
1373 2380 1546 2423 Monasterio
1557 2404 1567 2421 ‚
1596 2392 1647 2413 nec
1658 2381 1758 2414 collum
1769 2390 1906 2415 excutere
1915 2377 2010 2422 desub
2024 2382 2100 2426 jugo

1219 2433 1340 2474 Regula
1353 2456 1363 2472 ,
1388 2443 1478 2475 quam
1487 2429 1544 2474 sub
1571 2439 1635 2464 tam
1658 2428 1770 2473 morosa
1790 2430 1997 2464 deliberatione
2018 2431 2099 2464 licuit

1218 2490 1273 2515 aut
1286 2481 1429 2525 excusare
1439 2491 1492 2516 aut
1497 2480 1645 2526 suscipere
1657 2506 1664 2512 .
1680 2481 1800 2523 Usque
1813 2479 1853 2515 ad
1868 2481 1983 2514 fastam
1994 2477 2100 2524 hujus·

1219 2531 1310 2567 modi
1327 2532 1555 2577 profeffionem
1569 2531 1727 2575 permittit
1737 2529 1886 2564 Novitiis
1898 2528 2033 2565 liberum
2056 2529 2097 2565 ad

1218 2582 1408 2619 saeculivota
1435 2582 1629 2627 regressum.
1656 2581 1700 2615 Et
1723 2590 1856 2614 omnem
1881 2577 1967 2612 hanc
1985 2580 2100 2623 proba·

1218 2632 1365 2673 tionem,
1394 2633 1563 2676 praesertim
1590 2630 1658 2673 ejus
1683 2629 1800 2665 annale
1826 2639 1977 2673 tempus,
2003 2630 2099 2665 Mau-

1215 2693 1269 2716 rus
1305 2682 1484 2726 Episcopus
1518 2679 1656 2715 credidit
1694 2678 1849 2724 praescribi
1884 2689 1921 2714 ut
1959 2680 2110 2715 substan-.

1217 2732 1307 2767 tialia
1331 2756 1342 2774 ‚
1377 2732 1517 2774 ideoque
1553 2730 1618 2764 fine
1653 2730 1727 2772 ipfis
1766 2729 1883 2763 fadiam
1919 2728 1954 2762 in
1982 2732 2098 2766 mortis

1215 2781 1296 2817 lecto
1332 2780 1560 2827 professionem
1595 2780 1663 2814 esse
1700 2779 1821 2815 nullius
1857 2779 1976 2814 valoris
1991 2806 1998 2813 .
2037 2781 2096 2815 Est

1214 2830 1368 2875 antiquus
1380 2842 1489 2871 error,
1515 2830 1598 2864 olim
1619 2840 1714 2865 natus
1724 2842 1765 2864 ex
1785 2840 1950 2875 perperam
1971 2830 2096 2866 intesse⁶

1214 2884 1267 2917 sto
1279 2881 1452 2924 Rescripto
1465 2881 1578 2926 magni
1591 2879 1712 2915 Leonis
1723 2880 1763 2914 ad
1785 2880 1959 2914 Rusticum
1981 2879 2097 2914 Archi·

1196 2932 1406 2975 §episcopum
1415 2931 1666 2967 Narbonensem
1678 2944 1689 2964 .-
1715 2936 1751 2966 In
1762 2929 2095 2974 adoleftentiaconstitu-
2114 2943 2190 2983 ,395st
2221 2955 2269 2982 92·

1197 2976 1200 3018 ἶ
1215 2992 1264 3018 tus
1280 3007 1291 3023 ‚
1308 2979 1337 3026 fi
1343 2991 1464 3028 urgente
1475 2989 1528 3016 aut
1537 2989 1616 3015 metu
1626 2987 1751 3023 mortis,
1771 2991 1823 3015 aut
1833 2985 2023 3023 captivitatis
2042 2988 2095 3023 pe-
2112 2994 2181 3025 cap.
2203 2996 2214 3016 1
2226 2996 2248 3015 ι.

1214 3034 1302 3067 riculo
1309 3038 1520 3075 poenitentiam
1524 3033 1604 3076 geffit
1613 3057 1624 3074 ,
1646 3033 1680 3066 (5
1688 3031 1786 3074 postea
1795 3037 1901 3065 timens
1911 3029 2028 3075 lapsum
2050 3036 2098 3063 in·

1214 3085 1558 3126 continentiaejuvenilis
1571 3107 1582 3124 ‚
1608 3084 1742 3125 copulam
1751 3087 1852 3116 uxoris
1863 3081 1965 3124 elegit,
1992 3092 2027 3114 ne
2039 3088 2097 3114 cri-

1215 3144 1280 3167 men
1299 3133 1509 3177 fornicationis
1535 3139 1695 3167 incurreret
1715 3156 1726 3172 ,
1772 3142 1834 3164 rem
1855 3133 1977 3165 videtur
1993 3130 2096 3174 feciffie

1214 3185 1364 3219 venialem
1378 3209 1390 3227 ‚
1412 3184 1557 3227 fipraeter
1567 3185 1715 3228 conJ‘ugem
1723 3182 1838 3213 omnino
1861 3182 1975 3215 nullam
1998 3192 2097 3227 cogno·

1215 3239 1294 3268 verit
1306 3258 1314 3266 .
1344 3239 1382 3270 In
1395 3247 1450 3278 quo
1459 3243 1559 3268 tamen
1570 3244 1627 3268 non
1646 3232 1777 3274 regulam
1796 3229 1992 3270 constituimus
2007 3255 2019 3271 ,
2038 3229 2097 3273 sed

1215 3286 1292 3325 quid
1319 3284 1360 3327 fit
1379 3285 1558 3320 tolerabilius
1581 3282 1758 3323 aestimamus
1782 3306 1789 3313 .
1828 3285 1914 3314 Nam
1931 3280 2093 3325 secundam

1216 3345 1320 3367 veram
1331 3341 1520 3378 cognitionem
1531 3332 1608 3366 nibil
1617 3337 1713 3374 magis
1739 3336 1765 3364 ei
1785 3337 1918 3375 congruit
1931 3355 1942 3370 ,
1963 3335 2015 3372 qui
2031 3337 2094 3370 poe-

1216 3386 1458 3429 nitentiamgefflt
1466 3409 1477 3424 ,
1497 3384 1586 3426 quam
1597 3381 1716 3421 castitas
1725 3379 1923 3425 perseverans
1935 3381 1969 3413 &³
1982 3385 2092 3412 mentis

1215 3436 1248 3468 (r
1267 3443 1414 3478 corporis.
1438 3436 1536 3470 Sexto
1559 3431 1674 3468 saeculo
1698 3430 1828 3478 publica
1851 3428 1937 3475 apud
1961 3439 2020 3484 uos
2033 3429 2094 3463 La·

1955 3489 2044 3513 tinos

1196 2808 1201 2844 Ι
