2352 3736
72 866 108 896 A.
119 870 204 902 1046.

538 146 625 175 DE

233 247 235 249 .
250 214 408 261 sigeberti
423 207 550 248 textum
560 215 621 248 effe
633 213 782 248 vitiatum
796 239 805 254 ‚
820 214 854 248 ὃς
865 224 923 257 pro
935 211 1124 257 Frefingenfis

247 263 435 309 ponendum
471 265 532 298 esse
557 263 785 310 Vesontionenfis
809 289 816 296 .
849 264 984 298 Etenim
1009 262 1126 307 Hugo·

246 324 324 350 nem
345 314 640 349 Vesontionensem
667 315 884 358 Episcopum,
907 313 987 347 dum
1008 312 1124 364 {jugo-

245 375 323 398 nem
347 364 593 409 Lingonensem
620 390 630 405 ‚
657 364 881 398 simoniacum
903 361 1125 407 AEthiopem‚

244 412 370 458 eloquii
385 414 433 448 sui
445 414 576 449 fluentis
588 414 716 448 abluere
737 422 874 447 conatur
887 413 1036 446 adversus
1046 410 1124 456 judi-

221 477 225 480 ’
244 464 336 498 cium
359 462 588 508 Apostolicum
613 489 624 505 ‚
649 464 805 497 divinitus
826 459 880 495 hic
901 461 1099 497 obmutuisse
1114 486 1126 502 ‚

247 512 334 549 infra
361 514 484 549 lucebit
501 539 508 547 .
537 514 683 549 Adfuifle
708 512 947 556 quinquaginta
973 512 1121 546 Abbates

244 562 372 599 addunt
394 563 521 599 laudata
541 563 623 597 Atta
646 585 656 601 ‚
682 562 716 594 &
739 562 924 605 exprimunt
949 562 1124 605 septemde-

244 614 332 654 cim,
358 625 442 658 quos
464 614 546 647 inter
568 612 641 645 sunt
651 609 720 644 duo
743 611 848 656 Angli
873 612 995 646 laudati
1009 623 1064 654 per
1077 612 1124 646 Si-

244 674 397 698 meonem
429 660 703 696 Dunelmensem.
734 660 777 695 Et
803 662 911 695 Santsti
938 660 1119 705 Augustini

245 711 486 748 Cantuariensis
498 709 610 745 Abbas
631 735 643 752 ‚
669 710 759 755 quod
771 711 904 745 Simeon
930 722 999 745 non
1011 710 1097 745 dixit
1111 735 1123 752 ‚

246 762 421 797 vocabatur
440 759 581 795 Ulricus
599 786 606 793 .

293 810 484 845 Proximam
495 810 621 854 Synodi
631 810 834 845 occasionem
848 809 946 845 edicit
956 809 1123 845 laudatum

242 859 348 897 Sancti
361 860 503 905 Benigni
514 859 707 894 Chronicon
720 874 730 893 .·
759 863 855 894 Leone
867 863 954 902 Papa
964 861 1098 893 ordinato
1107 886 1117 902 ‚

240 918 381 947 evocatus
403 910 442 951 est
462 909 501 942 ab
535 908 596 952 ipso
633 914 734 943 Romae
757 911 801 942 ad
814 911 975 943 Concilium
990 914 1122 944 Domnus

242 959 443 1005 Lugdunensis
475 958 708 1004 Arcbiepiscopus
741 962 926 994 Haltnardus
953 984 964 999 ‚
981 960 1124 1004 simulque

239 1022 337 1044 omnes
360 1009 502 1053 Episcopi
533 1010 643 1044 Galliae
667 1034 679 1051 ,
704 1012 748 1042 ad
764 1011 1014 1052 pertractandum
1044 1012 1118 1045 inibi

239 1062 279 1095 de
287 1060 369 1101 statu
391 1061 606 1094 &correctione
625 1059 742 1104 sant‘lae
753 1060 905 1100 Ecclesiae.
933 1064 970 1093 In
994 1060 1057 1104 ipso
1072 1073 1125 1094 an-

238 1122 278 1145 no
298 1109 360 1154 ipse
382 1114 516 1144 Domnus
542 1113 631 1151 Papa
648 1115 783 1152 perrexit
803 1115 834 1142 in
858 1113 1022 1143 Franciam
1053 1135 1064 1151 ,
1090 1113 1123 1145 (9·

239 1164 344 1193 Remis
366 1159 468 1193 habuit
482 1161 642 1193 Concilium
668 1158 897 1202 Episcoporum.
925 1160 1068 1195 Romam
1084 1160 1124 1194 ad

239 1209 477 1247 Patriarchales
498 1209 744 1253 DominiPapae
758 1210 910 1253 Synodos
932 1212 968 1244 in
991 1221 1125 1253 corpore

239 1260 392 1294 accedere
417 1257 787 1304 numquamdilexerunt
801 1259 966 1294 Gallicani
991 1261 1124 1303 Episco-

239 1308 276 1353 pi
289 1332 296 1341 .
320 1308 414 1342 Hinc
428 1310 516 1343 enim
528 1310 612 1352 ipsos
623 1334 634 1350 ,
660 1310 738 1343 dum
752 1311 822 1343 suas
831 1309 872 1343 ad
886 1310 1036 1344 Sanctum
1052 1310 1125 1344 Fla-

239 1359 377 1393 vianum
399 1359 809 1402 Constantinopolitanum
832 1358 1031 1403 Episcopum
1044 1360 1124 1404 dog·

238 1409 378 1442 maticas
388 1409 535 1443 adversus
547 1408 767 1451 Eutychetem
779 1410 902 1443 litteras
922 1409 963 1443 ab
978 1410 1042 1443 illis
1057 1421 1126 1453 pro-

241 1456 313 1493 bari
325 1458 429 1493 voluit
442 1483 452 1498 ,
477 1458 511 1492 &
523 1470 599 1492 cum
612 1459 701 1492 istius
712 1459 826 1503 magni
849 1459 991 1504 suffragii
1007 1458 1125 1493 robore

238 1507 332 1542 mitti
342 1508 383 1543 ad
395 1507 698 1543 Chalcedonensem
710 1508 883 1550 Synodum
894 1532 905 1548 ‚
921 1519 987 1542 non
1000 1509 1126 1549 Romae,

242 1557 297 1591 sed
329 1558 413 1592 intra
435 1557 576 1591 Galliam
605 1558 800 1602 congregari
827 1568 883 1601 per
909 1558 1124 1592 Ravennium

243 1607 494 1651 Metropolitam
523 1607 744 1641 Arelatensern
760 1632 771 1648 ,
811 1608 905 1641 suum
932 1608 1002 1642 istic
1029 1607 1123 1642 Vica-

241 1657 350 1697 rium,
375 1656 458 1700 jussit
473 1658 607 1691 Sanetus
620 1658 690 1692 Leo
699 1657 864 1702 Magnus.
893 1658 977 1705 Qae
989 1669 1038 1692 res
1053 1658 1123 1701 post

241 1716 415 1750 occupatas
446 1708 466 1741 ὲ
489 1708 621 1741 Francis
647 1708 772 1742 Gallias
798 1707 978 1741 admodum
1003 1708 1122 1742 crevit.

237 1756 339 1790 Hinc
348 1757 436 1790 enim
448 1754 487 1789 de
501 1758 579 1791 facia
593 1755 740 1790 adversus
751 1754 988 1799 Symmachum
1010 1758 1125 1792 Ponti·

242 1806 339 1840 ficem
361 1806 512 1840 Romana
533 1806 671 1850 Synodo
694 1805 734 1840 ad
752 1806 840 1841 urbis
863 1809 1034 1841 Senatores
1044 1807 1125 1841 Fau-

239 1854 327 1889 stum
345 1856 378 1890 &
390 1856 627 1899 Symmachum
640 1857 761 1899 scripsit
775 1857 906 1891 Sanstus
920 1855 1040 1890 Avitus
1052 1857 1121 1890 Me—

238 1905 395 1947 tropolita
419 1905 615 1939 Viennensis
638 1919 649 1938 .·
669 1910 790 1938 'Fuerat
814 1906 888 1939 talis
901 1905 999 1944 status
1024 1918 1124 1939 rerum

242 1952 451 1993 defiderandus
460 1978 470 1994 ‚
499 1962 531 1987 ut
543 1966 593 1987 nos
606 1954 664 1996 ipſs
664 1963 718 1997 per
732 1967 783 1988 nos
795 1955 897 1988 urbem
919 1956 981 1987 orbi
1003 1967 1123 1989 venera·

236 2004 327 2038 bilem
338 2012 395 2045 pro
404 2006 609 2046 dependendis
621 2007 740 2038 divinls
760 2004 958 2048 humanisque
975 2014 1123 2047 expetere-

239 2065 307 2088 rnus
318 2055 415 2095 officiis
428 2079 434 2085 .
464 2055 525 2087 sed
534 2061 606 2096 quia
619 2054 695 2094 istud
698 2057 769 2096 jam
786 2056 898 2088 dudum
905 2063 961 2097 per
978 2061 1122 2089 rationem

238 2104 556 2147 temporumfieripoffe
565 2105 683 2147 ceffavit
693 2128 704 2144 ,
733 2106 874 2138 vellemus
887 2129 898 2145 ‚
922 2106 1003 2146 quod
1016 2104 1121 2147 faten-

239 2155 312 2186 dum
321 2154 358 2193 est
373 2178 384 2193 ‚
412 2155 465 2187 vel
472 2166 503 2187 eo
510 2153 678 2197 fi‘curt'tatis
689 2156 821 2188 accedere
834 2180 843 2195 ,
859 2164 895 2188 ut
905 2166 973 2197 quae
989 2161 1022 2188 in
1032 2154 1121 2198 causa

239 2210 388 2236 communi
409 2203 573 2246 supplicari
592 2212 700 2247 oportet
715 2230 725 2246 ‚
753 2206 921 2246 Amplitudo
941 2203 1039 2244 vestra
1059 2216 1123 2238 con-

234 2260 425 2295 gregatorum
437 2255 545 2287 Galli-e
557 2255 744 2288 sacerdotum
766 2255 909 2288 relatione
921 2253 1100 2298 cognosceret
1114 2280 1120 2287 .

237 2302 344 2336 Prava
355 2302 413 2335 ista
426 2311 611 2347 temporum
635 2305 718 2337 ratio
731 2305 793 2338 fuit
815 2312 972 2347 occupata
993 2304 1011 2337 ὲ
1023 2305 1122 2339 Fran-

236 2352 288 2385 cis
302 2375 313 2391 ‚
340 2350 486 2393 Gothis,
513 2364 550 2386 ac
571 2353 756 2398 Burgundis
778 2378 788 2394 ,
817 2353 851 2386 ὅ(
872 2354 955 2388 inter
977 2354 1062 2397 ipsos
1083 2366 1121 2389 ac

236 2400 413 2436 Romanos
423 2400 595 2437 dilacerata
617 2403 744 2437 Gallia:
770 2403 965 2437 Barbariisti
979 2404 1122 2439 Gallica·

231 2461 302 2485 mos
326 2451 506 2495 Episcopos
518 2464 576 2487 nec
592 2453 736 2487 Romam
748 2452 976 2497 permittebant
990 2454 1120 2489 accede-

233 2511 293 2541 te,
320 2512 381 2535 nec
403 2502 489 2536 inter
512 2503 589 2536 sein
615 2514 713 2537 unam
724 2504 826 2536 totius
837 2503 992 2537 Dioecefis
1015 2505 1121 2547 Syno-

235 2549 316 2584 dum
329 2552 525 2586 convenire.
555 2551 648 2586 Prius
660 2552 783 2586 malum
808 2553 948 2587 adunata
964 2553 997 2587 in
1018 2565 1117 2588 unam

236 2598 470 2635 Monarchiani
493 2603 587 2636 omni
610 2602 718 2637 Gallia
742 2602 881 2637 Carolus
902 2603 1053 2648 Magnus
1065 2604 1118 2639 ab·

235 2648 326 2681 {sulit
337 2672 348 2688 ,
374 2651 504 2695 reliquit
526 2661 633 2686 tamen
646 2652 824 2686 secundum
836 2678 843 2685 .
869 2652 1002 2687 Etenim
1014 2653 1116 2688 Nico-

234 2697 293 2731 iao
316 2699 420 2741 primo
441 2701 624 2742 Pontifici,
649 2702 842 2737 Gallicanos
867 2703 1049 2747 Episcopos
1075 2703 1115 2738 ad

233 2747 327 2781 fuam
341 2747 589 2785 Patriarchaiem
602 2751 771 2794 Synodum
780 2752 825 2787 ob
834 2753 1032 2797 gravissimas
1041 2766 1115 2789 cau-

238 2797 290 2830 sas
299 2797 447 2831 evocanti
463 2822 475 2838 ,
500 2802 664 2843 respondit
683 2802 821 2836 Carolus
844 2803 968 2837 Calvus
985 2804 1056 2838 Rex
1066 2814 1113 2838 et-

233 2846 302 2882 iam
324 2846 360 2879 in
371 2846 481 2881 Gallia
504 2848 734 2893 fieriSynodos
748 2877 759 2893 ‚
786 2852 928 2895 ideoque
951 2855 1050 2888 tantis
1063 2855 1111 2888 iti·

233 2894 367 2930 neribus
377 2908 446 2930 non
458 2898 520 2931 effe
532 2908 627 2940 opus.
656 2900 699 2935 Et
714 2900 793 2936 hinc
806 2901 885 2936 dum
896 2900 1008 2937 Photii
1021 2903 1111 2938 Con-

233 2945 522 2990 stantinopolitani
546 2948 694 2991 Episcopi
715 2950 863 2985 Schisma
883 2976 895 2992 ,
921 2962 959 2986 ac
984 2953 1019 2986 in
1042 2965 1111 2988 om-

235 3005 315 3029 :nem
335 2995 489 3030 Latinam
514 2997 689 3032 Ecclesiam
713 3000 873 3036 Ham-,tica
896 3002 1040 3037 convitia
1061 3005 1112 3038 su-

232 3055 451 3088 pervenerunt
477 3046 676 3081 discutienda
700 3071 713 3088 ‚
738 3049 929 3086 Romanum
954 3064 1023 3087 non
1043 3064 1109 3088 am·

231 3093 322 3138 plius
332 3095 488 3129 accessum
500 3121 510 3137 ‚
540 3097 590 3130 sed
603 3097 703 3131 solam
722 3097 806 3132 intra
816 3100 939 3136 Gallias
961 3114 1109 3138 numero·

233 3144 306 3177 :sam
319 3144 488 3186 Synodum
503 3146 649 3181 laudatus
659 3147 817 3182 Pontifex
835 3149 931 3184 duxit
942 3151 984 3186 ab
996 3152 1107 3187 iisdem

231 3193 407 3236 episcopis
428 3195 653 3238 postulandam
669 3223 677 3230 .
704 3196 782 3232 Erat
803 3199 985 3243 graviffima
1003 3202 1038 3235 in
1050 3202 1109 3237 Pa-

232 3243 296 3278 tria
301 3242 442 3278 rchdem
453 3244 608 3281 Romana:
618 3247 767 3282 Ecclesiae
778 3249 971 3292 potestatem
982 3250 1107 3294 injuria,

234 3291 381 3336 ideoque
419 3293 452 3327 &
478 3295 578 3338 ipsam
604 3297 772 3332 damnavit
796 3301 905 3334 octava
932 3301 1104 3343 synodus.

234 3339 362 3378 Verum
372 3342 430 3377 iste
439 3354 511 3379 mos
524 3345 558 3378 in
570 3346 676 3382 Gallia
688 3349 860 3392 permansit
869 3374 876 3381 .
901 3349 995 3384 Hinc
1006 3353 1103 3387 etiam

231 3391 276 3431 ad
286 3393 475 3429 Romanam
483 3395 606 3429 Leonis
616 3398 698 3432 noni
708 3399 881 3442 Synodum
890 3399 1041 3438 accedere
1052 3402 1103 3438 de-

329 3442 442 3487 abest,
454 3448 535 3489 Lupi
545 3450 630 3489 oper.
642 3449 719 3482 rom.
729 3452 779 3484 17.

696 145 851 175 nac
921 131 1320 178 Rznfinsx

1390 133 1768 179 Svnono.
1892 149 1983 180 201

1189 216 1358 249 trestarunt
1377 214 1538 250 Gallicani
1564 215 1743 258 Episcopi,
1769 223 1867 259 atque
1896 217 1942 251 ita
1954 215 2065 252 oblata

1191 266 1361 299 occasione
1371 265 1535 300 descendit
1546 264 1654 308 ipsein
1668 264 1812 300 Galliam
1823 290 1834 306 ‚
1860 266 1976 302 &illic
1987 278 2064 302 cum

1189 314 1259 358 ipfis
1272 315 1442 357 Synodum
1461 315 1641 350 celebravit
1657 340 1665 348 .

1237 365 1275 397 ln
1289 366 1434 399 octavam
1458 365 1609 401 octobris
1631 365 1739 406 diem,
1764 376 1835 409 quae
1853 367 1933 400 &in
1955 366 2065 402 Sansti

1190 413 1335 459 Remigii
1356 415 1527 451 festivitate
1537 418 1581 451 est
1595 416 1707 450 ostava
1719 439 1730 455 ‚
1755 416 1928 459 Synodum
1943 418 2067 452 indice-

1189 475 1222 497 re
1244 466 1452 508 proposuerat
1476 467 1615 509 primum
1639 465 1821 506 Pontifex,
1847 464 1900 500 sed
1923 469 2067 509 postmo-

1186 511 1266 547 dum
1285 525 1413 549 mutato
1437 515 1571 549 consilio
1585 515 1706 548 indixit
1719 516 1753 548 in
1766 516 1867 558 ipsam
1880 517 1985 550 Sansti
2001 517 2067 557 Re-

1187 564 1281 608 migii
1294 564 1520 604 festivitatem,
1546 563 1607 597 isto
1630 562 1684 598 die
1697 565 1764 607 ejus
1786 576 1901 609 corpus
1926 566 2066 600 elevatu-

1187 623 1258 651 rus‚
1284 614 1386 648 altero
1411 614 1617 649 dedicaturus
1639 613 1829 657 Basilicam,
1857 627 1895 650 ac
1915 626 1995 650 tunc
2006 617 2063 659 Sy-

1187 663 1311 697 nodum
1323 663 1558 698 celebraturus.
1588 664 1670 697 Eam
1683 663 1803 697 indixit
1827 666 1860 699 in
1872 665 2067 700 festo·Exa1-

1186 722 1258 746 tatae,
1280 712 1467 747 Dominicae
1485 712 1599 747 Crucis
1613 737 1623 753 ‚
1648 712 1789 746 existens
1812 713 1847 746 in
1876 715 1993 750 dilecta
2006 715 2067 750 fibi

1186 763 1319 797 civitate
1341 762 1493 796 Tullensi
1507 787 1514 795 .
1544 763 1586 796 Et
1597 763 1731 804 quidem
1751 761 1916 796 Henricus
1930 766 2068 799 Franco-

1186 823 1258 845 rum
1280 812 1354 846 Rex
1377 812 1540 846 Hermaro
1568 811 1691 846 Abbati
1704 812 1792 845 suam
1805 812 1973 848 addixerat
1993 825 2070 857 prae·

1187 862 1341 903 sentiam,
1370 863 1532 906 spondens
1557 874 1625 896 non
1649 862 1756 896 solnm
1780 863 1932 897 Sanctum
1957 863 2069 897 Remi-

1185 912 1297 957 gium,
1323 912 1374 945 sed
1398 913 1636 947 &Romanum
1657 912 1859 947 Pontificem
1882 924 1942 956 pro
1953 912 2069 947 debito

1188 962 1365 996 honorare.
1390 962 1516 996 Verum
1529 963 1709 997 criminosis
1732 962 1926 1006 quibusdam
1939 963 2069 1006 Episco-

1187 1013 1259 1055 pis,
1290 1011 1494 1069 A·bbatibus‚
1521 1025 1558 1047 ac
1582 1012 1695 1046 Laicis
1718 1035 1729 1051 ,
1755 1012 1922 1047 nobilibus
1947 1014 2070 1056 praeser-

1187 1063 1247 1095 tim
1274 1062 1309 1096 in
1331 1062 1521 1097 incaestuoso
1542 1073 1598 1097 aut
1623 1063 1807 1096 adulterino
1827 1063 1985 1107 conjugio
2011 1064 2072 1097 foe-

1189 1111 1333 1146 tentibus
1350 1137 1361 1153 ,
1391 1113 1544 1156 Synodus
1566 1114 1672 1146 futura
1695 1123 1763 1146 non
1782 1113 1904 1155 placuit
1930 1138 1940 1154 ,
1968 1124 2005 1147 ac
2029 1111 2070 1146 de

1190 1163 1258 1204 ipsis
1272 1161 1414 1196 scribunt
1439 1162 1520 1197 Acta
1535 1163 1715 1205 synodalia
1732 1175 1743 1195 .·
1770 1166 1878 1196 Tantae
1893 1162 2073 1204 perversita-

1189 1218 1229 1245 tis
1253 1218 1334 1253 viri,
1360 1218 1514 1246 incentoris
1535 1211 1583 1256 sui
1593 1214 1703 1245 diaboli
1713 1212 1824 1246 callida
1838 1211 2015 1256 suggestione
2025 1218 2072 1245 in-

1183 1262 1308 1302 strum,
1337 1266 1410 1306 Regi
1422 1268 1606 1296 Francorum
1624 1262 1781 1307 suggerunt
1797 1286 1808 1301 ,
1833 1267 1930 1306 Regni
1949 1261 1996 1305 fici
2021 1263 2071 1295 de·

1188 1323 1237 1344 cus
1250 1312 1420 1352 annullari,
1442 1313 1472 1354 fi
1485 1319 1516 1344 in
1529 1325 1559 1346 eo
1569 1317 1699 1346 Romani
1723 1314 1881 1353 Pontificis
1905 1312 2070 1345 authorita-

1188 1372 1247 1394 tem
1268 1364 1415 1395 dominari
1433 1370 1618 1404 permitteret
1631 1387 1642 1403 ‚
1670 1364 1720 1396 vel
1735 1362 1766 1404 fi
1771 1364 1890 1403 eidem,
1916 1371 1951 1395 ut
1975 1364 2073 1395 decre-

1189 1422 1298 1452 verat,
1325 1423 1475 1444 occurrens
1483 1411 1658 1455 praesentiae
1676 1411 1743 1455 suae
1756 1412 1898 1453 favorem
1923 1413 1966 1444 ad
1974 1423 2076 1455 cogen-

1189 1463 1258 1494 dum
1269 1463 1432 1493 Concilium
1442 1461 1611 1494 exhiberet.
1640 1463 1765 1494 Addunt
1776 1469 1867 1494 etlam
1881 1486 1891 1502 ,
1918 1463 1998 1503 quod
2008 1462 2074 1494 nul-

1187 1512 1233 1543 lus
1262 1510 1468 1553 Antecefforum
1490 1513 1555 1551 ejus
1578 1512 1615 1542 id
1639 1517 1805 1552 reperiatur
1828 1512 1990 1552 aliquando
2012 1522 2075 1543 con-

1187 1560 1278 1602 ceffiffe
1288 1584 1299 1599 ‚
1324 1567 1358 1592 ut
1367 1558 1533 1600 ohfimilem
1545 1558 1664 1603 causam
1674 1567 1706 1592 in
1719 1565 1860 1594 Franciae
1871 1560 1954 1593 urbes
1965 1558 2075 1604 ingres-

1182 1608 1235 1652 sus
1248 1618 1369 1651 pateret
1382 1610 1470 1643 alicui
1483 1612 1579 1651 Papae
1593 1635 1599 1642 .
1630 1611 1740 1644 Etiam
1752 1609 1909 1653 quosdam
1922 1610 2075 1644 proceres

1189 1659 1406 1702 adjunxerunt
1418 1661 1480 1693 este
1494 1660 1578 1705 Regi
1591 1672 1820 1701 contumaces,
1851 1660 1992 1704 ideoque
2007 1671 2075 1694 non

1189 1709 1348 1751 Synodo‚
1376 1709 1430 1743 sed
1443 1707 1530 1743 bello
1551 1710 1614 1743 effe
1626 1721 1707 1753 opus
1722 1735 1731 1750 ‚
1757 1710 1798 1745 ad
1810 1710 1899 1754 quod
1923 1722 1990 1745 non
2015 1709 2076 1744 soli

1188 1758 1328 1793 feudales
1341 1758 1433 1792 Laici
1447 1784 1457 1798 ,
1484 1759 1538 1793 sed
1549 1770 1664 1793 ornnes
1676 1760 1775 1794 etiam
1789 1772 1866 1794 cur-n
1889 1762 1942 1795 sua
1954 1760 2077 1795 militia

1189 1810 1363 1842 convocari
1387 1807 1525 1843 debeant
1552 1809 1705 1853 Episcopi
1744 1811 1776 1843 ὃς
1802 1810 1975 1850 Abbates,
2003 1821 2078 1853 prae-

1190 1858 1296 1892 sertim
1312 1859 1419 1894 Sansti
1446 1859 1590 1903 Remigii
1603 1859 1738 1900 Abbas,
1766 1860 1823 1903 qui
1845 1860 1886 1894 de
1902 1859 2078 1903 Papalibus

1190 1908 1223 1940 in
1248 1908 1305 1941 suo
1334 1908 1538 1941 Monasterio
1559 1910 1689 1952 pompis
1713 1934 1722 1949 ‚
1750 1911 1784 1943 δε
1805 1911 1991 1944 consecrata
2020 1921 2078 1953 per

1189 1957 1292 2000 ipsum
1308 1957 1505 1991 Pontificem
1518 1957 1652 1991 Basilica
1672 1958 1802 2001 parabat
1824 1970 1927 1993 vanus
1939 1960 2075 2004 gloriari

1188 2006 1418 2050 &superbire.
1447 2008 1491 2042 Et
1504 2008 1588 2052 Regi
1610 2009 1849 2051 persuaserunt.
1881 2009 2016 2044 Etenim
2038 2010 2075 2043 il-

1187 2056 1217 2090 le
1237 2057 1363 2100 Legato
1387 2057 1428 2091 ad
1441 2058 1628 2092 Dominum
1650 2058 1772 2102 Papam
1795 2059 1978 2093 Frotlando
2002 2059 2075 2102 Syl-

1189 2107 1364 2141 vanestensi
1382 2107 1565 2150 Episcopo,
1597 2110 1762 2143 excusavit
1783 2111 1813 2142 se
1823 2107 1864 2142 de
1878 2109 2073 2144 celebranda

1186 2156 1270 2190 intra
1297 2156 1390 2190 snum
1412 2157 1567 2201 Regnum
1585 2158 1721 2199 Synodo
1745 2183 1755 2198 ‚
1783 2158 1938 2202 Papalem
1955 2159 2074 2194 adven-

1186 2216 1255 2239 tum
1279 2205 1400 2239 differri
1423 2206 1582 2251 flagitavit
1603 2208 1637 2240 in
1650 2208 1739 2242 aliud
1764 2218 1892 2252 tempus
1908 2234 1919 2249 ,
1944 2211 2073 2243 omnes-

1186 2267 1248 2300 que
1263 2256 1336 2290 suos
1348 2255 1527 2300 Episcopos
1538 2258 1700 2301 compulit
1713 2258 1753 2293 ad
1766 2258 1917 2294 bellicam
1941 2259 2072 2303 expedi-

1186 2306 1328 2339 tionem.
1357 2305 1505 2341 Potuerit
1526 2308 1625 2341 etiam
1653 2308 1693 2342 de
1718 2308 1782 2342 suis
1805 2320 1842 2343 ac
1854 2311 1996 2354 paternis
2015 2321 2070 2353 per

1187 2356 1388 2390 Simoniacas
1400 2355 1594 2391 Antistitum
1609 2358 1856 2394 nominationes
1867 2372 1905 2394 ac
1920 2360 2071 2394 intrusio·

1186 2417 1241 2440 nes
1265 2406 1298 2440 in
1314 2406 1568 2442 Ecclefiasticam
1591 2406 1797 2452 disciplinam
1822 2410 1990 2445 violentiis
2010 2422 2069 2445 no-

1186 2456 1276 2490 luisse
1297 2457 1479 2490 confundi.

1245 2506 1300 2539 De
1322 2506 1488 2540 Hostienfi
1516 2531 1527 2548 ,
1555 2508 1754 2545 Praenestino
1777 2536 1786 2552 ,
1824 2511 1970 2546 Curiensi
1993 2537 2003 2553 ‚
2032 2513 2067 2546 &

1184 2555 1336 2590 Comensi
1350 2557 1544 2601 Episcopis‚
1570 2558 1723 2604 Gregorii
1747 2561 1876 2604 septimi
1903 2562 1944 2597 ad
1973 2562 2066 2596 Hen-

1181 2606 1284 2640 ricum
1309 2616 1460 2649 quartum
1493 2608 1726 2651 Imperatorem
1762 2611 1925 2655 Legatis,
1955 2613 2063 2646 scribit

1182 2655 1374 2690 Lambertus
1406 2656 1741 2704 Schafnaburgensis:
1772 2664 1927 2695 Petierunt
1960 2662 2060 2695 verbis
2081 2664 2226 2704 A.1074.''

1180 2709 1307 2738 Romam·
1329 2706 1482 2747 Pontt'ficis
1494 2730 1503 2746 ‚
1529 2718 1562 2740 ut
1574 2712 1714 2747 synodum
1733 2720 1833 2744 tenere
1845 2718 1926 2744 intra
1938 2715 2060 2744 Germa·

1177 2761 1259 2788 niam
1279 2763 1353 2797 pace
1366 2755 1576 2799 Episcoporum
1590 2758 1756 2799 finer-entur
1769 2785 1776 2792 .
1804 2761 1994 2794 Vehementer
2007 2761 2058 2795 hoc

1176 2806 1339 2839 abnuerunt
1360 2817 1460 2840 omnes
1484 2806 1626 2850 Episcopi
1651 2834 1661 2849 ,
1686 2819 1841 2852 tamquam
1863 2810 2054 2854 inufitatum‚

1174 2857 1309 2900 longeque
1328 2858 1348 2889 ἃ
1372 2855 1437 2900 suis
1449 2858 1612 2891 rationibus
1634 2860 1762 2893 alienum
1775 2885 1785 2902 ,
1813 2873 1864 2894 nec
1879 2859 1942 2903 suae
1964 2861 2054 2902 huJ'us

1173 2905 1362 2940 authoritates
1369 2909 1561 2951 privilegium
1571 2910 1623 2941 ullt
1638 2912 1906 2952 alii,praeterquam
1919 2915 2053 2946 Romano

1174 2956 1311 2997 Pontifici
1333 2982 1344 2998 ,
1371 2968 1501 2999 unquam
1523 2959 1670 2992 delaturos
1694 2961 1885 3006 affirmabant
1905 2985 1911 2991 .
1941 2961 2049 2995 Etiam

1173 3005 1212 3038 de
1224 3006 1525 3052 OthoneGregorii
1544 3010 1623 3042 noni
1647 3008 1812 3042 Cardinali
1826 3010 1953 3054 Legato
1977 3012 2050 3046 scri-

1173 3056 1218 3089 bit
1230 3055 1430 3090 Godefsidus
1441 3058 1591 3091 Colonioe
1613 3058 1699 3100 apud
1714 3058 1865 3093 Sanctum
1880 3060 2048 3095 Pantaleo-

1172 3115 1244 3138 nem
1266 3104 1474 3139 Monachus:
1499 3106 1578 3139 Otho
1589 3108 1673 3148 apud
1692 3108 1873 3150 Herhipoh'm
1885 3112 2046 3144 Concilium
2064 3131 2096 3159 Α,
2118 3140 2166 3161 ¹07

1173 3155 1354 3188 Provinciale
1374 3157 1493 3187 indixit
1515 3179 1525 3194 ,
1545 3156 1604 3198 sed
1628 3159 1822 3192 renitentibus
1854 3162 2045 3202 Principibus
2163 3142 2200 3168 -3·

1172 3209 1272 3239 Laicis
1286 3228 1297 3244 ,
1325 3205 1359 3238 (9⁸
1368 3211 1474 3246 paucior
1484 3204 1677 3247 Ecclefiarum
1687 3209 1832 3243 Praelatit
1844 3216 2045 3245 convenienti-

1171 3256 1225 3288 bus
1247 3279 1258 3295 ‚
1285 3260 1382 3287 iratus
1404 3256 1509 3295 recefflt
1529 3280 1536 3287 .
1563 3256 1690 3290 Similes
1715 3258 1867 3293 adversus
1893 3261 2041 3296 Honorii

1170 3304 1272 3348 quarti
1284 3304 1320 3337 in
1332 3305 1506 3339 Germania
1519 3306 1682 3350 Legatum
1709 3308 1793 3342 rixas
1804 3311 1899 3344 refert
1910 3313 2040 3354 antiqua

1172 3353 1327 3389 Australis
1338 3353 1485 3389 Historia
1497 3379 1509 3396 ‚
1527 3357 1561 3390 ὃς
1574 3355 1767 3392 Chronicon
1778 3359 1914 3395 fratrum
1924 3360 2041 3393 Praedi-
2054 3360 2091 3389 A.
2104 3364 2189 3397 1287.

1170 3415 1316 3441 catorum
1325 3404 1596 3442 colmarienfium
1609 3431 1619 3447 ,
1646 3406 1767 3444 addens
1781 3410 2017 3446 Coloniensem
2028 3431 2041 3448 ‚

1561 3456 1594 3491 C
1617 3468 1636 3494 c
1891 3467 1991 3502 atque
