2352 3736
85 932 146 963 Liri
175 942 198 962 r-

86 976 137 1011 Ep-
162 983 207 1005 η.

202 2633 216 2640 “’
260 2634 477 2670 (ἶοηῆτιῃεινὶε
497 2637 585 2669 enim
606 2635 676 2668 illic
697 2635 852 2668 Canones
875 2632 1066 2667 Remenses.
1094 2634 1137 2668 Et

91 2889 125 2916 Λ-
160 2896 242 2922 1050.

570 155 1648 207 CoNerLlurerAPIENse.
1922 170 2020 211 229

260 243 371 282 medio
382 236 579 290 ‚collegam
590 245 684 282 suum
695 242 890 278 Anselmum
902 241 1083 275 Lucensem
1097 239 1138 272 E·
1180 255 1184 320 Ι
1198 250 1274 273 nere
1286 239 1470 274 volentibus
1483 265 1495 282 ,
1521 239 1721 284 responderit
1742 238 1777 272 in
1801 238 1893 283 libris
1908 239 1949 274 de
1970 240 2078 275 Sacra-

257 295 454 339 piscopuma
466 288 588 328 dextris
600 319 611 335 ‚
638 294 831 331 Guidonem
844 291 1136 335 Archiepiscopum
1198 289 1318 322 mentis
1334 291 1467 324 Sanctus
1480 290 1694 328 Ambrosius,-
1720 293 1757 322 In
1782 290 1916 323 omnibus
1938 298 2021 331 cupio
2035 289 2080 334 se-

255 344 432 379 eollocaret
444 345 462 379 a
472 344 604 382 sinistris
614 369 624 386 ,
644 344 778 392 fallione
789 343 967 381 clericorum
978 349 1097 382 repente
1107 344 1138 371 in
1200 344 1251 380 qui
1264 343 1430 372 Romanam
1444 340 1597 380 Ecclefiam
1609 365 1619 380 ‚
1641 339 1696 383 sed
1705 347 1806 373 tamen
1818 344 1850 373 ζα
1875 353 1925 373 nos
1948 339 2080 375 homines

251 396 358 437 populo
377 406 507 433 murmur
518 404 652 434 exortum
663 393 731 436 fuit
743 417 754 433 ,
779 403 840 429 non
856 391 961 424 debere
982 388 1139 430 Ambrosia·
1194 387 1312 438 sensum
1323 389 1466 424 habemus
1477 418 1486 433 ,
1509 393 1625 433 ideoque
1633 392 1712 433 quod
1721 391 1790 424 alibi
1800 390 1908 423 reHius
1915 389 2080 433 servatur,

256 456 326 477 nam
338 445 494 488 Ecclesiam
514 449 659 482 Romanis
681 443 792 486 legibus
810 439 959 484 subjacere
975 464 987 481 ,
1014 440 1141 474 nullum·
1181 441 1234 472 .&
1260 451 1311 472 nos
1334 439 1410 473 recle
1432 443 1622 482 custodimus.
1652 441 1703 480 Ex
1727 439 1779 478 his
1803 451 1883 485 ergo
1913 440 2081 485 principiis

257 506 312 537 que
328 497 491 538 judicandi
511 497 563 530 vel
581 493 754 538 disponendi
765 492 822 534 jus
841 494 974 527 Romano
1003 488 1139 532 Pontifici
1181 469 1459 553 ‘Mediolanenses
1487 492 1606 525 Clerici
1635 489 1872 534 praezendebant
1909 492 2084 535 exemptri-

256 545 428 590 inillasede
436 542 614 590 competeress
632 548 737 582 Nimis
751 542 906 583 indignum
919 566 930 583 ‚
940 540 1113 583 inquiebant
1131 562 1142 583 ‚
1181 563 1184 578 .
1198 551 1268 573 cem
1282 541 1299 574 a
1314 539 1466 574 Romana
1480 541 1618 583 synodo
1629 541 1662 577 δε
1682 539 1904 578 patriarchico
1913 540 1991 585 jugo
2013 542 2083 575 Au-

256 605 290 629 ut
302 608 368 641 quae
378 596 432 640 sub
437 593 670 640 progenitoribus
681 591 782 632 nofflis
792 589 912 635 semper
929 591 1043 631 exstitit
1067 590 1139 623 libe·
1180 580 1184 648 J
1198 589 1419 633 tocephaliam
1439 614 1450 631 ,
1478 591 1617 631 ideoque
1639 591 1708 633 ejus
1721 602 1806 625 nova
1817 590 1963 625 adversus
1975 591 2082 626 Simo-

256 660 293 681 γα
315 673 326 688 ‚
351 648 395 679 ad
413 645 515 687 nostrae
535 641 705 684 confufionis
727 641 913 684 opprobrium
936 652 1014 674 nunc
1033 641 1139 679 alteri,
1199 640 1331 674 niam&
1343 640 1521 679 Clericales
1532 640 1660 682 nuptias
1672 640 1801 677 decreta
1813 640 2016 676 blaterabant
2039 641 2083 677 ad

257 699 336 740 quod
344 696 416 737 abfir
424 720 436 736 ,
445 681 578 734 Ecclefiae
583 689 622 734 fit
637 691 789 735 subjec‘la.
815 691 965 726 Eandem
977 689 1141 724 Mediola÷
1198 691 1228 724 se
1241 702 1309 724 non
1322 691 1486 733 pertinere
1497 714 1506 722 .
1532 689 1660 726 Eadem
1672 690 1781 723 forsan
1794 690 1836 724 de
1844 693 1937 726 causa
1959 691 2083 726 Roma-

258 747 363 785 nensis
372 743 518 784 Ecclesiae
527 744 772 779 contumaciam
786 750 905 776 notant
925 741 1025 775 etiam
1044 739 1078 774 in
1091 739 1140 774 lit·
1199 751 1274 773 nam
1288 739 1412 774 Leonis
1423 739 1597 783 Synodum
1607 738 1757 773 accedere
1767 737 1980 775 dettestarant
1993 742 2082 776 Lon-

258 797 334 831 teris
368 793 407 828 ad
447 792 667 827 Guilielmum
714 792 908 836 papiensem
942 790 1140 834 Episcopum
1195 789 1417 837 gobardorum
1445 790 1598 833 Episcopi
1621 813 1632 828 ,
1671 788 1812 831 ideoque
1840 790 2002 837 -a-dvvssipsos
2028 791 2083 826 de-

257 843 436 888 Gregorius
449 843 624 887 septimus,
649 843 684 876 &
703 842 738 876 in
761 841 876 881 litteris
898 840 937 874 ad
960 841 1046 885 ipsos
1069 841 1140 873 Me·
1197 840 1345 879 scendere
1362 841 1547 883 compulsus
1557 838 1618 873 fuit
1629 837 1787 873 Pontifex
1799 838 1999 886 ‚sequidem
2010 851 2082 875 nou

256 894 461 929 diolanenses
496 894 627 927 Saucius
649 891 852 931 Bernardus.
879 890 975 926 Italia
1003 890 1086 926 olim
1105 890 1140 924 ἀ
1198 890 1232 923 in
1244 890 1487 925 Mediolanensi
1498 889 1705 933 Metropoli,
1730 889 1833 923 sedin
1855 884 2002 936 Papi'e'pfi
2026 889 2081 923 Ci-

256 955 322 989 quo
334 943 374 979 ad
385 941 652 985 Civilem&quo
673 940 715 983 ad
726 941 983 976 Ecclefiasticam
1004 941 1140 975 admini-
1197 940 1299 975 vitate
1326 951 1420 986 agere
1446 940 1641 984 Synodum,
1679 949 1793 984 utpote
1816 941 1835 974 ὲ
1862 939 2083 983 perduellibus

255 996 446 1029 strationem
457 992 558 1027 divisa
568 992 676 1027 fuitin
688 992 768 1027 duas
782 992 969 1032 Dioeceses,
995 991 1140 1026 Urbica·
1196 1001 1344 1025 metuens
1371 990 1444 1025 istas
1468 991 1686 1026 contumelias
1707 1015 1718 1031 ,
1755 1001 1834 1034 quas
1870 989 2085 1034 postmodum

256 1045 382 1079 riam&
404 1043 573 1077 Italicam:
600 1042 692 1078 Illius
715 1042 886 1077 Dominus
905 1042 1016 1086 Papa,
1044 1041 1138 1085 hujus
1199 1040 1329 1085 pertulit
1341 1040 1476 1076 Nicolai
1490 1041 1623 1076 secundi
1649 1041 1790 1086 Legatus
1812 1040 1926 1075 Petrus
1947 1040 2084 1094 Qmia-

257 1105 352 1140 caput
364 1096 398 1129 ὃς
408 1093 627 1138 Metropolita
638 1101 705 1127 erat
715 1092 895 1136 Episcopus
907 1092 1138 1127 Mediolanen-
1201 1091 1234 1125 ui
1249 1116 1256 1123 .
1282 1091 1445 1135 Papienfis
1458 1091 1572 1130 civitas
1583 1115 1594 1131 ,
1619 1092 1694 1125 licet
1705 1093 1791 1126 intra
1801 1090 1931 1126 Italiam
1945 1085 2083 1135 ac'Don-

257 1147 313 1179 fis.
344 1145 386 1178 Et
398 1139 652 1183 hincin'litteris
671 1141 712 1176 ad
735 1142 905 1176 Solitarios
930 1142 1039 1177 scribit
1062 1143 1137 1176 San·
1199 1141 1413 1186 gobal-diam,
1440 1143 1560 1188 semper
1580 1152 1690 1176 tamen
1714 1142 1865 1185 speaavit
1893 1140 2084 1175 immediate

259 1199 329 1229 ctus
352 1193 570 1228 Athanafius:
597 1192 743 1235 Dionysius
768 1191 932 1236 Episcopus
953 1195 1137 1233 Mediolani,
1201 1191 1241 1225 ad
1280 1202 1391 1226 curam
1410 1193 1444 1225 ὃς
1468 1191 1640 1235 synodum
1662 1191 1889 1234 Metropolitae
1913 1191 2082 1224 Romani.

259 1247 342 1286 quod
351 1244 387 1280 est
397 1246 486 1284 Italis
496 1244 686 1285 Metropolis.
713 1243 806 1278 Hinc
830 1244 909 1277 item
924 1243 988 1277 alia
1000 1243 1137 1282 Romae‚
1202 1242 1376 1288 Qiidquid
1392 1243 1453 1282 fit,
1481 1253 1593 1285 parum
1619 1241 1704 1285 apud
1725 1240 1991 1275 Mediolanenses
2012 1251 2084 1283 pro-

257 1294 319 1328 alia
331 1305 397 1333 erat
409 1293 508 1332 Italiae
518 1292 670 1336 Synodus
685 1317 695 1332 ‚
719 1293 842 1336 aliique
864 1292 941 1326 hinc
960 1293 1036 1327 inde
1058 1294 1138 1327 ritus
1199 1291 1276 1325 fecit
1286 1292 1352 1325 haec
1373 1292 1545 1335 Synodus.
1573 1292 1679 1329 Lucet
1701 1303 1741 1326 ex
1760 1290 1892 1327 hudata
1915 1291 2083 1336 legatione

258 1347 292 1380 &
306 1354 429 1384 mores,
457 1343 540 1377 adeo
561 1353 597 1377 ut
616 1343 812 1386 quibusdam
825 1368 836 1381 ,
861 1345 1047 1386 quempiam
1070 1344 1138 1376 Ro-
1202 1342 1292 1381 Petri
1303 1343 1460 1378 Damiani
1475 1368 1483 1381 .,

260 1406 397 1429 manum
411 1395 446 1427 in
471 1393 641 1438 Baptismo
659 1393 758 1429 ritum
781 1395 843 1433 suae
864 1394 1013 1432 Ecclefiae
1034 1393 1155 1445 impo-K

389 1616 459 1697 S.
596 1613 1305 1699 LEONIS
1457 1613 1958 1698 NONI

711 1800 1640 1851 CONCILIUM

446 1917 1879 2003 MOGUNTINUM.

445 2084 586 2143 *Ertia
612 2083 721 2119 Sancti
747 2083 870 2118 Leonis
897 2082 1053 2126 Synodus
1079 2083 1139 2119 (isit
1213 2088 1266 2117 Hic
1300 2082 1494 2122 Sancqiffimus
1522 2086 1611 2126 Papa
1639 2084 1708 2118 acia
1738 2085 1846 2123 synodo
1871 2081 2091 2128 Aquissranum

518 2135 582 2177 jam
594 2134 735 2178 exposita
747 2132 917 2167 Remenfis
933 2143 1066 2177 ‚quarta
1078 2132 1138 2168 fuit
1208 2133 1358 2175 descendit
1383 2158 1394 2174 ‚
1430 2133 1474 2166 ibi
1507 2138 1715 2175 Imperatorem
1751 2136 1968 2175 expeditionem
2005 2146 2092 2179 agen-

518 2185 722 2230 Moguntina
745 2208 752 2216 .
782 2183 831 2218 Ita
852 2183 960 2217 lucide
981 2183 1139 2217 affirmant
1206 2195 1266 2216 tem
1292 2193 1396 2217 contra
1424 2184 1611 2218 Balduinum
1638 2188 1783 2217 Comitem
1810 2186 1972 2218 Flandriae
1993 2211 2004 2226 ‚
2029 2197 2084 2233 quo

518 2236 626 2269 Sancti
648 2233 791 2278 Benigni
815 2232 1033 2273 Chronicon,
1059 2234 1140 2268 Her·
1205 2233 1294 2276 usque
1328 2242 1495 2268 verteretur
1515 2257 1527 2274 ,
1563 2235 1733 2275 expedavit
1762 2258 1769 2265 .
1804 2235 1857 2275 Iste
1888 2235 2086 2276 Sanc‘liffimus

518 2295 657 2320 mannus
669 2284 885 2322 Contractus,
900 2282 1139 2318 &Chronicon
1209 2287 1295 2326 Papa
1316 2287 1375 2317 Leo
1395 2294 1486 2316 nonus
1507 2285 1603 2319 multa
1622 2290 1653 2316 in
1688 2289 1852 2318 Germania
1877 2284 1952 2318 bona
1967 2285 2046 2327 fecit
2067 2308 2093 2327 ,,

256 2333 407 2369 Ecclefiae
417 2334 647 2378 Augustenfis.
677 2334 759 2367 Eam
772 2333 935 2367 affirmant
945 2333 1139 2368 celebratam

257 2396 346 2420 anno
359 2384 451 2421 istius
463 2385 563 2419 saeculi
584 2383 828 2428 quadragesimo
853 2393 967 2423 nono,
993 2383 1140 2427 adeoque

256 2447 374 2469 omnes
408 2434 472 2477 jam
498 2435 585 2469 ‹1361ae
606 2445 746 2479 quatuor
772 2435 847 2466 sunt
872 2432 1015 2476 ejusdem
1035 2435 1138 2467 anni.

257 2485 405 2519 Eandem
417 2484 589 2528 Synodum
608 2485 717 2518 laudat
728 2481 922 2518 Chronicon
942 2482 1139 2519 Monasterii

258 2533 554 2570 Laurishamenfis:
584 2538 643 2569 Leo
656 2537 746 2575 Papa
758 2537 918 2577 Moguntiae
930 2535 1038 2573 synodo
1057 2533 1139 2567 babi-

259 2595 295 2617 ια
318 2610 328 2624 ,
354 2587 448 2618 multa
473 2586 511 2618 de
531 2583 731 2626 Ecclefiasticis
749 2582 955 2627 sanc‘liom'bus
975 2582 1136 2627 disposuit.

1206 2333 1347 2375 Ecclefias
1369 2359 1379 2374 ‚
1405 2335 1570 2376 Capella,
1606 2337 1641 2369 (⁰5
1668 2336 1785 2368 Altaria
1808 2342 1840 2369 in
1866 2335 1989 2377 diverst's
2015 2337 2086 2370 locis

1204 2383 1311 2427 absque
1348 2394 1465 2417 numero
1497 2392 1622 2425 propria
1658 2391 1691 2418 in
1713 2383 1836 2428 persona
1871 2384 2051 2428 consecravit
2072 2409 2087 2426 ,

1204 2436 1238 2468 <9⁶
1264 2436 1344 2476 quod
1364 2436 1526 2479 Pontificuli
1543 2436 1645 2476 plures.
1669 2435 1754 2470 hodie
1763 2436 1867 2477 facere
1893 2435 2084 2479 erubescunt,

1203 2486 1246 2517 ad
1270 2486 1350 2527 quod
1373 2494 1472 2518 tamen
1498 2485 1619 2529 obligati
1639 2484 1711 2528 sunt
1736 2492 1852 2519 ratione
1878 2487 1983 2528 officii,
2003 2484 2087 2528 sunt·

1203 2546 1267 2568 mus
1281 2534 1422 2575 Pontifex
1432 2546 1489 2567 non
1497 2535 1746 2580 obligatusfacere
1765 2548 1822 2570 non
1843 2535 1999 2578 despexit.
2015 2537 2086 2571 No-

1202 2594 1248 2618 tat
1261 2585 1448 2619 Germaniae
1458 2584 1639 2629 Episcopos
1649 2609 1661 2626 ‚
1688 2587 1743 2629 qui
1757 2586 1849 2621 laicis
1862 2587 1994 2621 suorum
2005 2589 2086 2621 te'm-

1202 2634 1360 2677 poralium
1393 2634 1640 2678 principatuum
1678 2636 1764 2671 curis
1789 2637 1946 2679 implicati
1983 2647 2087 2671 omne

258 2684 454 2719 'Lambtrtus
476 2684 802 2729 Schafnaburgensis:
830 2687 889 2716 Leo
915 2687 1003 2726 Papa
1014 2692 1138 2727 propter
1201 2684 1396 2719 Pontificale
1407 2686 1556 2720 officium
1567 2696 1670 2731 agunt
1683 2698 1739 2730 per
1758 2686 1929 2721 vicarium
1953 2685 2086 2729 Episco-

261 2736 484 2774 componendum
487 2734 595 2772 statum
607 2734 821 2775 Ecclefiarum,
850 2735 885 2767 Θ
903 2743 1007 2776 pacem
1027 2735 1137 2768 Galliis

262 2784 447 2817 reddendam
467 2807 476 2822 ‚
502 2789 596 2817 Roma
634 2784 752 2828 egressus
775 2807 786 2823 ,
811 2787 974 2826 Moguntiae
994 2786 1137 2824 synodum

261 2833 441 2871 celebravit,
465 2833 634 2874 praefidente
646 2839 824 2875 Imperatore
845 2845 909 2866 cum
933 2836 1137 2878 quadraginta

1200 2745 1276 2777 pum
1291 2759 1302 2775 ‚
1328 2734 1524 2778 adeoquede
1539 2736 1608 2780 ipso
1618 2738 1705 2780 quasi
1716 2737 1925 2770 erubescunt.
1956 2738 1996 2770 Et
2018 2738 2085 2771 Ro·

1200 2795 1300 2819 mano
1314 2785 1475 2828 Episcopo
1486 2787 1666 2829 comparati
1680 2788 1758 2830 quid
1773 2787 1844 2821 sunt
1870 2786 1925 2820 nifi
1947 2787 2084 2822 Pontifi-

1200 2835 1265 2870 culi
1286 2837 1299 2869 ἒ
1338 2835 1379 2868 Et
1405 2835 1553 2871 Adamus
1575 2836 1773 2871 Bremenfis:
1801 2838 1915 2870 Habita
1938 2837 1976 2876 est
1994 2849 2086 2881 gene-

262 2883 372 2917 duobus
392 2881 566 2924 Episcopis.
595 2884 650 2916 Ubi
673 2884 790 2918 sibecho
809 2883 944 2926 Spirenfis
972 2885 1136 2929 Episcopus
1199 2888 1274 2919 ralis
1289 2887 1414 2925 synodus.
1427 2887 1513 2928 apud
1534 2890 1716 2931 Moguntiam
1728 2912 1738 2927 ,
1762 2886 1935 2928 praefidente
1955 2890 2083 2922 Domino

262 2935 298 2967 de
307 2933 479 2966 criminibus
491 2957 501 2972 ,
530 2931 635 2974 quibus
654 2933 843 2976 accusabatur
864 2957 877 2972 ‚
906 2932 996 2978 sacra
1016 2945 1134 2970 commu-

262 2990 347 3016 m‘one
351 2982 385 3027 se
390 2989 560 3025 purgavit.
587 2985 633 3014 Et
657 2985 726 3014 Dux
750 2984 961 3024 Godefridus,
988 2990 1136 3018 interven·

261 3043 293 3065 tu
305 3037 399 3075 Papae
422 3034 456 3066 <35
479 3035 651 3074 Principum
665 3056 675 3071 ,
697 3038 830 3074 gratiam
850 3037 1042 3074 Imperatoris
1064 3035 1136 3068 obti-

261 3088 343 3117 nuit.
370 3083 414 3119 Et
427 3083 461 3115 in
484 3082 731 3127 Hirgauzieniis
753 3081 942 3117 Mouastetii
964 3082 1135 3120 Chronico

262 3132 376 3167 Abbas
410 3132 617 3169 Trithernius
639 3145 650 3165 .·
686 3132 868 3171 Beatiffimus
896 3135 985 3175 Papa
1012 3137 1072 3167 Leo
1095 3137 1137 3167 ad

263 3187 451 3226 Moguntiam
460 3193 525 3216 cum
530 3181 595 3228 suis
606 3182 895 3222 tandempervenn,
919 3183 970 3215 ubi
993 3186 1134 3221 synodum

259 3231 406 3277 praesente
417 3236 594 3273 Imperatore
602 3244 666 3266 cum
679 3233 883 3278 quadraginta
893 3232 1004 3264 duobus
1015 3236 1045 3265 E
1043 3232 1134 3276 pisco-

259 3288 310 3325 pis
323 3308 333 3324 ,
358 3284 392 3316 (θ’
404 3282 506 3315 multis
519 3282 680 3318 abbatibus
701 3283 734 3315 (θ’
754 3283 873 3316 clericis
896 3282 1074 3324 celebravit,
1101 3287 1135 3318 Θ

263 3334 357 3366 multa
365 3341 422 3374 pro
434 3333 566 3365 utilitate
575 3332 768 3372 Ecclesi'astica
781 3332 942 3373 constituit.
970 3336 1005 3364 In
1024 3332 1079 3367 hac
1090 3337 1135 3372 sy-

258 3385 337 3421 snodo
361 3381 474 3416 sibicho
485 3381 622 3426 Spirensis
635 3381 800 3428 Episcopus
812 3385 848 3415 de
867 3382 1037 3416 criminibus
1053 3407 1063 3422 ‚
1074 3392 1134 3426 qui-

263 3433 314 3466 bus
351 3431 539 3476 accusabatur
558 3457 569 3474 ‚
590 3430 678 3477 satra
699 3431 732 3476 se
755 3438 947 3468 communione
964 3440 1129 3477 purgavit.

1201 2936 1351 2979 Apostolico
1378 2939 1491 2977 Leone,
1518 2939 1552 2971 (5
1574 2942 1755 2979 Imperatore
1780 2936 1922 2978 Henrlco‚
1948 2949 2012 2971 cum
2038 2942 2083 2971 E·

1199 2987 1325 3029 piscopis
1358 2988 1498 3020 Bardone
1533 2987 1750 3031 Mogann'nenst'
1771 3011 1782 3026 ‚
1821 2988 1980 3019 Eborardo
2012 2990 2083 3023 Tre-

1203 3035 1330 3077 virenfi‚
1358 3041 1532 3069 Hermanno
1556 3038 1732 3078 Colonienfi‚
1758 3037 1912 3070 Adelberto
1936 3038 2083 3072 Himbur-

1197 3086 1282 3131 genfi
1306 3088 1327 3125 ,‘
1360 3086 1547 3128 Engilbardo
1595 3084 1839 3131 Magdeburgensi
1858 3111 1870 3128 ‚
1912 3087 2081 3131 caeterisque

1205 3140 1429 3169 Provinciarum
1456 3135 1657 3169 sacerdotibus
1679 3162 1685 3167 .
1729 3139 1777 3169 Eo
1802 3142 1835 3170 in
1865 3141 1992 3172 Concilio
2018 3146 2082 3182 qui-

1203 3188 1272 3219 dam
1283 3182 1419 3226 spirenfis
1431 3184 1594 3228 Episcopus
1607 3185 1740 3226 sibicho,
1767 3192 1813 3221 cui.
1833 3195 1943 3223 crimen
1966 3191 2081 3225 adulte-

1202 3243 1241 3269 rii
1276 3233 1504 3274 intendebatur,
1530 3243 1750 3271 examinatione
1777 3235 1913 3280 sacrificii
1929 3248 2082 3284 purgatus

1202 3286 1256 3326 est.
1288 3288 1436 3317 Praeterea
1445 3285 1540 3318 multa
1550 3286 1659 3321 ibidem
1674 3286 1793 3329 sancita
1806 3287 1879 3330 sunt
1902 3292 1948 3323 ad
1968 3292 2081 3324 utilita-

1202 3344 1258 3367 tem
1269 3332 1421 3376 Ecclefiae‚
1444 3344 1511 3377 pree
1521 3337 1628 3378 quibus
1641 3340 1806 3373 simoniaca
1815 3340 1956 3381 erefis,
1984 3341 2078 3372 &ne-

1195 3386 1299 3426 fanda
1309 3387 1499 3418 Sacerdotum
1509 3389 1644 3431 conjugia
1665 3387 1843 3431 holographa
1864 3390 1965 3428 synodi
1986 3400 2086 3424 mam

1182 3467 1186 3484 Ι
1197 3437 1339 3478 perpetuo
1375 3436 1521 3470 damnata
1554 3435 1626 3480 sum
1647 3464 1655 3472 .
1694 3441 1786 3482 Quod
1810 3441 1918 3474 videns
1947 3440 2089 3474 Domum-²

1181 3488 1192 3527 ε.
1939 3486 2032 3528 noster·

2100 316 2130 347 L.
2151 324 2233 354 3.c.r
2264 330 2267 332 -

2107 2720 2166 2751 Lib.
2186 2731 2213 2759 3.

2236 2731 2264 2754 e·
