2352 3736
338 247 409 271 mos
420 236 461 270 ad
472 231 567 274 tei-tio*
578 230 675 273 etiam
688 229 883 274 elevandum
892 230 1050 275 obligari.
1078 230 1229 274 innume-

339 295 380 320 ‘ra
400 287 472 323 sunt
497 279 732 315 &Graec'orum
758 281 793 324 &
813 280 1010 316 Latinorum
1032 282 1165 316 Parrum
1186 284 1227 318 de

345 331 479 374 heericu
493 330 705 377 testimonia,
731 331 870 374 ideoque
890 331 997 375 ipsum
1019 332 1084 367 effe
1099 333 1231 377 Institu-

340 377 678 427 *tumApostolicum,
704 391 774 419 non
799 382 845 420 est
871 380 1093 417 dubitandum
1110 408 1117 415 .
1145 383 1232 418 Lau-

341 429 466 471 datum'
478 428 633 475 Apostoli
644 425 755 465 locum
767 429 808 464 de
819 431 890 475 ipso
901 431 1087 466 constanter
1111 433 1229 468 intelli-

339 489 445 525 gunt.
473 481 512 515 ln
523 481 699 521 Sermone,
726 491 823 524 quem
855 482 912 516 suo
924 482 1070 526 Decreto
1097 481 1228 517 inseruit

338 531 370 566 S.
392 525 454 565 Ivo
477 530 688 565 Carnuten'fis
714 531 895 575 Episcopus
918 556 930 572 ‚
957 532 993 565 Β.
1019 532 1226 578 Augustinus

337 579 430 627 addit
444 603 455 621 ,
482 579 571 622 quod
585 581 669 615 trina
679 579 836 628 demerlio
848 580 945 627 nobis
966 593 1160 617 rememoret
1182 595 1226 618 et-

337 632 405 666 iam
426 641 488 665 tres
498 630 692 677 Divinitatis
704 630 876 666 Personas.
908 633 952 666 Et
967 634 1061 677 supet
1073 643 1225 678 quartum

337 679 541 727 Apostolicae
563 681 603 716 ad
618 680 778 728 Ephesios
787 681 930 726 epistolae
952 683 1050 727 cap'ut
1071 684 1180 717 scribit
1193 685 1223 718 S.

336 731 584 775 Hieronymus:
611 735 671 768 Ter
694 736 876 776 mergimur,
902 741 934 766 ut
955 745 1047 767 unum
1062 736 1224 767 Trinitatis

336 790 485 827 appareat
498 783 722 826 Sacramentum
734 807 741 814 .
770 781 899 826 Nempe
914 784 963 817 nti
986 793 1049 818 tres
1076 784 1225 818 Personae

334 833 412 866 sunt
434 843 519 866 unus
538 834 652 872 Deus,
679 832 724 867 ita
750 842 815 866 tres
825 833 999 877 merfiones
1014 834 1220 879 constituunt

333 892 438 917 unum
448 882 672 926 Baptismum.

336 947 339 949 >
385 932 505 966 Ritum
515 941 638 977 mutare
651 932 774 975 primus
795 932 930 977 iucoepit
952 934 1021 978 puri
1033 935 1103 978 puti
1131 935 1223 969 Aria-

332 981 681 1022 nismiResuscitator,
710 983 744 1017 &
768 983 831 1017 suae
856 983 1009 1018 fastionis
1024 984 1109 1027 apud
1124 985 1223 1028 Cyzi-

331 1043 410 1066 cum
423 1032 631 1077 Hellesponti
658 1032 877 1077 Metropolim
905 1033 1084 1077 Episcopus
1110 1034 1222 1068 Euno-

332 1083 439 1123 mius‚
465 1081 582 1126 dequo
595 1082 748 1126 septimus
768 1083 889 1117 Canon
914 1084 1221 1128 Constantinopoli-

330 1141 413 1166 tanae
423 1132 572 1176 Synodi:
601 1136 782 1167 Eunomiant
806 1139 840 1167 in
859 1145 949 1167 unam
960 1134 1162 1177 demerfionem
1172 1134 1220 1167 ba·

326 1187 471 1225 ptizant.
499 1183 544 1218 Et
571 1183 713 1230 vulgaris
739 1183 975 1228 Apostolorum
1004 1186 1124 1220 Canon
1155 1197 1162 1216 ι
1189 1187 1221 1218 Si

332 1233 400 1275 ’quis
415 1231 581 1275 Episcopus
597 1231 659 1267 *aut
671 1234 824 1273 Presbyter
846 1245 903 1268 non
914 1240 1029 1268 trinam
1054 1234 1221 1277 merfi'lmem

331 1289 421 1325 unius
434 1282 686 1327 mysteriieelebret
699 1308 710 1326 ‚
733 1282 793 1326 sed
811 1283 907 1328 semel
913 1293 1028 1330 mergat
1053 1292 1086 1319 in
1099 1284 1223 1329 Baptis-

331 1341 431 1373 mate‚
461 1334 544 1375 quod
566 1335 634 1367 dari
654 1336 777 1368 videtur·
797 1339 829 1368 in
846 1339 968 1368 Domini
993 1346 1085 1370 morte
1099 1360 1110 1376 ‚
1136 1338 1223 1378 depo-

333 1390 440 1416 natur.
473 1383 525 1416 Ex
552 1394 620 1427 quo
647 1384 737 1427 lucet
763 1383 861 1420 hosce
888 1386 1046 1421 Canones
1061 1398 1132 1421 non
1157 1386 1221 1421 esse

332 1444 450 1476 omnes
475 1434 709 1478 Apostolieos‚
738 1434 792 1469 sed
817 1437 964 1480 ipsorum
986 1437 1220 1471 collectionem

333 1482 396 1526 effe
408 1484 578 1526 Eunomio
590 1484 810 1527 posteriorem.
841 1486 883 1520 Et
894 1487 1051 1520 Hermias
1061 1488 1221 1521 Zozome-

333 1545 396 1567 nus
409 1533 519 1568 scribit
532 1547 539 1568 :
568 1536 706 1578 ,Quidam
716 1544 884 1568 memorant
894 1538 1076 1568 Eunomium
1083 1542 1217 1576 primum

269 1614 279 1632 9
336 1581 439 1626 ausum
464 1584 516 1627 esse
543 1586 664 1627 offerere
690 1586 831 1617 divinum
842 1581 1044 1627 Baptismatis
1063 1586 1219 1618 lavacrum

334 1638 422 1673 unica
446 1633 623 1675 immersione
650 1633 752 1666 debere
758 1640 887 1676 peragi„
911 1633 1009 1674 sicque
1029 1636 1220 1666 traditionem

334 1683 372 1719 ab
383 1682 576 1724 Apostolorum
588 1682 766 1723 temporibus
777 1682 823 1713 ad
832 1681 883 1713 boc
894 1680 982 1722 usque
994 1689 1112 1721 tempus
1127 1680 1220 1723 obser-

336 1741 444 1770 vatam
457 1731 574 1774 violaffi
587 1757 595 1765 .
624 1735 663 1763 At
678 1732 798 1771 verius,
825 1731 911 1764 credo
924 1754 935 1769 ,
962 1736 1007 1763 uti
1033 1735 1125 1763 etiam
1150 1731 1219 1763 aliis

337 1784 460 1817 videtur
473 1807 483 1823 ,
510 1783 612 1814 dicunt
622 1780 674 1822 bi,
696 1786 746 1823 qui
757 1782 885 1815 tradunt
899 1779 1131 1821 Theophronium
1143 1784 1219 1822 Cap-

330 1834 475 1875 padocem
485 1853 496 1870 ,
521 1833 555 1864 (ς’
568 1830 741 1869 Eutychium
755 1854 766 1870 ‚
791 1830 874 1871 istius
886 1830 1122 1870 setta-fautores
1134 1855 1144 1870 ,
1156 1842 1220 1863 cum

332 1879 367 1925 ‘se
376 1882 414 1915 ab
426 1885 573 1914 Eunomia
584 1878 746 1924 divififfi’nt
757 1905 768 1921 ‚
797 1880 939 1914 nonnulla
951 1891 1016 1913 cum
1042 1881 1113 1913 aliis
1123 1884 1153 1912 E
1155 1892 1220 1913 uno-

335 1925 391 1966 ‘mii
403 1935 537 1966 Decretis
551 1955 562 1972 ,
593 1936 703 1963 tamin
723 1929 809 1972 sacro
819 1928 1011 1972 Baptismate
1037 1942 1146 1963 novare
1170 1942 1219 1965 coe-

333 1983 406 2026 piffe
419 2006 430 2022 ,
456 1992 513 2014 non
525 1985 557 2013 in
570 1983 751 2012 Trinitatem
761 2004 772 2021 ‚
795 1978 852 2022 sed
870 1986 904 2013 in
917 1979 1025 2020 christi
1037 1988 1158 2013 mortem
1169 1982 1220 2025 esse

332 2029 554 2074 'baptizandum
564 2031 736 2074 afferentes.
765 2033 947 2064 Eunomium
955 2040 1056 2064 autem
1069 2030 1123 2064 hac
1142 2036 1175 2063 in
1189 2043 1219 2064 re

335 2081 417 2117 nihii
439 2081 584 2124 novasse.
621 2079 714 2115 Alias
741 2079 976 2123 Theophronii
1003 2082 1035 2113 δε
1063 2079 1219 2123 Eutychii

333 2144 440 2178 nugas
466 2132 503 2165 in
530 2131 677 2174 sequenti
703 2131 789 2167 libro
815 2130 913 2165 latius
940 2129 1099 2173 exponit.
1129 2131 1218 2164 Etin

335 2194 454 2229 quarto
482 2181 703 2216 haereticarum
716 2180 899 2215 fabularum
927 2180 1013 2215 libro
1024 2179 1221 2215 Theodore-

334 2244 406 2269 tus:
435 2236 602 2266 Eunomius
614 2230 715 2275 sancii
726 2230 928 2274 Baptismatt's
940 2231 1030 2275 legem
1047 2232 1114 2263 olim
1125 2232 1144 2263 ἂ
1162 2234 1219 2263 Do-

336 2290 416 2321 mino
441 2285 475 2317 ⁴&
502 2282 641 2324 Apostolis
666 2283 812 2314 traditam
823 2287 954 2322 evertit,
980 2283 1015 2315 (ν’
1041 2286 1221 2314 contrariam

336 2336 441 2377 aperte
448 2331 557 2377 sanxit
571 2357 582 2372 ‚
608 2334 708 2366 dicens
719 2343 775 2364 non
791 2340 919 2378 oportere
940 2340 987 2365 ter
1009 2333 1094 2364 illum
1105 2338 1217 2364 immer-

333 2396 403 2429 gere
422 2389 472 2427 qui
489 2383 662 2426 baptizatur
676 2407 686 2423 ‚
713 2394 766 2416 nec
783 2377 924 2416 invocare
945 2384 1124 2414 Trinitatem
1137 2404 1147 2420 ,
1165 2380 1225 2424 sed

331 2434 425 2478 semel
435 2434 590 2476 baptizare
602 2439 634 2466 in
646 2432 757 2474 christi
777 2441 916 2468 mortem.
949 2434 1153 2474 Baptizantes
1173 2443 1222 2465 ve-

337 2483 371 2519 ro
383 2483 471 2527 usque
481 2485 526 2516 ad
532 2484 637 2526 pec‘lus
647 2495 727 2526 aqua
738 2482 942 2524 madefaciunt
955 2506 967 2522 ‚
992 2483 1114 2524 reliqui-s
1125 2490 1224 2515 autem

335 2533 475 2576 partibus
488 2535 637 2575 tanquam
647 2534 822 2566 execrandis
832 2545 944 2575 aquam
964 2533 1107 2565 adbibere
1126 2531 1225 2573 prohi-

339 2584 410 2622 bent
423 2607 430 2615 .
459 2585 532 2626 ‚Qua
545 2584 581 2615 de
591 2582 679 2624 causa
693 2608 703 2622 ‚
727 2584 846 2624 quando
877 2588 909 2615 in
928 2581 997 2624 solio
1006 2582 1204 2623 baptizabant
1215 2606 1224 2621 ,

340 2634 488 2670 bominem
500 2634 589 2665 extra
600 2633 682 2665 illum
687 2632 854 2672 statuentes
868 2656 879 2672 ,
904 2633 968 2672 eius
979 2639 1068 2672 caput
1083 2631 1172 2674 usque
1183 2633 1227 2663 ad

339 2683 446 2727 peHus
463 2680 558 2725 semel
581 2688 614 2714 in
635 2693 743 2724 aquam
755 2682 960 2723 deprimebant
972 2706 980 2714 .
1011 2679 1165 2722 Postquam
1176 2692 1227 2713 au-

344 2744 406 2769 tem
417 2737 538 2776 contigit
545 2729 678 2774 sauciari
689 2738 856 2774 quempiam
868 2735 963 2773 capite
975 2732 1021 2763 ad
1033 2729 1139 2773 solium
1164 2733 1229 2764 alli-

343 2782 376 2827 so
388 2808 399 2824 ,
424 2783 510 2816 aliud
515 2793 606 2826 genus
620 2781 809 2825 baptismam
820 2788 1021 2824 excogitarunt
1033 2807 1040 2813 .
1069 2785 1105 2813 In
1119 2779 1228 2824 subsel-

347 2831 390 2873 'lio
401 2838 479 2867 em'm
490 2833 616 2874 quodam
623 2840 747 2874 pronum
760 2833 954 2865 extendentes
963 2857 973 2872 ,
1001 2833 1036 2865 (⁴2⁶
1057 2832 1147 2864 extra
1155 2830 1230 2863 illud

170 538 242 565 Part.
258 543 282 563 1.

167 576 284 612 (2·¹942

155 1216 228 1254 Cati.
248 1224 294 1252 50.

157 2092 223 2123 nb.
245 2101 272 2127 7.

156 2137 232 2172 gap.
254 2141 296 2169 179

348 2891 437 2927 caput
463 2887 607 2926 erigentes
632 2907 643 2922 ‚
669 2893 779 2924 aquam
803 2881 971 2923 infundunt
998 2905 1009 2921 ‚
1035 2893 1101 2923 quae
1117 2880 1237 2914 nullum*

347 2931 436 2973 aliud
445 2932 607 2967 membrum
618 2937 761 2975 attingit.
789 2932 924 2975 ‚Quidam
934 2933 1004 2964 vero
1015 2932 1126 2964 illorum
1136 2931 1228 2964 alium

349 2989 440 3019 etiam
451 2981 656 3026 Baptismatisv
664 2983 779 3014 modum
792 2988 977 3015 invenerunt.
1003 2986 1139 3015 Taem'am
1150 2986 1227 3014 enim

355 3035 541 3078 longiffimam
547 3040 761 3075 praeparantes
774 3056 784 3072 ‚
810 3033 844 3065 (5
855 3030 932 3064 hanc
949 3029 1148 3074 consecrantes
1157 3054 1169 3071 ,
1193 3041 1228 3063 ea

354 3082 498 3119 bominem
509 3082 600 3127 usque
612 3084 655 3116 ad
662 3093 740 3126 ungu
746 3094 776 3116 es
788 3082 949 3115 involvunt
960 3106 971 3122 ‚
996 3083 1015 3113 ἃ
1034 3081 1151 3123 ρεέῖονε
1160 3084 1229 3112 inci-

350 3137 467 3172 pientes
482 3157 492 3173 ,
517 3143 605 3176 atque
628 3139 674 3166 isa
686 3133 794 3166 deinde
812 3143 921 3175 aquam
943 3130 1130 3172 infundunt.
1157 3133 1228 3162 Haec

354 3176 454 3218 ><itatem
464 3184 634 3216 indicarunt
646 3207 656 3222 ,
683 3188 735 3225 qui
746 3193 843 3215 eorum
868 3187 1050 3224 impietatem
1055 3180 1205 3224 fugientes
1217 3203 1227 3219 ,

358 3232 418 3262 Dei
429 3230 511 3268 nostri
522 3233 625 3266 ovibus
632 3231 666 3275 fe
678 3227 900 3274 adjunxerunt.
916 3232 1089 3266 Consonat
1100 3231 1229 3264 Sanetus

358 3277 562 3323 Epiphanius
584 3295 594 3313 .·
618 3285 783 3315 Eunomius
813 3294 859 3316 eos
879 3305 891 3321 ‚
915 3288 967 3324 qui
993 3281 1141 3323 baptizati
1157 3281 1229 3321 jam

354 3328 481 3371 ficerunt
495 3350 506 3366 ‚
532 3335 638 3362 iterum
647 3332 784 3372 baptizat
797 3358 807 3373 ,
834 3343 891 3365 non
908 3332 991 3365 modo
1001 3337 1052 3374 qui
1073 3333 1093 3363 ῐι
1105 3328 1231 3363 Catholi-

355 3378 405 3423 'fis
428 3385 481 3410 «Μ
491 3375 529 3408 ab
542 3377 610 3407 “¹¹75
621 3375 771 3416 haerefibm
782 3406 792 3421 ,
813 3380 871 3423 sed
880 3393 926 3415 eos
938 3388 1027 3415 etiam
1041 3387 1092 3423 qui
1105 3380 1143 3412 ab
1154 3378 1228 3421 ipfis-

362 3435 425 3472 ‚enet
434 3431 554 3462 Arianis
565 3425 722 3469 deficiunt.
750 3432 877 3475 Repertis
898 3433 968 3471 vero
988 3433 1068 3471 illius
1082 3427 1233 3472 Baptismi

182 3151 242 3184 Lib.
253 3153 299 3185 76.

180 3194 264 3232 (jap.
273 3195 300 3220 ⁶·

941 140 1576 199 DrssuRrArto

1289 245 1325 273 ea
1331 233 1464 275 formula
1474 231 1530 273 est:
1559 235 1596 265 In
1608 235 1723 267 nomine
1733 236 1796 268 Dei>
1801 239 1924 269 increati
1935 261 1947 276 ‚
1963 239 1997 274 θ
2006 242 2039 275 tn
2049 245 2164 275 nomme

1291 285 1366 316 Filii
1375 288 1469 316 creati
1485 306 1496 322 ,
1521 283 1554 316 (et
1566 288 1598 315 in
1608 290 1725 317 nomine
1736 283 2105 333 Spiritussantffficanffi,
2130 293 2165 325 (γ

1288 337 1308 365 a
1319 343 1414 366 creato
1428 334 1507 366 Filio
1512 339 1658 375 procreati
1674 358 1681 365 .
1712 337 1804 377 Atque
1813 341 1847 367 ut
1856 344 1919 368 tota
1929 336 2042 372 illorum
2048 340 2140 379 fraus
2151 366 2164 382 ‚

1287 395 1321 415 ac
1326 381 1451 425 scmicae
1462 384 1545 416 velut
1556 391 1649 424 artes,
1665 382 1843 425 &fallacia
1850 390 1972 427 penitus
1986 394 2164 430 appareant,

1287 434 1320 466 et
1332 434 1367 464 id
1375 435 1490 466 omnino
1499 433 1603 475 constet
1616 445 1672 467 non
1679 434 1772 477 fidem
1780 434 1830 477 effi·
1839 436 1921 478 quod
1927 435 2163 484 tiltpraedtcant,

1281 481 1338 525 sed
1363 482 1541 523 Histrionum
1565 486 1708 526 offlinam
1720 508 1732 525 ‚
1753 483 1827 528 sunt
1847 490 1898 528 qui
1907 495 2031 520 narrent
2046 511 2057 527 ‚
2083 497 2166 531 quot·

1286 542 1357 575 quot
1382 533 1421 565 ab
1446 538 1489 565 eis
1513 535 1608 568 denuo
1622 535 1839 576 baptizantur,
1864 540 1898 569 in
1911 545 2001 580 caput
2014 537 2165 582 demergi,

1280 583 1411 625 pedihus
1434 588 1467 616 in
1481 581 1608 626 sublime
1618 584 1786 628 porreHis.
1817 584 1862 619 Et
1883 588 1920 620 in
1942 585 2164 623 Ecclesiastica'
2179 586 2290 623 Pol-3³·

1284 632 1432 667 Historia
1446 632 1633 668 Anastafius
1645 634 1923 670 Bibliothecarius
1938 650 1945 669 :
1972 641 2086 679 Impius
2097 642 2164 672 Eu-

1284 688 1397 717 nomius
1412 681 1599 726 praesumpfit
1623 691 1656 717 in
1665 697 1726 718 una
1735 685 1868 727 merfione
1879 685 2069 730 Baptismum
2093 689 2166 722 cele·

1283 733 1371 767 brare
1382 758 1394 774 ,
1419 745 1476 767 non
1489 739 1521 766 in
1533 737 1684 769 Trinitate
1694 760 1705 776 ‚
1726 733 1785 778 fed
1793 741 1825 769 in
1836 745 1930 770 morte
1951 735 2060 778 Christi
2082 747 2164 781 opor·

1278 790 1343 818 *tere
1354 784 1507 825 baptizari
1519 786 1619 818 dicens
1631 810 1638 818 .
1664 788 1711 819 Et
1725 797 1772 819 eos
1781 810 1793 827 ‚
1820 791 1871 828 qui
1892 792 1924 819 in
1936 790 2085 823 Trinitate
2110 788 2163 821 ba-

1277 838 1508 875 ptizaturum,
1534 835 1764 878 rebaptizabat.
1791 835 1895 884 Qod
1916 838 2021 881 ipsum
2041 837 2164 873 eisdem

1283 883 1346 918 fere
1360 884 1466 918 verbis
1476 884 1585 919 scribit
1604 886 1635 919 S.
1649 884 1873 928 Theophanes
1885 911 1894 918 .

1292 952 1294 954 v
1331 932 1476 967 Proinde
1487 935 1592 968 varius
1603 935 1666 969 fuit
1677 936 1837 970 Eunomii
1849 937 2008 970 excessus.
2036 936 2166 980 Primo,

1282 982 1372 1026 quod
1384 982 1614 1026 Apostolicum
1624 984 1715 1018 trinae
1725 985 1936 1020 immersionis
1949 987 2047 1020 ritum
2062 998 2167 1022 muta-

1284 1043 1330 1067 ret
1357 1033 1391 1066 in
1419 1032 1552 1066 unicam
1570 1058 1577 1066 .
1617 1033 1771 1067 Secundo
1796 1057 1808 1074 ‚
1835 1035 1926 1078 quod
1953 1035 2166 1071 immersionis

1282 1082 1419 1116 modum
1432 1092 1592 1117 mutaret.
1620 1082 1695 1117 Nec
1705 1082 1796 1117 enim
1810 1082 1928 1119 stantes
1941 1109 1952 1125 ‚
1981 1086 2036 1119 sed
2064 1087 2098 1122 in
2121 1089 2168 1122 so-

1285 1134 1329 1167 lio
1342 1132 1486 1168 sedentes
1511 1142 1567 1166 aut
1591 1131 1733 1175 jacentes
1757 1133 1941 1178 mergebat.
1971 1133 2046 1170 Nec
2056 1147 2167 1179 totos,

1283 1184 1336 1218 sed
1361 1184 1380 1217 a
1391 1182 1463 1217 solo
1475 1183 1581 1226 capite
1592 1184 1693 1227 usque
1719 1181 1760 1218 ad
1772 1185 1879 1226 peetus
1889 1196 1904 1224 ‚⁹
1929 1183 1964 1217 &
1975 1182 2041 1219 hoc
2059 1187 2169 1230 capito

1285 1234 1414 1268 inverso
1425 1258 1432 1265 .
1458 1232 1589 1278 Nempe
1600 1233 1770 1268 inferiores
1778 1243 1884 1277 partes
1895 1234 1958 1268 effe
1970 1235 2168 1272 execrandas

1282 1284 1315 1318 &
1326 1284 1410 1318 sacra
1425 1283 1590 1318 lavatione
1603 1284 1756 1328 indignas
1769 1282 1919 1319 censebat
1931 1309 1942 1326 ‚
1969 1286 2078 1321 forsan
2089 1297 2168 1322 cum

1283 1333 1488 1368 paternianis
1513 1343 1570 1368 aut
1584 1333 1819 1374 venustianis,
1843 1333 1884 1368 de
1909 1333 2029 1378 quibus
2054 1336 2169 1370 scribit

1285 1384 1318 1418 in
1331 1384 1572 1419 Haereticorum
1582 1384 1736 1428 catalogo
1759 1384 1790 1418 S.
1805 1384 2032 1429 Augustinus:
2062 1388 2168 1419 Pate*

1283 1440 1367 1467 niani
1385 1434 1539 1477 inferiores
1555 1442 1664 1476 partes
1688 1435 1814 1468 humani
1839 1440 1966 1477 corporis
1981 1446 2039 1468 non
2053 1437 2073 1468 ἃ
2084 1438 2168 1476 Deo,

1278 1483 1499 1527 sedaDiabolo
1506 1484 1610 1526 fallas
1630 1491 1788 1527 opinantur
1801 1509 1812 1526 ,
1838 1485 1872 1518 (π
1891 1489 2021 1518 omnium
2049 1496 2087 1519 ex
2108 1485 2169 1519 tilis

1280 1535 1420 1575 partibus
1431 1535 1613 1578 flagitiorum
1638 1537 1789 1570 licentiam
1807 1534 1970 1569 tribuentes
1982 1560 1994 1577 ‚
2020 1535 2172 1578 impurlffl-

1283 1585 1329 1616 me
1339 1588 1452 1616 vivunt
1465 1607 1472 1614 .
1498 1584 1636 1617 Tertius
1650 1585 1812 1620 Eunomii
1824 1587 1969 1621 excessus
1992 1586 2056 1619 fuit
2069 1596 2173 1620 muta-

1283 1634 1331 1666 tio
1355 1633 1511 1666 institutae
1530 1631 1548 1665 ὲ
1577 1633 1730 1667 Domino
1744 1634 1954 1676 Baptismalis
1968 1636 2099 1670 formae.
2126 1635 2171 1669 Et

1284 1679 1362 1712 hinc
1374 1679 1610 1714 Theodoretus
1622 1682 1761 1717 affirmat
1772 1681 1813 1717 ab
1826 1682 1897 1725 ipso
1917 1692 2076 1718 mutatam
2098 1695 2170 1718 non

1284 1727 1458 1762 dumtaxat
1485 1727 1738 1772 Apostolicam,
1763 1729 1818 1765 sed
1843 1732 1879 1765 &
1905 1733 1999 1775 ipfius
2024 1734 2170 1767 Domini

1283 1778 1514 1813 traditionem.
1542 1778 1587 1812 Et
1614 1777 1748 1821 quidam
1773 1779 1808 1826 in
1839 1779 1984 1821 Domini
2009 1781 2171 1822 mortem,

1284 1828 1419 1872 quidam
1432 1829 1467 1862 in
1480 1827 1614 1863 relatam
1639 1828 1657 1862 a
1684 1830 1715 1864 S.
1730 1827 1919 1874 Epiphanio
1932 1826 2170 1876 blasphemiam

1284 1878 1509 1922 baptizarunt.
1538 1878 1634 1912 Prior
1649 1880 1801 1924 impietas
1824 1880 1889 1915 suit
1907 1881 1995 1925 apud
2022 1880 2096 1916 illos
2108 1882 2177 1920 freq

1284 1929 1438 1972 quentior
1463 1953 1471 1961 .
1510 1929 1605 1963 Hinc
1630 1931 1719 1964 enim
1746 1929 1896 1963 laudatus
1928 1930 2177 1975 Apostolorum

1285 1979 1405 2014 Canon
1431 1977 1582 2022 adjungit
1597 1993 1608 2012 .·
1634 1983 1708 2013 Non
1733 1980 1990 2020 dixttDominus,
2021 1984 2060 2014 ln
2077 1989 2172 2015 morta

1284 2041 1350 2062 mea
1375 2028 1550 2071 baptizate,
1572 2027 1632 2072 sed
1657 2032 1775 2063 Euntes
1801 2029 1900 2063 docete
1916 2038 2017 2063 omnes
2038 2038 2169 2073 gentes,

1284 2079 1479 2121 baptizantes
1504 2090 1551 2111 eos
1573 2102 1583 2118 ,
1612 2085 1644 2111 in
1667 2084 1779 2111 nomine
1802 2081 1929 2120 P-atris,
1954 2080 1989 2112 ό·
2008 2080 2107 2120 Filii,
2133 2081 2172 2113 ἐς·

1284 2130 1415 2171 Spiritus
1439 2128 1558 2161 Sam‘li.
1587 2128 1681 2161 Hinc
1704 2130 1784 2163 item
1795 2127 2173 2173 Constantinopolitana

1285 2177 1439 2221 Synodus
1453 2203 1463 2218 ‚
1488 2174 1645 2212 'Hermias
1656 2177 1867 2213 Zozomenus
1879 2203 1890 2218 ,
1917 2190 1955 2214 ae
1970 2178 2026 2213 alii
2038 2179 2173 2223 antiqui

1288 2229 1466 2272 Scriptores
1493 2228 1744 2263 Eunomianum
1772 2228 1937 2272 Baptisma
1977 2230 2173 2266 censuerunt

1288 2279 1415 2312 nullutn
1441 2290 1481 2312 ac
1493 2276 1730 2312 exsufflandam
1744 2304 1751 2310 .
1780 2278 1983 2313 Theodorus
1994 2278 2174 2313 Balsamom

1286 2330 1319 2362 ὅ(
1331 2328 1387 2362 alii
1401 2327 1500 2362 hodie
1511 2327 1715 2362 Schismatici
1725 2329 1828 2362 Graeci
1841 2328 1971 2371 peffime
1980 2328 2172 2363 existimant

1288 2378 1420 2413 unicam
1432 2378 1649 2421 quorumdam
1661 2377 1760 2412 hodie
1775 2378 1974 2414 Latinorum
1996 2379 2171 2414 immerno-

1289 2441 1362 2463 nem
1377 2429 1417 2463 ab
1428 2429 1551 2464 eisdem
1573 2428 1782 2472 praedamnari
1808 2440 1846 2463 ac
1856 2429 2022 2464 exsufflari
2035 2454 2045 2463 .

1339 2478 1479 2524 Egregie
1491 2479 1555 2512 hoc
1567 2480 1654 2513 lucet
1665 2490 1707 2512 ex
1721 2479 1890 2522 Rescripto
1898 2479 2023 2524 Pelagii
2034 2476 2171 2513 secundi

1290 2530 1464 2564 pontificis
1475 2528 1515 2563 ad
1527 2528 1753 2563 Gaudentium
1769 2529 1966 2573 Episcopum
1976 2551 1984 2558 .
2012 2529 2052 2560 In‘
2063 2527 2173 2569 Illyri·

1289 2592 1330 2615 co
1356 2579 1440 2613 circa
1451 2579 1618 2622 Syrmium
1644 2591 1682 2614 ac
1700 2578 1920 2623 Singidunum
1945 2576 2170 2621 grassabantur

1291 2630 1443 2664 Haeretici
1470 2629 1649 2664 Bonofiani
1673 2654 1685 2670 ,
1711 2630 1746 2663 &
1771 2630 1806 2661 in
1833 2628 1931 2661 unica
1958 2625 2170 2668 baptizabant

1291 2681 1473 2714 merfione:
1499 2677 1645 2725 Qidam
1676 2679 1710 2710 in
1739 2676 1838 2710 solius
1865 2674 1988 2710 Christi
2008 2676 2168 2718 nomine,

1291 2730 1425 2773 quidam
1438 2730 1472 2763 in
1485 2728 1620 2762 nomine
1633 2727 1730 2759 trium
1741 2725 1946 2760 Divinarum
1956 2726 2168 2768 personarum.

1292 2780 1385 2816 Hinc
1410 2777 1451 2812 de
1477 2775 1686 2810 redeuntibus
1712 2775 1753 2808 ad
1770 2774 1950 2808 Ecclesiam
1962 2774 2172 2810 Gaudentius
2214 2783 2222 2787 ·

1292 2828 1466 2862 haefitavit:
1496 2825 1553 2859 An
1566 2837 1621 2869 per
1634 2836 1755 2858 novum
1769 2823 1927 2868 baptisma
1939 2825 2041 2859 effent
2052 2823 2170 2859 admit-

1289 2877 1381 2911 tendi
1402 2900 1412 2916 ‚
1438 2887 1479 2909 an
1500 2887 1554 2918 per
1577 2876 1679 2908 solam
1710 2875 1964 2918 paenitentiam?
1991 2874 2036 2908 Et
2058 2873 2175 2907 Ponti·-

1291 2927 1343 2961 fex
1366 2926 1550 2970 respondit:
1572 2927 1605 2958 Si
1623 2936 1731 2958 revera
1741 2924 1775 2957 bi
1799 2926 1836 2958 de
1844 2924 1988 2967 praefatis
1997 2922 2147 2969 bqretic-is
2158 2947 2173 2965 2

1292 2982 1342 3020 qui
1352 2983 1385 3009 in
1396 2978 1463 3010 locis
1476 2975 1634 3008 Dilec‘liont’
1644 2983 1705 3008 tuae
1716 2974 1870 3015 destinatis
1881 2978 2051 3008 commorari
2071 2973 2174 3006 dicun-

1291 3036 1341 3061 tur
1366 3052 1376 3067 ‚
1408 3025 1590 3069 solummodo
1607 3024 1641 3068 se
1661 3030 1694 3058 in
1716 3030 1833 3059 nomine
1856 3027 1977 3058 Domini
1997 3023 2172 3064 baptizatos

1288 3077 1370 3120 fuiffe
1375 3075 1504 3119 forsitan
1514 3074 1686 3116 confitentur
1699 3099 1709 3114 ‚
1728 3074 1791 3116 fine
1798 3072 1951 3116 cujusdam
1975 3073 2176 3112 dubitationi-t>

1291 3127 1425 3171 ambiguo
1451 3137 1498 3160 eos
1524 3127 1571 3159 ad
1588 3124 1775 3158 catholicam
1782 3123 1874 3165 fidem
1891 3127 2046 3156 venientes
2056 3121 2172 3165 sanffae

1273 3159 1457 3216 iTrtnttatis
1486 3180 1602 3208 nomine
1613 3175 1803 3217 baptizabis.
1830 3175 1882 3206 sin
1899 3175 1971 3216 vero
1997 3174 2082 3215 apud
2092 3172 2173 3205 Dile-

1291 3228 1414 3262 &onem
1424 3235 1509 3259 tuam
1523 3237 1618 3260 eorum
1643 3231 1696 3268 qui
1707 3228 1836 3257 comerti
1862 3218 1966 3259 volunt
1976 3247 1987 3263 ‚
2013 3219 2169 3265 manifista

1293 3278 1455 3320 confeffione
1468 3278 1629 3314 claruerit,
1654 3274 1733 3317 quod
1744 3279 1776 3306 in
1786 3276 1949 3306 Trinitatis
1971 3277 2084 3306 nomine
2102 3269 2171 3311 sue-

1296 3334 1357 3362 rint
1376 3328 1548 3368 baptizati,
1568 3324 1636 3368 jola
1659 3325 1871 3356 conciliationis
1886 3328 1992 3368 gratia
2011 3319 2146 3362 impensa
2158 3343 2170 3359 ‚

1297 3377 1457 3411 Catholicae
1476 3376 1658 3410 reconciliare
1681 3373 1751 3416 fidei
1766 3374 1942 3407 maturabis.
1971 3369 2086 3403 Palam
2098 3380 2173 3407 cene

1296 3430 1342 3463 set
1371 3429 1389 3462 -ῖι
1411 3427 1482 3462 solo
1502 3424 1593 3462 trinae
1608 3425 1813 3460 demersionis
1831 3421 1956 3462 defedlu
1967 3419 2171 3463 Baptismum

2050 3480 2120 3508 non
