2352 3736
28 2587 30 2623 3
69 2574 139 2609 :teg-
159 2580 183 2606 ς,

28 2634 30 2641 s
69 2621 137 2650 cap·
161 2621 186 2641 ι.

640 149 1174 200 *Ducenium

235 233 530 288 mifffe'me'memini.
557 242 596 271 Ut
616 237 654 272 ab
674 236 730 271 bac
743 237 884 279 pestifera
905 236 1038 269 dollrina
1061 232 1116 277 ces-

231 293 316 338 sares
328 316 340 333 ‚
362 290 463 324 debita
473 289 638 323 bumilitate
645 287 778 332 suggeffi.
808 292 916 328 Nuper
927 295 1026 320 autem
1036 284 1119 328 apud

235 340 591 380 Auximumconstitutus,
619 341 638 372 ἃ
642 338 779 381 pluribus
790 339 901 377 didici,
927 342 998 378 quia
1023 341 1119 368 intua

231 392 332 426 adhue
372 390 562 424 nibilominus
583 395 742 422 intentione
758 386 966 426 obstinatrffime
983 384 1121 428 persisve·

233 455 288 475 ras
300 466 311 481 ,
343 443 379 475 (τ
399 451 499 475 contra
514 442 631 473 divina
651 434 951 482 iegis'auuoritatem
973 460 984 475 ‚
1018 445 1120 468 contra

234 490 439 532 Ecclestasticae
454 489 668 534 consuetudinis
680 498 814 520 normam
825 510 837 526 ,
864 486 965 519 eadem
978 487 1124 529 dogmati·

233 553 307 576 zare
317 552 373 574 non
383 541 489 584 ceffas.
518 539 645 574 Eodem
657 535 696 569 de
707 547 811 569 errore
826 537 994 579 -suspestus
1018 537 1120 569 fuerat

233 591 352 625 Guido
372 590 546 624 Numanus
568 588 770 629 Episcopus,
795 597 909 619 verum
932 586 1043 619 deillo
1056 594 1123 625 per-

230 642 285 687 git
306 640 454 674 laudatus
475 637 588 671 Petrus
611 636 767 669 Damiani
787 648 794 666 :
832 639 991 668 Dominum
1013 634 1123 666 Guido-

233 703 304 725 nem
325 695 502 723 Numanum
524 684 704 729 Episcopum
724 691 756 718 in
776 689 909 718 Romano
934 685 1060 717 Concilio
1081 695 1123 716 re-

231 746 299 786 peri
315 760 330 780 3
366 740 400 771 (9
422 742 496 779 quia
515 737 564 770 ille
585 741 778 769 incitamenta
799 736 933 776 praebere
959 734 1023 766 huic
1049 737 1124 766 vitio

234 789 384 824 dicebatur
401 811 412 827 ‚
432 786 535 827 fateor
551 794 703 828 peccatum
733 796 856 824 sancum,
883 785 957 816 dure
976 782 1017 816 vin
1040 783 1123 815 illum

230 834 393 884 succensere
398 835 579 879 praesumpfi
585 861 591 867 .
618 837 671 868 Ille
683 840 825 868 nimirum
836 838 886 867 vir
897 835 999 877 dignae
1010 832 1124 865 bumili-

234 893 311 922 tatis
322 889 522 928 &patientia
538 909 547 924 ‚
558 897 561 899 ·
574 886 607 918 (u
620 881 882 927 nonfhlumsacris
898 884 1020 926 eloquiis
1036 907 1047 923 ‚
1067 881 1127 926 [ελ

233 944 326 973 etiam
347 935 512 970 liberalium
537 939 648 968 artium
658 959 661 963 .
665 933 778 974 studiis
803 935 940 969 eruditus
962 958 973 974 ‚
1009 931 1125 977 insugil-

231 989 348 1022 lantem
370 986 487 1028 quidem
511 996 557 1018 me
571 991 724 1027 patienter
745 984 817 1017 tulit
829 1008 842 1024 ,
866 983 969 1024 objeiii
990 985 1060 1018 vero
1072 989 1123 1017 cri-

234 1042 329 1072 minis
348 1037 461 1079 culpam
481 1037 614 1079 negando
637 1060 649 1076 ‚
675 1034 841 1074 detestando
861 1058 872 1074 ‚
912 1036 968 1067 Dei
1003 1033 1127 1072 testimo-

236 1093 321 1120 nium
341 1087 548 1128 implorando,
575 1083 753 1127 disertzffime?
773 1083 986 1127 propulsavit.
1014 1083 1126 1116 Plures

236 1145 346 1170 tamen
359 1146 414 1179 per
424 1134 551 1169 ltaliam
567 1134 719 1178 Episcopi
735 1134 887 1168 videntur
897 1134 994 1167 errori
1008 1133 1126 1166 favisse.

236 1186 285 1221 Et
297 1186 435 1219 Maurus
449 1185 630 1228 Episcopus
641 1195 709 1217 non
723 1185 786 1218 fuit
796 1184 864 1226 ejus
887 1185 1012 1217 Austor
1023 1208 1030 1214 .
1058 1182 1129 1217 Au-

235 1238 311 1270 ἂοι·
330 1245 399 1269 erat
420 1234 586 1272 occultus,
611 1233 716 1268 latens
727 1233 776 1268 uti
797 1234 882 1277 aspis
893 1235 928 1267 in
947 1233 1127 1267 foramine.

289 1283 395 1332 Qud
408 1283 596 1318 Monastica
611 1284 761 1328 professio
782 1284 818 1317 fit
841 1284 928 1327 quafi
952 1282 1128 1318 secundum

237 1334 399 1379 baptisma
422 1359 434 1374 ,
470 1332 611 1377 ideoque
633 1345 750 1368 omnes
772 1345 840 1368 non
864 1334 972 1367 solum
994 1333 1130 1376 culpas,

237 1385 295 1420 :sed
314 1383 410 1418 &his
422 1385 455 1416 in
471 1385 577 1418 futura
601 1383 668 1417 vita
687 1382 812 1418 debitas
834 1395 943 1427 poenas
963 1384 1107 1417 remittat
1119 1407 1130 1423 ,

237 1436 296 1470 seu
307 1446 365 1477 pro
378 1434 450 1478 ipfis
463 1433 654 1475 satisfaciat,
681 1432 728 1467 est
748 1442 834 1467 certa
849 1445 887 1467 ac
901 1441 1051 1477 perpetua
1067 1434 1130 1466 Ec-

238 1485 343 1520 clefiae
352 1483 514 1518 dostriua.
537 1483 676 1517 ‘Etenim
686 1481 727 1516 de
750 1483 869 1519 Sansto
881 1483 1035 1516 Antonio
1060 1483 1131 1515 scti-

239 1535 292 1569 bit
303 1534 338 1567 in
350 1533 419 1577 ejus
431 1533 496 1568 vita
508 1533 654 1577 Magnus
665 1531 862 1566 Athanasius
876 1545 883 1563 ε
911 1532 1019 1563 Cibum
1029 1538 1128 1571 captu·

238 1595 296 1617 rus
310 1588 473 1623 Antonius,
497 1580 736 1624 cumsurrext'ffl’t
751 1582 902 1623 quondam
914 1582 959 1613 ad
962 1589 1067 1622 preces
1082 1579 1130 1612 bo-

238 1644 308 1668 ram
317 1638 433 1666 circiter
443 1643 572 1671 nonam,
601 1629 733 1673 mentese
752 1639 874 1673 raptum
893 1629 1000 1673 senfit.
1028 1631 1131 1674 ,Quod-

239 1694 299 1726 que
307 1680 525 1725 suspiciendum
534 1706 544 1720 ‚
562 1680 647 1721 stans
658 1683 740 1713 vidit
746 1679 877 1723 seipsum
886 1688 1031 1722 tanquam
1042 1689 1132 1712 extra

237 1731 323 1776 sese,
347 1729 655 1774 atqueaqu'tbusdam
666 1730 748 1763 velut
759 1736 792 1762 in
803 1741 901 1763 aerem
922 1731 1048 1769 deduci,
1077 1729 1131 1761 ibi·

240 1784 364 1823 demque
375 1789 467 1815 tetros
480 1781 629 1813 nonnullos
641 1781 674 1814 (θ’
683 1780 830 1813 terribiles
840 1779 980 1821 confistere
994 1803 1003 1819 ‚
1032 1776 1131 1819 transt·

240 1842 306 1865 tum
315 1834 381 1874 ejus
403 1839 437 1863 ut
450 1832 631 1872 impedirent
643 1854 653 1870 ‚
679 1829 890 1864 reluctantibus
912 1831 981 1862 vero
1001 1825 1131 1871 ejusdem

241 1882 366 1915 ducibus
380 1905 391 1922 ,
415 1881 602 1921 expostulare
612 1880 674 1919 illi,
708 1879 791 1922 quafi
796 1878 935 1912 obnoxius
957 1877 1022 1920 ipsis
1044 1879 1108 1921 efflet
1124 1903 1131 1910 .

240 1936 375 1973 Cumque
412 1936 541 1963 rationes
565 1932 584 1962 ἃ
606 1935 782 1963 nativitatis
808 1931 927 1962 exordio
952 1927 1132 1971 deposcerent

239 1981 485 2023 conferrentque‚
514 1981 605 2013 iidem
627 1984 746 2012 Antonii
771 1980 857 2012 duces
875 1978 1068 2020 prohibuere,
1099 1988 1132 2011 ac

240 2032 345 2064 dixere
357 2031 498 2071 culpamzi
510 2031 609 2062 natali
620 2030 667 2062 die
677 2040 790 2062 omnem
802 2029 937 2072 delevisse
948 2033 1108 2062 Dominum
1123 2052 1133 2068 ‚

241 2083 329 2115 licere
349 2087 446 2113 autem
466 2079 526 2112 illis
550 2081 570 2112 a
592 2079 792 2112 Monacbatus
810 2087 943 2120 tempore
955 2102 966 2117 ‚
991 2079 1024 2112 (ἓν
1044 2079 1064 2109 ἃ
1076 2089 1131 2119 quo

239 2128 272 2173 se
292 2133 352 2163 Deo
371 2128 551 2172 consecraffet
576 2154 588 2171 ,
620 2131 817 2172 primordium
847 2129 984 2172 exigendi
1012 2135 1131 2169 capere.

242 2180 325 2214 Non
339 2179 535 2214 Athanafius
545 2204 556 2220 ‚
585 2178 638 2214 sed
650 2180 759 2215 Sansti
773 2178 896 2223 Ange-li
908 2177 1131 2212 Doemonibus

241 2229 441 2272 respondent
450 2228 595 2263 Antonii
607 2231 751 2265 rationes
764 2230 781 2263 ὲ
793 2229 928 2271 suscepti
950 2226 1131 2261 Monaeha-

242 2288 295 2313 tus
316 2279 454 2313 exordio
491 2278 719 2314 inchoandas:
762 2278 852 2323 quod
878 2288 994 2320 nempe
1015 2288 1131 2314 omnes

243 2329 365 2372 priores
388 2329 490 2372 lapsus
512 2329 572 2363 ista
597 2329 745 2373 professio
768 2328 946 2372 pleniffime
970 2326 1127 2362 diluisset.

242 2380 288 2412 Et
312 2379 346 2412 in
370 2378 500 2412 novella
519 2379 560 2413 ad
573 2378 797 2424 Epiphanium
825 2378 1131 2421 Constantinopoli-

241 2439 358 2462 tanum
383 2427 605 2463 patriarcham
629 2429 702 2475 lege
727 2429 836 2464 scribit
858 2427 1130 2472 Justinianuslm-

242 2489 384 2522 perator:
412 2477 654 2522 Conversarionis
676 2479 863 2513 Monacbalis
887 2484 956 2512 vita
969 2477 1010 2519 fic
1034 2478 1072 2518 est
1082 2477 1129 2511 bo-

241 2528 343 2569 nesta,
362 2526 402 2569 fic
419 2531 622 2563 commendare
644 2536 729 2564 novit
740 2532 799 2562 Deo
825 2531 871 2563 ad
888 2528 937 2561 boe
961 2534 1129 2562 venientem

242 2577 387 2611 bominem
399 2602 409 2619 ‚
436 2587 469 2612 ut
480 2590 592 2612 omnem
601 2582 719 2622 quidem
732 2579 896 2614 humanam
910 2582 972 2619 eJus
985 2580 1129 2614 maculam

243 2629 376 2671 detergat
403 2650 414 2666 ,
445 2637 558 2670 purum
583 2638 684 2663 autem
710 2631 837 2664 declaret
857 2655 868 2670 ‚
894 2641 930 2662 ac
957 2629 1129 2664 rationabili

245 2686 364 2711 natum
386 2679 536 2714 decentem
555 2704 565 2720 ‚
594 2681 629 2714 &
657 2680 794 2722 plurima
811 2679 975 2724 secundum
1001 2688 1130 2714 mentem

244 2735 414 2770 operantem
435 2752 446 2766 ,
484 2730 517 2762 (a
553 2729 690 2763 humanis
717 2731 938 2775 cogitationibus
969 2726 1125 2771 celfiorem.

244 2776 366 2812 Scribit
384 2787 426 2809 ex
446 2780 615 2811 communi
639 2780 817 2815 Orientalis
838 2781 984 2815 Ecclefiae
1005 2782 1130 2814 senten-

244 2827 312 2861 tia:
340 2825 498 2859 Novellas
509 2826 753 2863 enimdesacris
765 2831 957 2875 rebusleges
979 2831 1072 2864 fuisse
1094 2831 1128 2864 il·

244 2877 272 2911 li
287 2876 328 2910 ab
344 2875 552 2910 assidentibus
573 2876 758 2912 douiffimis
777 2880 948 2923 Episcopis
971 2881 1104 2914 dictatas
1118 2906 1128 2921 ‚

242 2926 377 2961 testatur
388 2925 569 2969 Procopius
579 2926 790 2962 Caesareenfis.
808 2930 891 2963 Mon
897 2930 1000 2963 asticae
1012 2931 1128 2973 profes-

244 2976 377 3013 sioniad
401 2976 512 3010 omnia
534 2977 726 3010 remittenda
747 2989 874 3021 peccata
896 2980 994 3013 inesse
1016 2979 1129 3024 baptis-

241 3027 343 3060 matis
353 3026 506 3060 virtutem
528 3027 709 3061 constanter
731 3027 827 3062 docet
846 3030 947 3063 etiam
969 3027 1128 3066 Theodo-

243 3086 299 3110 rus
321 3075 494 3110 Balsamon
517 3076 551 3109 in
571 3075 824 3111 Commentario
844 3076 1029 3112 duodecimi
1042 3080 1128 3114 Neo-

245 3126 437 3160 caesaroenfis
447 3149 457 3165 ,
477 3127 554 3160 &in
567 3126 820 3160 Commentario
832 3127 983 3162 canonis
994 3129 1128 3172 quadrae

246 3175 361 3220 gefimi
373 3176 476 3209 ossavi
489 3174 754 3221 Carthagineniis
765 3201 773 3211 .

299 3223 452 3267 Ejusdem
464 3226 629 3261 sententiat
650 3228 772 3270 semper
791 3226 851 3260 fuit
874 3227 993 3270 Latina
1017 3227 1130 3264 Eccle-

247 3274 306 3307 fia.
334 3275 469 3309 Etenim
495 3275 535 3308 ad
554 3276 699 3311 nobilem
722 3276 853 3310 viduam
874 3277 1013 3311 Paulam
1037 3279 1128 3321 super

247 3322 383 3359 Blefillae
409 3324 484 3358 filiae
505 3323 598 3359 obitu
621 3325 704 3360 hanc
724 3327 986 3361 consolationem
1009 3328 1126 3370 scripfit

249 3373 383 3408 Sanctus
395 3374 622 3417 Hieronymus
635 3387 641 3406 :
654 3380 747 3409 Nune
755 3380 824 3410 vero
837 3388 899 3410 cum
904 3382 1031 3419 propitio
1040 3377 1127 3410 Chri-

79 3410 140 3448 ΕΡ·
157 3411 202 3439 ²8'
246 3422 289 3463 fla
314 3433 385 3458 ante
406 3433 529 3466 quatuor
542 3424 612 3465 fere
643 3424 755 3468 menses
771 3425 898 3468 secundo
921 3426 955 3471 ft
991 3429 1127 3470 quodam.

347 3473 456 3514 Christ.
472 3478 551 3516 Lupi
562 3480 646 3517 Opcr.
660 3478 736 3507 Toni.
750 3480 797 3509 IV.

1245 166 1268 194 P
1302 168 1330 195 R
1365 164 1382 194 1
1418 166 1450 194 M
1485 166 1514 193 υ
1551 165 1609 193 Μ.
1891 148 1986 212 ’2.73

1175 232 1257 264 modo
1269 231 1407 274 Propost‘ti
1417 230 1573 275 Baptismo
1585 231 1696 264 laverit
1709 255 1720 271 ‚
1743 232 1778 264 (ν
1788 233 1834 264 ita
1844 232 1981 275 deinceps
2002 237 2050 266 vi·

1177 286 1252 314 xerit
1262 304 1272 320 ‚
1297 291 1331 315 ut
1343 285 1453 316 calcato
1465 283 1574 317 mundo
1577 279 1694 324 semper
1717 281 1926 322 Monasterium
1943 288 2053 327 cogita-¹

1177 336 1256 365 verit
1269 356 1280 371 ,
1306 344 1362 365 non
1374 339 1488 367 vereris
1499 344 1535 366 ne
1545 332 1602 365 tibi
1622 331 1763 365 Salvator
1788 332 1890 373 dicat,
1914 327 2054 376 Irasceris

1180 382 1299 423 Paula,
1319 388 1390 424 quia
1396 383 1462 425 filia
1473 392 1526 415 tua
1528 381 1621 423 fabia
1642 381 1681 421 esi
1698 381 1767 423 filia
1787 393 1854 415 mea
1867 382 1882 412 ?
1911 382 1955 416 Et
1975 382 2069 416 anti«

1179 443 1242 475 qua
1253 433 1337 475 apud
1349 433 1520 466 Hibernos
1540 431 1673 465 creandi
1697 431 1859 466 Monachi
1883 432 1989 466 forma
2006 430 2062 467 ha·

1180 481 1233 515 bet
1262 495 1268 513 :
1296 487 1331 515 ln
1354 482 1562 515 Monacborum
1581 482 1827 514 ordinationibus
1850 481 1950 515 Abbas
1975 483 2075 521 debet,

1182 532 1296 574 Mtffam
1308 544 1411 576 agere,
1430 533 1465 565 &
1476 541 1534 565 tres
1547 537 1695 564 orationes
1708 532 1846 574 complere
1861 531 1953 575 super
1975 539 2063 575 caput

1180 593 1274 615 eorum
1287 607 1294 614 .
1320 586 1367 614 Et
1379 592 1505 625 quatuor
1516 581 1580 613 dies
1595 580 1757 613 Monachus
1770 583 1854 615 velat
1865 590 1954 624 caput
1973 583 2065 616 cucul-

1181 634 1211 664 la
1217 631 1289 674 sua.
1318 636 1363 663 Et
1381 632 1508 675 septima
1521 632 1569 663 die
1581 630 1681 663 abbas
1695 631 1781 663 tollat
1803 634 1959 665 velamen.
1987 635 2065 665 Sicut

1182 687 1214 714 in
1226 680 1372 724 baptismo
1385 681 1536 719 Presbyter
1543 678 1668 722 septimo
1681 680 1728 713 die
1740 682 1876 714 velamen
1898 682 2067 723 infantium

1182 730 1304 771 abstollit
1325 756 1335 771 ‚
1357 737 1403 763 ita
1428 732 1460 763 ὃ
1483 729 1583 762 Abbas
1607 729 1693 762 debet
1714 730 1855 763 Monacbo
1876 756 1885 771 ‚
1909 737 1954 764 cui
1964 733 2069 776 secun-

1183 782 1255 814 dum
1277 778 1425 822 baptisma
1447 779 1484 819 est
1487 782 1585 821 juxta
1594 780 1740 820 Judicium
1753 782 1881 812 Parrum
1893 805 1903 820 ,
1926 783 2069 814 &omnia

1181 839 1302 872 peccata
1324 832 1519 863 dimittuntur
1534 855 1543 870 ‚
1560 829 1634 871 ficut
1656 834 1687 861 in
1709 828 1872 873 baptismo.
1900 830 1988 863 Etin
2006 830 2077 863 lau-.

1183 879 1260 915 dato
1281 880 1322 914 ad
1354 880 1531 914 Gislerium
1556 880 1784 913 Auxit-nanum
1810 880 2010 922 Episcopum
2034 879 2071 912 li-

1186 930 1275 966 bello
1295 932 1429 966 Sanetus
1452 931 1566 964 Petrus
1590 930 1749 964 Damiani
1770 943 1781 963 :
1819 934 1856 963 In
1887 930 1976 962 diliis
2012 932 2071 962 Pa-

1186 991 1266 1015 trum
1285 986 1439 1014 invenitur
1461 980 1626 1020 Monasticae
1652 985 1729 1013 vitae
1761 979 1939 1022 Propositum
1960 980 2010 1023 effe
2028 977 2075 1023 se-

1184 1033 1314 1065 cundum
1337 1029 1509 1073 baptisma.
1539 1031 1582 1064 Et
1606 1030 1640 1063 in
1663 1029 1777 1064 litteris
1799 1031 1840 1064 ad
1867 1030 2074 1064 Gaufredum

1187 1083 1421 1116 Carnutensem
1437 1080 1635 1124 Episcopum
1647 1080 1758 1114 scribit
1772 1081 1947 1114 Goffredus
1961 1079 2075 1115 Abbas
2116 1110 2141 1140 ,b

1187 1130 1437 1165 vindocinensis
1451 1145 1461 1164 .-
1489 1130 1635 1169 Cariffime
1662 1133 1754 1163 Pater
1774 1132 1807 1164 ζῇ·
1831 1135 1955 1164 Domine
1973 1156 1982 1170 ‚
2021 1138 2075 1172 per
2093 1114 2151 1189 {3¹p'
2169 1121 2214 1179 ²9

1184 1188 1294 1224 primae
1314 1186 1561 1225 regenerationis,
1597 1182 1630 1214 (τ
1645 1188 1700 1221 per
1725 1180 1893 1221 Monasticae
1915 1183 2082 1224 Religionis.
2166 1170 2179 1186 ³

1189 1235 1432 1273 sacramentum,
1461 1241 1592 1265 veterem
1602 1231 1707 1273 exuisse
1720 1230 1889 1270 bominem,
1914 1231 1947 1264 Θ·
1969 1242 2078 1264 novum

1190 1283 1311 1325 indutffe
1323 1294 1367 1315 me
1373 1282 1530 1326 profiteor.
1560 1282 1598 1314 ln
1626 1282 1740 1325 scripta
1762 1281 1803 1314 ad
1824 1281 1984 1315 Pontium
2002 1281 2080 1315 Clu-

1192 1333 1376 1367 niacensem
1389 1331 1552 1366 Abbatem
1567 1332 1712 1374 Epistola
1725 1331 1947 1365 Monasticam
1958 1330 2081 1364 vestem
2099 1340 2161 1371 Lib,
2186 1351 2214 1375 4·

1192 1382 1300 1417 titulat
1317 1381 1455 1424 secundas
1475 1389 1706 1424 regenerationis
1738 1381 1874 1415 habitum
1893 1408 1900 1414 .
1938 1383 2081 1415 secunda·
2099 1384 2149 1425 1393
2181 1391 2204 1408 2·

1191 1438 1417 1475 regenerationis
1435 1431 1542 1469 stolam
1564 1432 1597 1464 in
1620 1432 1735 1465 litteris
1748 1431 1788 1464 ad
1803 1431 1996 1465 HameIIum
2013 1431 2084 1466 Ab·
2102 1419 2186 1460 51³¹sp
2213 1429 2257 1450 ¹²·

1192 1482 1298 1515 batem
1321 1479 1575 1518 SandiiAlbini.
1608 1480 1649 1513 Et
1672 1480 1706 1513 in
1727 1480 1843 1514 litteris
1863 1482 1904 1514 ad
1925 1481 2083 1515 Odonem

1193 1530 1326 1573 majoris
1351 1529 1543 1562 Monasterii
1570 1529 1733 1562 Abbatein
1761 1542 1768 1561 z
1803 1534 1841 1562 ln
1861 1537 2084 1573 regeneratione
2106 1537 2190 1576 Epist.
2213 1547 2258 1570 ιι.

1189 1585 1293 1622 prima
1305 1579 1427 1612 Diabolo
1439 1603 1449 1619 ‚
1477 1584 1508 1611 in
1527 1575 1654 1621 secunda
1677 1578 1799 1612 Diabolo
1815 1579 1905 1621 fimul
1925 1582 1959 1614 Ca·
1978 1579 2085 1624 saeculo

1194 1636 1398 1662 renuntiamus
1423 1654 1429 1662 .
1479 1628 1702 1663 Monasticam
1741 1630 1969 1671 profeffionem
2016 1630 2086 1664 vult

1195 1679 1388 1712 Christianae
1410 1680 1442 1711 in
1468 1678 1627 1720 baptismo
1649 1679 1850 1722 profeffionis
1872 1683 1932 1715 esse
1944 1682 2088 1724 comple-

1195 1734 1342 1762 mentum
1358 1754 1366 1763 .
1398 1729 1440 1762 Et
1453 1726 1532 1761 hine
1545 1729 1657 1770 primis
1672 1729 1820 1762 Eccleiiae
1843 1730 1964 1765 saeculis
1990 1732 2088 1765 fervi-

1193 1777 1228 1812 di
1251 1778 1447 1813 Cbristianae
1470 1779 1676 1820 perfestionis
1709 1777 1878 1814 dilectores
1909 1792 2085 1825 utrumque

1195 1828 1351 1872 baptisma
1378 1828 1593 1871 suscipiebant
1618 1829 1731 1862 simul:
1758 1829 1852 1863 simul
1874 1831 1907 1863 ὃς
1929 1831 2088 1864 Christia-

1195 1891 1276 1915 num
1301 1879 1538 1922 profitebantur
1563 1877 1830 1914 &rMonachum
1858 1906 1864 1912 .
1895 1882 1938 1914 Et
1962 1879 2087 1926 Edgari

1195 1928 1387 1973 Anglorum
1410 1929 1514 1972 Regis
1542 1928 1640 1964 sacrae
1671 1929 1757 1972 leges
1791 1928 1913 1964 habent
1942 1931 1983 1964 ad
2009 1932 2088 1965 titus

1194 1979 1262 2012 lum
1283 1978 1324 2012 de
1343 1979 1445 2013 modo
1466 1976 1671 2021 imponendas
1692 1978 1893 2022 poenitentiae
1917 1992 1923 2011 :
1953 1983 1983 2012 si
2015 1987 2087 2023 quis

1194 2030 1378 2062 multimodis
1393 2035 1528 2071 peccatis
1557 2027 1690 2072 seipsum
1714 2030 1807 2063 valde
1830 2029 2086 2071 labefac‘laverit‚

1194 2080 1228 2112 (2⁶
1250 2077 1312 2112 baec
1328 2081 1447 2112 demum
1467 2080 1630 2120 relinquere
1642 2104 1653 2120 ,
1679 2081 1713 2113 (2³
1728 2078 1852 2122 fhllicite?
1872 2085 2014 2124 corrigere
2036 2092 2089 2114 vo-

1194 2130 1281 2162 luem
1302 2151 1313 2167 ,
1338 2130 1462 2162 declinet
1480 2140 1556 2166 ocyus
1580 2130 1622 2162 ad
1641 2129 1848 2168 Monasterium
1872 2156 1882 2171 ‚
1919 2131 2087 2173 ibidemque

1195 2181 1255 2210 Deo
1271 2177 1388 2221 semper
1406 2179 1439 2211 (ν’
1460 2177 1648 2220 bominibus,
1673 2188 1760 2221 prout
1784 2180 1934 2214 docebitur
1954 2206 1966 2222 ,
1992 2180 2087 2224 inser-

1194 2233 1262 2261 viat
1284 2252 1294 2268 ,
1328 2230 1381 2262 vel
1404 2229 1424 2259 ἃ
1441 2235 1544 2269 patria
1567 2227 1699 2271 discedat
1729 2231 1813 2273 longe
1837 2256 1847 2271 ‚
1882 2233 1916 2264 (9⁹
1938 2238 2087 2272 poeniteat

1189 2277 1305 2321 semper
1318 2302 1328 2318 ,
1355 2280 1444 2312 donec
1464 2285 1579 2311 vixerit
1602 2303 1611 2317 ,
1632 2279 1839 2324 succurratque
1857 2280 1968 2324 saltem
1990 2281 2035 2314 bic
2052 2288 2086 2314 in

1194 2337 1276 2362 terra
1302 2334 1412 2361 animae
1435 2327 1501 2371 suae
1521 2329 1744 2371 profundiffima
1755 2332 1957 2365 emendatione
1971 2342 2085 2374 ,quam

1194 2384 1329 2412 invenire
1340 2379 1419 2420 poffit
1442 2404 1451 2418 ‚
1488 2389 1522 2412 ut
1544 2380 1718 2421 docebitur,
1750 2381 1903 2415 Affirmat
1925 2381 2087 2416 Monasti·

1194 2441 1265 2463 cam
1291 2430 1518 2471 professionem
1541 2431 1701 2473 perpetuis
1736 2431 1990 2474 profundiffimae
2021 2444 2091 2474 poe·

1196 2480 1340 2514 nitentiae
1377 2478 1541 2513 laboribus
1577 2480 1767 2523 aequivalere
1789 2507 1796 2514 .
1835 2482 1938 2529 Qiod
1979 2482 2085 2524 ipsum

1196 2528 1408 2572 Hastulpho‚
1437 2529 1492 2572 qui
1521 2531 1680 2572 propriam
1718 2541 1854 2564 uxorem
1891 2530 2084 2572 occiderat,

1196 2580 1356 2622 scripsit&
1369 2580 1461 2613 suasit
1474 2580 1681 2623 perlitteras‚
1708 2582 1742 2614 in
1755 2581 1859 2615 Sanffl
1883 2582 1994 2615 lvonis
2019 2583 2085 2615 De÷

1193 2639 1282 2664 creto
1302 2630 1489 2669 exstantes,
1516 2629 1700 2672 Stephanus
1726 2632 1877 2674 quintus.
1906 2632 1991 2679 Qec
2016 2642 2086 2665 om-

1196 2680 1249 2714 nia
1286 2680 1419 2713 tradunt
1439 2680 1537 2713 etiam
1563 2680 1695 2715 Sanctus
1718 2681 1899 2715 Bernardus
1925 2706 1935 2721 ‚
1962 2682 2083 2723 aliique

1192 2729 1368 2775 graviffimi
1379 2730 1554 2772 Scriptores
1563 2755 1570 2760 .

1244 2780 1432 2813 Graecorum
1456 2779 1691 2825 Eucliologion
1719 2782 1760 2816 ad
1781 2781 1915 2816 titulum
1938 2806 1948 2821 ‚
1976 2786 2082 2815 Oratio

1189 2830 1278 2873 super
1289 2832 1488 2870 Poe-nitentes,
1517 2829 1614 2863 habet
1639 2833 1673 2865 &
1695 2830 1780 2866 hauc
1801 2832 1995 2865 formulam:
2026 2835 2080 2864 Fir

1192 2883 1234 2914 lia
1257 2881 1394 2913 Montalis
1415 2905 1424 2919 ‚
1452 2879 1483 2921 fi
1499 2891 1535 2912 ex
1553 2891 1616 2914 tota
1634 2888 1738 2915 anima
1758 2884 1863 2915 divino
1890 2884 1923 2914 Ca·
1946 2883 2079 2925 Angelico

1193 2943 1297 2973 magno
1316 2929 1431 2963 habitui
1458 2931 1623 2971 Monasticae
1646 2937 1719 2965 vitae
1740 2956 1751 2972 ,
1781 2939 1882 2964 nuntio
1905 2934 2013 2964 mundo
2036 2943 2079 2965 re-

1193 2981 1290 3023 misso,
1317 2989 1346 3013 te
1364 2982 1508 3022 adiungis
1537 3005 1547 3020 ,
1585 2983 1618 3015 (δ’
1633 2984 1710 3022 pure
1733 2982 1859 3024 confeffit
1874 2987 2000 3023 propria
2023 2991 2078 3014 tua

1188 3039 1312 3072 peccata
1330 3036 1362 3063 in
1382 3028 1507 3071 teipsam
1531 3029 1701 3072 insultando
1713 3038 1852 3064 enuntias
1865 3056 1875 3071 ,
1896 3030 2076 3075 praesentem

1193 3081 1407 3122 indulgentiam
1412 3077 1539 3120 suscipe.
1571 3080 1642 3121 Etsi
1659 3086 1807 3114 interieris
1818 3083 1956 3123 quidem,
1986 3087 2078 3115 viati-

1191 3142 1254 3163 cum
1264 3128 1370 3171 salutis
1382 3140 1419 3161 ex
1443 3127 1552 3168 christi
1569 3136 1672 3172 gratia
1694 3131 1750 3163 tibi
1771 3133 1887 3169 aderit,
1907 3130 1952 3171 fin
1975 3141 2076 3165 autem

1192 3180 1373 3213 convalueris
1382 3203 1393 3219 ,
1402 3185 1589 3220 poenitentia·
1598 3180 1654 3212 tibi
1661 3186 1774 3224 pignus
1784 3188 1842 3214 erit
1851 3205 1863 3221 ‚
1884 3189 1917 3214 ut
1927 3193 1985 3214 non
1996 3192 2075 3215 retro

1191 3234 1345 3264 avertaris
1381 3229 1465 3262 velut
1488 3235 1571 3262 canis
1589 3231 1634 3263 ad
1645 3237 1800 3272 proprium
1823 3236 1966 3265 vomitum
1988 3257 1999 3272 ‚
2020 3231 2078 3274 sed

1192 3281 1362 3314 extendaris
1372 3280 1416 3311 ad
1424 3290 1460 3311 ea
1471 3290 1538 3321 quae
1549 3288 1619 3313 ante
1637 3288 1665 3314 te
1684 3279 1780 3323 sunt,
1806 3283 1840 3315 ὠ*
1861 3286 1894 3314 in
1917 3288 2032 3315 virtute
2050 3282 2073 3313 ,ἁ

1192 3333 1253 3363 Deo
1266 3337 1383 3370 accepta
1397 3329 1535 3362 bonorum
1545 3339 1717 3363 aeternorum
1720 3329 1893 3372 fruitionem
1905 3331 1962 3364 tibi
1969 3339 2073 3370 preca-

1189 3388 1259 3412 tura
1266 3379 1405 3421 proficias
1417 3403 1427 3418 ,
1448 3380 1587 3420 precibus
1600 3384 1741 3422 Deiparae
1755 3383 1789 3415 (¹2⁶
1798 3387 1925 3414 omnium
1951 3377 2072 3411 seim‘lo-

1190 3441 1270 3463 rum.
1298 3429 1353 3466 Ad
1390 3439 1487 3473 quam
1522 3440 1760 3468 commentatur
1795 3433 1934 3474 Ioannes
1958 3427 2075 3462 Goarz

1560 3481 1601 3514 M
1628 3491 1662 3514 m
1970 3479 2024 3509 Le·
